{"gold_per_floor":[114,189,189,202,5,46,46,46,46,67,88,7,7,31,31,160,160,173,19,19,32,57,57,15,15,90,90,103,123,123,0,0,0],"floor_reached":33,"playtime":874,"items_purged":[],"score":368,"play_id":"a22e6f78-206d-4ec7-90d4-6bf4f6f15708","local_time":"20190302165102","is_ascension_mode":true,"campfire_choices":[{"floor":7.0,"key":"REST"},{"floor":13.0,"key":"REST"},{"data":"Defragment","floor":15.0,"key":"SMITH"},{"floor":23,"key":"REST"},{"data":"Echo Form","floor":25,"key":"SMITH"},{"data":"White Noise","floor":30,"key":"SMITH"},{"floor":32,"key":"REST"}],"neow_cost":"NONE","seed_source_timestamp":0,"circlet_count":0,"master_deck":["AscendersBane","Strike_B","Strike_B","Strike_B","Defend_B","Defend_B","Defend_B","Defend_B","Zap","Dualcast","White Noise+1","Gash","Echo Form+1","Defragment+1","Static Discharge","Coolheaded","Chill","Amplify","Hologram","Self Repair","Dark Shackles","Go for the Eyes+1","Conserve Battery+1","Ball Lightning"],"special_seed":0,"relics":["Cracked Core","Happy Flower","Golden Idol","The Courier","Symbiotic Virus","Lizard Tail","Runic Capacitor","Matryoshka","Nloth\u0027s Gift"],"potions_floor_usage":[21,22,29],"damage_taken":[{"damage":1.0,"enemies":"Cultist","floor":1.0,"turns":3.0},{"damage":14.0,"enemies":"Small Slimes","floor":4.0,"turns":3.0},{"damage":36.0,"enemies":"Gremlin Nob","floor":6.0,"turns":4.0},{"damage":8.0,"enemies":"Jaw Worm","floor":10.0,"turns":3.0},{"damage":4.0,"enemies":"Red Slaver","floor":11.0,"turns":2.0},{"damage":10.0,"enemies":"Blue Slaver","floor":14.0,"turns":3.0},{"damage":6.0,"enemies":"Hexaghost","floor":16.0,"turns":9.0},{"damage":13,"enemies":"Shell Parasite","floor":18,"turns":9},{"damage":24,"enemies":"3 Byrds","floor":21,"turns":5},{"damage":12,"enemies":"Snake Plant","floor":22,"turns":6},{"damage":20,"enemies":"Centurion and Healer","floor":28,"turns":6},{"damage":15,"enemies":"Cultist and Chosen","floor":29,"turns":7},{"damage":84,"enemies":"Collector","floor":33,"turns":7}],"seed_played":"2519219734654677875","potions_obtained":[{"floor":4.0,"key":"FocusPotion"},{"floor":10.0,"key":"Fire Potion"},{"floor":16.0,"key":"SteroidPotion"},{"floor":18,"key":"PowerPotion"},{"floor":28,"key":"Ancient Potion"}],"is_trial":false,"path_per_floor":["M","?","?","M","$","E","R","?","T","M","M","$","R","M","R","B",null,"M","$","?","M","M","R","$","R","T","?","M","M","R","?","R","B"],"character_chosen":"DEFECT","items_purchased":["Bag of Marbles","Gash","Coolheaded","Poison Potion","Runic Capacitor","Ball Lightning"],"campfire_rested":4,"item_purchase_floors":[5,5,12,12,19,24],"current_hp_per_floor":[67,56,56,42,42,6,26,26,26,18,14,14,34,24,24,18,56,43,43,43,19,14,34,34,34,34,34,14,48,48,48,68,0],"gold":0,"neow_bonus":"RANDOM_COMMON_RELIC","is_prod":false,"is_daily":false,"chose_seed":false,"campfire_upgraded":3,"win_rate":0,"timestamp":1551563462,"path_taken":["M","?","?","M","$","E","R","?","T","?","M","$","R","M","R","BOSS","M","$","?","M","M","R","?","R","T","?","?","M","R","?","R","BOSS"],"build_version":"2019-01-23","purchased_purges":0,"victory":false,"max_hp_per_floor":[75,75,69,69,69,69,69,69,69,69,69,69,69,69,69,69,69,69,69,69,69,69,69,69,69,69,69,69,69,69,69,69,69],"card_choices":[{"not_picked":["Go for the Eyes","Compile Driver","Beam Cell"],"picked":"SKIP","floor":1.0},{"not_picked":["Gash","Go for the Eyes"],"picked":"White Noise","floor":4.0},{"not_picked":["Redo","Barrage"],"picked":"Echo Form","floor":6.0},{"not_picked":["Storm","Go for the Eyes"],"picked":"Defragment","floor":10.0},{"not_picked":["Barrage","Go for the Eyes"],"picked":"Static Discharge","floor":11.0},{"not_picked":["Redo","Skim"],"picked":"Chill","floor":14.0},{"not_picked":["Buffer","Machine Learning"],"picked":"Amplify","floor":16.0},{"not_picked":["Streamline+1","Reinforced Body"],"picked":"Hologram","floor":18},{"not_picked":["Undo","Turbo"],"picked":"Go for the Eyes+1","floor":21},{"not_picked":["Redo+1","Lockon"],"picked":"Conserve Battery+1","floor":22},{"not_picked":["Turbo","Streamline","Hologram"],"picked":"SKIP","floor":28},{"not_picked":["Conserve Battery","Leap","Turbo+1"],"picked":"SKIP","floor":29}],"player_experience":164678,"relics_obtained":[{"floor":6.0,"key":"The Courier"},{"floor":9.0,"key":"Symbiotic Virus"},{"floor":26,"key":"Matryoshka"}],"event_choices":[{"damage_healed":0.0,"max_hp_gain":0.0,"max_hp_loss":0.0,"gold_gain":75.0,"event_name":"World of Goop","player_choice":"Gather Gold","floor":2.0,"gold_loss":0.0,"damage_taken":11.0},{"damage_healed":0.0,"max_hp_gain":0.0,"max_hp_loss":6.0,"gold_gain":0.0,"event_name":"Golden Idol","player_choice":"Lose Max HP","floor":3.0,"gold_loss":0.0,"damage_taken":0.0,"relics_obtained":["Golden Idol"]},{"cards_removed":["Strike_B"],"damage_healed":0.0,"max_hp_gain":0.0,"max_hp_loss":0.0,"gold_gain":0.0,"event_name":"Purifier","player_choice":"Purged","floor":8.0,"gold_loss":0.0,"damage_taken":0.0},{"damage_healed":0,"gold_gain":0,"player_choice":"2 cards matched","damage_taken":0,"max_hp_gain":0,"max_hp_loss":0,"event_name":"Match and Keep!","floor":20,"gold_loss":0,"cards_obtained":["Self Repair","Dark Shackles"]},{"damage_healed":0,"gold_gain":0,"player_choice":"Traded Relic","damage_taken":0,"relics_obtained":["Nloth\u0027s Gift"],"max_hp_gain":0,"max_hp_loss":0,"event_name":"N\u0027loth","floor":27,"relics_lost":["Bag of Marbles"],"gold_loss":0},{"damage_healed":0,"gold_gain":0,"player_choice":"Paid Fearfully","damage_taken":0,"max_hp_gain":0,"max_hp_loss":0,"event_name":"Masked Bandits","floor":31,"gold_loss":123}],"is_beta":false,"boss_relics":[{"not_picked":["FrozenCore","Tiny House"],"picked":"Lizard Tail"}],"items_purged_floors":[],"is_endless":false,"potions_floor_spawned":[4,10,16,18,28],"killed_by":"Collector","ascension_level":10}