{"gold_per_floor":[114,127,143,143,40,40,68,43,90,90],"floor_reached":10,"playtime":303,"items_purged":[],"score":129,"play_id":"26c963cb-8c42-4d3a-ae6d-96a6ca17bdd0","local_time":"20190507215143","is_ascension_mode":true,"campfire_choices":[{"data":"Footwork","floor":6,"key":"SMITH"}],"neow_cost":"NONE","seed_source_timestamp":2347420102171219,"circlet_count":0,"master_deck":["AscendersBane","Defend_G","Defend_G","Defend_G","Defend_G","Defend_G","Strike_G","Strike_G","Strike_G","Strike_G","Survivor","Neutralize","Dagger Throw","Footwork+1","Footwork","Footwork","Caltrops","Cloak And Dagger","Glass Knife","Blur"],"relics":["Ring of the Snake","Regal Pillow","Dodecahedron","Strawberry"],"potions_floor_usage":[7,8],"damage_taken":[{"damage":14,"enemies":"Jaw Worm","floor":1,"turns":8},{"damage":0,"enemies":"Cultist","floor":2,"turns":4},{"damage":0,"enemies":"2 Louse","floor":3,"turns":4},{"damage":36,"enemies":"Gremlin Nob","floor":7,"turns":5},{"damage":7,"enemies":"Exordium Thugs","floor":8,"turns":6},{"damage":0,"enemies":"3 Sentries","floor":10,"turns":7}],"seed_played":"6094828061196160259","potions_obtained":[{"floor":1,"key":"Poison Potion"},{"floor":7,"key":"Dexterity Potion"}],"is_trial":false,"path_per_floor":["M","M","M","?","$","R","E","M","T","E"],"character_chosen":"THE_SILENT","items_purchased":["Caltrops","Cloak And Dagger"],"campfire_rested":0,"item_purchase_floors":[5,5],"current_hp_per_floor":[45,45,45,45,45,45,9,2,9,9],"gold":90,"neow_bonus":"RANDOM_COMMON_RELIC","is_prod":false,"is_daily":false,"chose_seed":false,"campfire_upgraded":1,"win_rate":0,"timestamp":1557280303,"path_taken":["M","M","M","?","$","R","E","M","T","E"],"build_version":"2019-01-23","purchased_purges":0,"victory":false,"max_hp_per_floor":[66,66,66,66,66,66,66,66,73,73],"card_choices":[{"not_picked":["Tactician","Cloak And Dagger"],"picked":"Dagger Throw","floor":1},{"not_picked":["Reflex","Infinite Blades"],"picked":"Footwork","floor":2},{"not_picked":["Prepared","Die Die Die"],"picked":"Footwork","floor":3},{"not_picked":["Dagger Throw","Catalyst"],"picked":"Glass Knife","floor":7},{"not_picked":["All Out Attack","Acrobatics"],"picked":"Blur","floor":8}],"player_experience":337552,"relics_obtained":[{"floor":7,"key":"Dodecahedron"},{"floor":9,"key":"Strawberry"}],"event_choices":[{"damage_healed":0,"gold_gain":0,"cards_transformed":["Strike_G"],"player_choice":"Transformed","damage_taken":0,"max_hp_gain":0,"max_hp_loss":0,"event_name":"Transmorgrifier","floor":4,"gold_loss":0,"cards_obtained":["Footwork"]}],"is_beta":false,"boss_relics":[],"items_purged_floors":[],"is_endless":false,"potions_floor_spawned":[1,7],"killed_by":"3 Sentries","ascension_level":18}