{"gold_per_floor":[13,24,24,24,24,24,24,24,24,44,44,62,62,80,80,176,176,201,251,251,275,298,298,329,329,407,407,131,155,155,173,173,267,267,291,291,310,84,84,127,127],"floor_reached":41,"playtime":1503,"items_purged":[],"score":958,"play_id":"c81f925c-670b-4ccf-9141-967ca9151bed","local_time":"20190822180945","is_ascension_mode":true,"campfire_choices":[{"data":"Strike_B","floor":6.0,"key":"PURGE"},{"data":"Strike_B","floor":8.0,"key":"PURGE"},{"data":"Strike_B","floor":11.0,"key":"PURGE"},{"data":"Ball Lightning","floor":13.0,"key":"SMITH"},{"data":"Cold Snap","floor":15,"key":"SMITH"},{"floor":23,"key":"REST"},{"data":"Seek","floor":25,"key":"SMITH"},{"data":"Loop","floor":27,"key":"SMITH"},{"data":"Electrodynamics","floor":30,"key":"SMITH"},{"data":"Self Repair","floor":32,"key":"SMITH"}],"neow_cost":"NO_GOLD","seed_source_timestamp":56369504543900,"circlet_count":0,"master_deck":["AscendersBane","Defend_B","Zap+1","Dualcast","Glacier","Ball Lightning+1","Reboot","Ball Lightning","Electrodynamics+1","Cold Snap+1","Capacitor+1","White Noise+1","Hello World+1","Steam+1","White Noise+1","Loop+1","Leap+1","Seek+1","Self Repair+1","Conserve Battery","Consume+1","Seek","Stack+1"],"special_seed":0,"relics":["Cracked Core","Peace Pipe","PreservedInsect","Golden Idol","Gremlin Horn","Astrolabe","Bottled Lightning","Mummified Hand","Anchor","Fusion Hammer","ClockworkSouvenir","Regal Pillow","Art of War"],"potions_floor_usage":[16,16,40],"damage_taken":[{"damage":7.0,"enemies":"Jaw Worm","floor":1.0,"turns":3.0},{"damage":0.0,"enemies":"Small Slimes","floor":2.0,"turns":2.0},{"damage":0.0,"enemies":"Cultist","floor":10.0,"turns":3.0},{"damage":2.0,"enemies":"2 Fungi Beasts","floor":12.0,"turns":3.0},{"damage":0,"enemies":"Large Slime","floor":14,"turns":3},{"damage":5,"enemies":"The Guardian","floor":16,"turns":10},{"damage":7,"enemies":"3 Byrds","floor":18,"turns":2},{"damage":15,"enemies":"2 Thieves","floor":21,"turns":4},{"damage":6,"enemies":"Centurion and Healer","floor":22,"turns":7},{"damage":17,"enemies":"Gremlin Leader","floor":24,"turns":4},{"damage":0,"enemies":"Snecko","floor":29,"turns":3},{"damage":0,"enemies":"3 Cultists","floor":31,"turns":2},{"damage":0,"enemies":"Collector","floor":33,"turns":6},{"damage":0,"enemies":"Orb Walker","floor":35,"turns":2},{"damage":8,"enemies":"3 Darklings","floor":37,"turns":3},{"damage":16,"enemies":"Giant Head","floor":40,"turns":6},{"damage":78,"enemies":"Writhing Mass","floor":41,"turns":3}],"seed_played":"-2125308288153762945","potions_obtained":[{"floor":2.0,"key":"Poison Potion"},{"floor":10.0,"key":"Strength Potion"},{"floor":14,"key":"Strength Potion"},{"floor":18,"key":"LiquidBronze"},{"floor":24,"key":"Fire Potion"},{"floor":31,"key":"AttackPotion"}],"is_trial":false,"path_per_floor":["M","M","?","?","?","R","?","R","T","M","R","M","R","M","R","B",null,"M","?","?","M","M","R","E","R","T","R","$","M","R","M","R","B",null,"M","?","M","$","?","E","M"],"character_chosen":"DEFECT","items_purchased":["Anchor","Self Repair","Conserve Battery","ClockworkSouvenir"],"campfire_rested":1,"item_purchase_floors":[28,28,28,38],"current_hp_per_floor":[57,57,57,52,28,28,28,28,28,28,28,26,26,26,26,21,59,52,52,52,37,31,52,35,35,35,35,35,42,42,42,42,52,66,71,71,71,71,71,65,0],"gold":127,"neow_bonus":"ONE_RARE_RELIC","is_prod":false,"is_daily":false,"chose_seed":false,"campfire_upgraded":6,"win_rate":0,"timestamp":1566522585,"path_taken":["M","M","?","?","?","R","?","R","T","M","R","M","R","?","R","BOSS","M","?","?","M","M","R","E","R","T","R","$","M","R","?","R","BOSS","M","?","M","$","?","E","?"],"build_version":"2019-08-15","purchased_purges":0,"victory":false,"max_hp_per_floor":[71,71,71,71,71,71,71,71,71,71,71,71,71,71,71,71,71,71,71,71,71,71,71,71,71,71,71,71,71,71,71,71,71,71,71,71,71,71,71,71,71],"card_choices":[{"not_picked":["Coolheaded","Undo"],"picked":"Glacier","floor":1.0},{"not_picked":["Self Repair","Auto Shields"],"picked":"Ball Lightning","floor":2.0},{"not_picked":["Cold Snap","Go for the Eyes"],"picked":"Ball Lightning","floor":10.0},{"not_picked":["Streamline","Ball Lightning"],"picked":"Electrodynamics","floor":12.0},{"not_picked":["Steam","Stack"],"picked":"Cold Snap","floor":14},{"not_picked":["Machine Learning","Seek"],"picked":"Core Surge","floor":16},{"not_picked":["Sunder","Barrage"],"picked":"Steam+1","floor":18},{"not_picked":["Conserve Battery","Compile Driver"],"picked":"Loop","floor":21},{"not_picked":["Go for the Eyes","Rebound"],"picked":"Leap+1","floor":22},{"not_picked":["Coolheaded","Static Discharge+1"],"picked":"Seek","floor":24},{"not_picked":["Auto Shields","Turbo","Compile Driver"],"picked":"SKIP","floor":29},{"not_picked":["Coolheaded","Glacier"],"picked":"Consume+1","floor":31},{"not_picked":["Hyperbeam","Reboot"],"picked":"Seek","floor":33},{"not_picked":["Rebound","Stack","Turbo"],"picked":"SKIP","floor":35},{"not_picked":["Go for the Eyes","Compile Driver","Redo"],"picked":"SKIP","floor":37},{"not_picked":["Blizzard","Streamline"],"picked":"Stack+1","floor":40}],"player_experience":3038650,"relics_obtained":[{"floor":9.0,"key":"Gremlin Horn"},{"floor":24,"key":"Bottled Lightning"},{"floor":26,"key":"Mummified Hand"},{"floor":40,"key":"Art of War"}],"event_choices":[{"damage_healed":0.0,"max_hp_gain":0.0,"max_hp_loss":0.0,"gold_gain":0.0,"cards_transformed":["Strike_B"],"event_name":"Living Wall","player_choice":"Change","floor":3.0,"gold_loss":0.0,"damage_taken":0.0,"cards_obtained":["Reboot"]},{"damage_healed":0.0,"max_hp_gain":0.0,"max_hp_loss":0.0,"gold_gain":0.0,"event_name":"Scrap Ooze","player_choice":"Success","floor":4.0,"gold_loss":0.0,"damage_taken":5.0,"relics_obtained":["PreservedInsect"]},{"damage_healed":0.0,"max_hp_gain":0.0,"max_hp_loss":0.0,"gold_gain":0.0,"event_name":"Golden Idol","player_choice":"Take Damage","floor":5.0,"gold_loss":0.0,"damage_taken":24.0,"relics_obtained":["Golden Idol"]},{"damage_healed":0.0,"max_hp_gain":0.0,"max_hp_loss":0.0,"gold_gain":0.0,"event_name":"Upgrade Shrine","player_choice":"Upgraded","floor":7.0,"gold_loss":0.0,"damage_taken":0.0,"cards_upgraded":["Zap"]},{"damage_healed":0,"gold_gain":50,"player_choice":"Stole From Cult","damage_taken":0,"max_hp_gain":0,"max_hp_loss":0,"event_name":"Nest","floor":19,"gold_loss":0},{"damage_healed":0,"gold_gain":0,"player_choice":"Copied","damage_taken":0,"max_hp_gain":0,"max_hp_loss":0,"event_name":"Duplicator","floor":20,"gold_loss":0,"cards_obtained":["White Noise"]},{"cards_removed":["Core Surge"],"damage_healed":0,"gold_gain":0,"player_choice":"Removed Attack","damage_taken":0,"max_hp_gain":0,"max_hp_loss":0,"event_name":"Falling","floor":36,"gold_loss":0},{"damage_healed":0,"gold_gain":0,"player_choice":"Gave Potion","damage_taken":0,"relics_obtained":["Regal Pillow"],"max_hp_gain":0,"max_hp_loss":0,"event_name":"WeMeetAgain","floor":39,"gold_loss":0}],"is_beta":true,"boss_relics":[{"not_picked":["FrozenCore","Coffee Dripper"],"picked":"Astrolabe"},{"not_picked":["Cursed Key","Nuclear Battery"],"picked":"Fusion Hammer"}],"items_purged_floors":[],"is_endless":false,"potions_floor_spawned":[2,10,14,18,24,31,33],"killed_by":"Writhing Mass","ascension_level":20}