{"gold_per_floor":[116,116,116,41,60,90,90,120,195,195],"floor_reached":10,"playtime":340,"items_purged":["Decay"],"score":96,"play_id":"902b53bd-bf2f-4cd1-882e-3e63ae61e55e","local_time":"20190830191304","is_ascension_mode":true,"campfire_choices":[{"floor":7,"key":"REST"}],"neow_cost":"NONE","seed_source_timestamp":6306358344815,"circlet_count":0,"master_deck":["Strike_R","Strike_R","Strike_R","Strike_R","Strike_R","Defend_R","Defend_R","Defend_R","Defend_R+1","Bash","Limit Break","Twin Strike","True Grit+1","Inflame","Sword Boomerang"],"relics":["Burning Blood","War Paint","Girya","Question Card"],"potions_floor_usage":[8,8],"damage_taken":[{"damage":21,"enemies":"Jaw Worm","floor":1,"turns":4},{"damage":0,"enemies":"Cultist","floor":5,"turns":3},{"damage":61,"enemies":"Lagavulin","floor":6,"turns":9},{"damage":29,"enemies":"3 Sentries","floor":8,"turns":8},{"damage":6,"enemies":"Lagavulin","floor":10,"turns":5}],"seed_played":"-5515200667107172611","potions_obtained":[{"floor":5,"key":"Swift Potion"},{"floor":6,"key":"AttackPotion"}],"is_trial":false,"path_per_floor":["M","?","?","$","M","E","R","E","T","E"],"character_chosen":"IRONCLAD","items_purchased":[],"campfire_rested":1,"item_purchase_floors":[],"current_hp_per_floor":[57,62,62,62,68,13,38,15,15,9],"gold":195,"neow_bonus":"ONE_RANDOM_RARE_CARD","is_prod":false,"is_daily":false,"chose_seed":false,"campfire_upgraded":0,"win_rate":0,"timestamp":1567159984,"path_taken":["M","?","?","$","?","E","R","E","T","E"],"build_version":"2019-07-17","purchased_purges":1,"victory":false,"max_hp_per_floor":[80,85,85,85,85,85,85,85,85,85],"card_choices":[{"not_picked":["Thunderclap","Wild Strike"],"picked":"Twin Strike","floor":1},{"not_picked":["Perfected Strike","Thunderclap"],"picked":"True Grit","floor":5},{"not_picked":["Clash","Bloodletting"],"picked":"Inflame","floor":6},{"not_picked":["Anger","Fire Breathing"],"picked":"Sword Boomerang","floor":8}],"player_experience":268672,"relics_obtained":[{"floor":6,"key":"War Paint"},{"floor":8,"key":"Girya"},{"floor":9,"key":"Question Card"}],"event_choices":[{"damage_healed":0,"gold_gain":0,"player_choice":"Donut","damage_taken":0,"max_hp_gain":5,"max_hp_loss":0,"event_name":"Big Fish","floor":2,"gold_loss":0},{"damage_healed":0,"gold_gain":0,"player_choice":"Cursed","damage_taken":0,"max_hp_gain":0,"max_hp_loss":0,"event_name":"Wheel of Change","floor":3,"gold_loss":0,"cards_obtained":["Decay"]}],"is_beta":false,"boss_relics":[],"items_purged_floors":[4],"is_endless":false,"potions_floor_spawned":[5,6],"killed_by":"Lagavulin","ascension_level":6}