{"gold_per_floor":[20,32,52,52,52,87,87,87,87,100,4,39,49,49,49,123,123,135,149,149,149,161,161,161,191,214,214,231,249,249,262,262,262],"floor_reached":33,"playtime":1029,"items_purged":[],"score":540,"play_id":"d6390b17-5ed3-4de2-8f11-6db705cd48da","local_time":"20190514203819","is_ascension_mode":true,"campfire_choices":[{"floor":8,"key":"REST"},{"data":"Disarm","floor":15,"key":"SMITH"},{"floor":23,"key":"REST"},{"data":"Perfected Strike","floor":27,"key":"SMITH"},{"floor":30,"key":"REST"},{"data":"Juggernaut","floor":32,"key":"SMITH"}],"neow_cost":"NO_GOLD","seed_source_timestamp":350338747888996,"circlet_count":0,"master_deck":["AscendersBane","Strike_R","Strike_R","Strike_R","Strike_R","Strike_R","Defend_R","Defend_R","Defend_R","Defend_R","Bash","Cleave","Perfected Strike+1","Armaments+1","Corruption","Thunderclap+1","Uppercut+1","Disarm+1","Reaper+1","Uppercut+1","Rage+1","Pummel+1","Parasite","Iron Wave+1","Flame Barrier","Juggernaut+1"],"relics":["Burning Blood","WingedGreaves","Molten Egg 2","Orichalcum","Blood Vial","Cursed Key","Enchiridion","Smiling Mask","Art of War"],"potions_floor_usage":[10,12,12,16,22,25,25,28,33],"damage_taken":[{"damage":2,"enemies":"2 Louse","floor":1,"turns":4},{"damage":9,"enemies":"Jaw Worm","floor":2,"turns":4},{"damage":3,"enemies":"Small Slimes","floor":3,"turns":3},{"damage":59,"enemies":"Gremlin Nob","floor":6,"turns":5},{"damage":9,"enemies":"Gremlin Gang","floor":10,"turns":6},{"damage":25,"enemies":"3 Sentries","floor":12,"turns":7},{"damage":4,"enemies":"Large Slime","floor":13,"turns":4},{"damage":14,"enemies":"Hexaghost","floor":16,"turns":12},{"damage":18,"enemies":"Chosen","floor":18,"turns":5},{"damage":29,"enemies":"3 Byrds","floor":19,"turns":7},{"damage":19,"enemies":"Cultist and Chosen","floor":22,"turns":6},{"damage":17,"enemies":"Slavers","floor":25,"turns":8},{"damage":13,"enemies":"Centurion and Healer","floor":28,"turns":4},{"damage":29,"enemies":"Sentry and Sphere","floor":29,"turns":7},{"damage":16,"enemies":"3 Cultists","floor":31,"turns":5},{"damage":70,"enemies":"Champ","floor":33,"turns":11}],"seed_played":"8718716378333567016","potions_obtained":[{"floor":6,"key":"Block Potion"},{"floor":10,"key":"Swift Potion"},{"floor":13,"key":"SkillPotion"},{"floor":16,"key":"Poison Potion"},{"floor":18,"key":"Block Potion"},{"floor":22,"key":"Block Potion"},{"floor":25,"key":"PowerPotion"},{"floor":28,"key":"FearPotion"}],"is_trial":false,"path_per_floor":["M","M","M","?","?","E","?","R","T","M","$","E","M","$","R","B",null,"M","M","?","?","M","R","?","E","T","R","M","M","R","M","R","B"],"character_chosen":"IRONCLAD","items_purchased":["Uppercut+1","Strength Potion"],"campfire_rested":3,"item_purchase_floors":[11,11],"current_hp_per_floor":[72,69,72,72,72,19,19,41,41,38,38,19,23,23,23,17,61,58,41,20,20,16,38,38,50,50,50,52,33,55,57,57,0],"gold":262,"neow_bonus":"ONE_RARE_RELIC","is_prod":false,"is_daily":false,"chose_seed":false,"campfire_upgraded":3,"win_rate":0,"timestamp":1557880699,"path_taken":["M","M","M","?","?","E","?","R","T","M","?","E","M","$","R","BOSS","M","M","?","?","?","R","?","E","T","R","M","M","R","M","R","BOSS"],"build_version":"2019-01-23","purchased_purges":0,"victory":false,"max_hp_per_floor":[75,75,75,75,75,75,75,75,75,75,75,75,75,75,75,75,75,75,75,75,75,75,75,75,75,75,75,75,75,75,75,75,75],"card_choices":[{"not_picked":["Heavy Blade","Combust"],"picked":"Cleave","floor":1},{"not_picked":["Sentinel","Flex"],"picked":"Perfected Strike","floor":2},{"not_picked":["Wild Strike","Thunderclap"],"picked":"Armaments","floor":3},{"not_picked":["Clothesline","Pommel Strike"],"picked":"Corruption","floor":6},{"not_picked":["Heavy Blade+1","Corruption"],"picked":"Thunderclap+1","floor":10},{"not_picked":["Seeing Red","Sever Soul+1","Anger+1"],"picked":"SKIP","floor":12},{"not_picked":["Feel No Pain","Cleave+1"],"picked":"Disarm","floor":13},{"not_picked":["Limit Break","Barricade"],"picked":"Reaper+1","floor":16},{"not_picked":["Cleave+1","Blood for Blood+1","Clash+1"],"picked":"SKIP","floor":18},{"not_picked":["Clash+1","Iron Wave+1"],"picked":"Uppercut+1","floor":19},{"not_picked":["Entrench","Warcry"],"picked":"Rage+1","floor":22},{"not_picked":["Rage","Thunderclap+1"],"picked":"Pummel+1","floor":25},{"not_picked":["Dual Wield","Rage"],"picked":"Iron Wave+1","floor":28},{"not_picked":["Clash+1","Armaments"],"picked":"Flame Barrier","floor":29},{"not_picked":["Metallicize","Iron Wave+1"],"picked":"Juggernaut","floor":31}],"player_experience":365251,"relics_obtained":[{"floor":6,"key":"Molten Egg 2"},{"floor":9,"key":"Orichalcum"},{"floor":12,"key":"Blood Vial"},{"floor":20,"key":"Enchiridion"},{"floor":25,"key":"Smiling Mask"},{"floor":26,"key":"Art of War"}],"event_choices":[{"damage_healed":0,"gold_gain":0,"player_choice":"Grow","damage_taken":0,"max_hp_gain":0,"max_hp_loss":0,"event_name":"Living Wall","floor":4,"gold_loss":0,"cards_upgraded":["Armaments"]},{"damage_healed":0,"gold_gain":0,"player_choice":"Ignored","damage_taken":0,"max_hp_gain":0,"max_hp_loss":0,"event_name":"Liars Game","floor":5,"gold_loss":0},{"damage_healed":0,"gold_gain":0,"player_choice":"Ignored","damage_taken":0,"max_hp_gain":0,"max_hp_loss":0,"event_name":"Shining Light","floor":7,"gold_loss":0},{"damage_healed":0,"gold_gain":0,"player_choice":"Obtained Book","damage_taken":21,"max_hp_gain":0,"max_hp_loss":0,"event_name":"Cursed Tome","floor":20,"gold_loss":0},{"damage_healed":0,"gold_gain":0,"player_choice":"Ignored","damage_taken":0,"max_hp_gain":0,"max_hp_loss":0,"event_name":"N\u0027loth","floor":21,"gold_loss":0},{"damage_healed":0,"gold_gain":0,"player_choice":"Ignored","damage_taken":0,"max_hp_gain":0,"max_hp_loss":0,"event_name":"The Mausoleum","floor":24,"gold_loss":0}],"is_beta":false,"boss_relics":[{"not_picked":["Coffee Dripper","White Beast Statue"],"picked":"Cursed Key"}],"items_purged_floors":[],"is_endless":false,"potions_floor_spawned":[6,10,13,16,18,22,25,28],"killed_by":"Champ","ascension_level":19}