{"gold_per_floor":[114,129,54,67,11,11,37,37,37,70,70,84,84,97,97,171,171,185,195,195,210,224,224],"floor_reached":23,"playtime":16441,"items_purged":[],"score":406,"play_id":"1c1d29cd-a8f9-4f33-b853-84b5ec350102","local_time":"20190817221805","is_ascension_mode":true,"campfire_choices":[{"data":"Hologram","floor":6,"key":"SMITH"},{"floor":11,"key":"REST"},{"data":"Buffer","floor":15,"key":"SMITH"}],"neow_cost":"NONE","seed_source_timestamp":70567350600832,"circlet_count":0,"master_deck":["AscendersBane","Strike_B","Strike_B","Strike_B","Defend_B+1","Defend_B+1","Defend_B","Defend_B","Zap","Dualcast","Hologram+1","Coolheaded","Streamline","Gash","Conserve Battery","Buffer+1","Sweeping Beam","Ball Lightning","Glacier","Coolheaded","Doom and Gloom","Cold Snap+1","Chill"],"relics":["Cracked Core","Oddly Smooth Stone","Question Card","War Paint","Nuclear Battery"],"potions_floor_usage":[10,22,23],"damage_taken":[{"damage":1,"enemies":"Cultist","floor":1,"turns":4},{"damage":0,"enemies":"2 Louse","floor":2,"turns":4},{"damage":5,"enemies":"Jaw Worm","floor":4,"turns":4},{"damage":31,"enemies":"3 Sentries","floor":7,"turns":7},{"damage":14,"enemies":"Lagavulin","floor":10,"turns":6},{"damage":0,"enemies":"Blue Slaver","floor":12,"turns":5},{"damage":0,"enemies":"2 Fungi Beasts","floor":14,"turns":3},{"damage":26,"enemies":"The Guardian","floor":16,"turns":16},{"damage":9,"enemies":"3 Byrds","floor":18,"turns":7},{"damage":0,"enemies":"Spheric Guardian","floor":19,"turns":6},{"damage":41,"enemies":"Cultist and Chosen","floor":21,"turns":10},{"damage":0,"enemies":"Snecko","floor":22,"turns":6},{"damage":16,"enemies":"Gremlin Leader","floor":23,"turns":2}],"seed_played":"-1020251462166790772","potions_obtained":[{"floor":1,"key":"PowerPotion"},{"floor":12,"key":"FearPotion"},{"floor":14,"key":"SteroidPotion"},{"floor":19,"key":"LiquidBronze"},{"floor":21,"key":"AttackPotion"},{"floor":22,"key":"Ancient Potion"}],"is_trial":false,"path_per_floor":["M","M","?","M","$","R","E","?","T","E","R","M","?","M","R","B",null,"M","M","?","M","M","E"],"character_chosen":"DEFECT","items_purchased":["Conserve Battery"],"campfire_rested":1,"item_purchase_floors":[5],"current_hp_per_floor":[63,63,63,58,58,58,27,27,27,13,34,34,39,39,39,13,60,51,51,51,10,10,0],"gold":224,"neow_bonus":"THREE_CARDS","is_prod":false,"is_daily":false,"chose_seed":false,"campfire_upgraded":2,"win_rate":0,"timestamp":1566094685,"path_taken":["M","?","?","M","$","R","E","?","T","E","R","M","?","M","R","BOSS","M","M","?","M","M","E"],"build_version":"2019-07-17","purchased_purges":0,"victory":false,"max_hp_per_floor":[71,71,71,71,71,71,71,71,71,71,71,71,76,76,76,76,76,76,76,76,76,76,76],"card_choices":[{"not_picked":["Redo","Beam Cell"],"picked":"Hologram","floor":0},{"not_picked":["BootSequence","Turbo"],"picked":"Coolheaded","floor":1},{"not_picked":["Hologram","Go for the Eyes"],"picked":"Streamline","floor":2},{"not_picked":["Stack","Beam Cell"],"picked":"Gash","floor":4},{"not_picked":["Go for the Eyes","Barrage"],"picked":"Buffer","floor":7},{"not_picked":["Capacitor","Conserve Battery","Static Discharge"],"picked":"Sweeping Beam","floor":10},{"not_picked":["Lockon","Aggregate","Fusion"],"picked":"Ball Lightning","floor":12},{"not_picked":["Chill","Steam","Conserve Battery"],"picked":"Glacier","floor":14},{"not_picked":["Steam","Tempest","Stack"],"picked":"Coolheaded","floor":18},{"not_picked":["Storm+1","Barrage","Conserve Battery","Rebound"],"picked":"SKIP","floor":19},{"not_picked":["Barrage","Leap","Beam Cell+1"],"picked":"Cold Snap+1","floor":21},{"not_picked":["Rebound+1","Stack","Sunder"],"picked":"Chill","floor":22}],"player_experience":566912,"relics_obtained":[{"floor":7,"key":"Oddly Smooth Stone"},{"floor":9,"key":"Question Card"},{"floor":10,"key":"War Paint"}],"event_choices":[{"cards_removed":["Strike_B"],"damage_healed":0,"gold_gain":0,"player_choice":"Card Removal","damage_taken":0,"max_hp_gain":0,"max_hp_loss":0,"event_name":"The Cleric","floor":3,"gold_loss":75},{"damage_healed":0,"gold_gain":0,"player_choice":"Ignored","damage_taken":0,"max_hp_gain":0,"max_hp_loss":0,"event_name":"Liars Game","floor":8,"gold_loss":0},{"damage_healed":0,"gold_gain":0,"player_choice":"Donut","damage_taken":0,"max_hp_gain":5,"max_hp_loss":0,"event_name":"Big Fish","floor":13,"gold_loss":0},{"damage_healed":0,"gold_gain":0,"player_choice":"Read","damage_taken":0,"max_hp_gain":0,"max_hp_loss":0,"event_name":"The Library","floor":20,"gold_loss":0,"cards_obtained":["Doom and Gloom"]}],"is_beta":false,"boss_relics":[{"not_picked":["Inserter","Velvet Choker"],"picked":"Nuclear Battery"}],"items_purged_floors":[],"is_endless":false,"potions_floor_spawned":[1,12,14,19,21,22],"killed_by":"Gremlin Leader","ascension_level":20}