{"gold_per_floor":[109,184,21,32,51,51,82,82,164,182,198,4,4,4,4,101,101,114,39,39,57,57,57,57],"floor_reached":24,"playtime":912,"items_purged":["Strike_G"],"score":310,"play_id":"29b51377-8b8f-494a-b022-0dd7ab1f5eaa","local_time":"20190316111429","is_ascension_mode":true,"campfire_choices":[{"data":"Cloak And Dagger","floor":6,"key":"SMITH"},{"floor":8,"key":"REST"},{"data":"Noxious Fumes","floor":15,"key":"SMITH"},{"data":"Catalyst","floor":23,"key":"SMITH"}],"neow_cost":"NONE","seed_source_timestamp":234897261836576,"circlet_count":0,"master_deck":["AscendersBane","Defend_G","Defend_G","Defend_G","Defend_G","Defend_G","Strike_G","Strike_G","Strike_G","Survivor","Neutralize","PiercingWail","Cloak And Dagger+1","Noxious Fumes+1","Sucker Punch","Blade Dance","Catalyst+1","Endless Agony","Crippling Poison","Adrenaline","Deflect","Shame","Escape Plan","Concentrate"],"relics":["Ring of the Snake","Bag of Preparation","Tiny Chest","Toy Ornithopter","Runic Pyramid","Singing Bowl"],"potions_floor_usage":[7,16,16,18],"damage_taken":[{"damage":9,"enemies":"Small Slimes","floor":1,"turns":5},{"damage":2,"enemies":"Jaw Worm","floor":4,"turns":5},{"damage":0,"enemies":"Cultist","floor":5,"turns":5},{"damage":18,"enemies":"3 Sentries","floor":7,"turns":9},{"damage":0,"enemies":"Large Slime","floor":10,"turns":5},{"damage":0,"enemies":"2 Fungi Beasts","floor":11,"turns":4},{"damage":54,"enemies":"Slime Boss","floor":16,"turns":12},{"damage":10,"enemies":"3 Byrds","floor":18,"turns":4},{"damage":12,"enemies":"Spheric Guardian","floor":21,"turns":7},{"damage":41,"enemies":"Gremlin Leader","floor":24,"turns":8}],"seed_played":"8641001006365666992","potions_obtained":[{"floor":5,"key":"Block Potion"},{"floor":7,"key":"Poison Potion"},{"floor":11,"key":"Weak Potion"},{"floor":16,"key":"AttackPotion"}],"is_trial":false,"path_per_floor":["M","?","$","M","M","R","E","R","T","M","M","$","?","?","R","B",null,"M","?","?","M","?","R","E"],"character_chosen":"THE_SILENT","items_purchased":["Noxious Fumes","Sucker Punch","Toy Ornithopter"],"campfire_rested":1,"item_purchase_floors":[3,3,12],"current_hp_per_floor":[54,43,43,41,41,41,23,44,44,44,44,44,67,67,67,16,57,52,52,52,40,40,40,0],"gold":57,"neow_bonus":"THREE_CARDS","is_prod":false,"is_daily":false,"chose_seed":false,"campfire_upgraded":3,"win_rate":0,"timestamp":1552749269,"path_taken":["M","?","?","?","M","R","E","R","T","M","M","$","?","?","R","BOSS","M","?","?","?","?","R","E"],"build_version":"2019-01-23","purchased_purges":1,"victory":false,"max_hp_per_floor":[70,70,70,70,70,70,70,70,70,70,70,70,70,70,70,70,70,70,70,70,70,70,70,70],"card_choices":[{"not_picked":["Caltrops","Underhanded Strike"],"picked":"PiercingWail","floor":0},{"not_picked":["Underhanded Strike","Prepared"],"picked":"Cloak And Dagger","floor":1},{"not_picked":["Skewer","Sucker Punch"],"picked":"Blade Dance","floor":4},{"not_picked":["Deflect","Sucker Punch"],"picked":"Catalyst","floor":5},{"not_picked":["Outmaneuver","Sucker Punch"],"picked":"Endless Agony","floor":7},{"not_picked":["Accuracy","Underhanded Strike","Blade Dance"],"picked":"SKIP","floor":10},{"not_picked":["Infinite Blades","Finisher"],"picked":"Crippling Poison","floor":11},{"not_picked":["Doppelganger","Tools of the Trade"],"picked":"Adrenaline","floor":16},{"not_picked":["Reflex","Outmaneuver"],"picked":"Deflect","floor":18},{"not_picked":["Eviscerate","Backflip"],"picked":"Escape Plan","floor":21}],"player_experience":190689,"relics_obtained":[{"floor":7,"key":"Bag of Preparation"},{"floor":9,"key":"Tiny Chest"}],"event_choices":[{"damage_healed":0,"gold_gain":75,"player_choice":"Gather Gold","damage_taken":11,"max_hp_gain":0,"max_hp_loss":0,"event_name":"World of Goop","floor":2,"gold_loss":0},{"damage_healed":23,"gold_gain":0,"player_choice":"Banana","damage_taken":0,"max_hp_gain":0,"max_hp_loss":0,"event_name":"Big Fish","floor":13,"gold_loss":0},{"damage_healed":0,"gold_gain":0,"player_choice":"Leave","damage_taken":0,"max_hp_gain":0,"max_hp_loss":0,"event_name":"The Cleric","floor":14,"gold_loss":0},{"cards_removed":["Strike_G"],"damage_healed":0,"gold_gain":0,"player_choice":"Gave Gold","damage_taken":0,"max_hp_gain":0,"max_hp_loss":0,"event_name":"Beggar","floor":19,"gold_loss":75},{"damage_healed":0,"gold_gain":0,"player_choice":"Stole Relic","damage_taken":0,"relics_obtained":["Singing Bowl"],"max_hp_gain":0,"max_hp_loss":0,"event_name":"Addict","floor":20,"gold_loss":0,"cards_obtained":["Shame"]},{"damage_healed":0,"gold_gain":0,"player_choice":"Read","damage_taken":0,"max_hp_gain":0,"max_hp_loss":0,"event_name":"The Library","floor":22,"gold_loss":0,"cards_obtained":["Concentrate"]}],"is_beta":false,"boss_relics":[{"not_picked":["White Beast Statue","WristBlade"],"picked":"Runic Pyramid"}],"items_purged_floors":[3],"is_endless":false,"potions_floor_spawned":[5,7,11,16],"killed_by":"Gremlin Leader","ascension_level":12}