{"gold_per_floor":[116,131,131,145,158,219,231,231,285,14,14,14],"floor_reached":12,"playtime":384,"items_purged":[],"score":156,"play_id":"e77da232-c2ca-4df8-9a18-5a6316bf675f","local_time":"20190528180050","is_ascension_mode":true,"campfire_choices":[{"floor":8,"key":"REST"},{"data":"Zap","floor":11,"key":"SMITH"}],"neow_cost":"PERCENT_DAMAGE","seed_source_timestamp":1551169259866095,"circlet_count":0,"master_deck":["AscendersBane","Strike_B","Strike_B","Strike_B","Defend_B","Defend_B","Defend_B","Defend_B","Zap+1","Dualcast","Undo","Go for the Eyes","Chill","Capacitor","Conserve Battery","Blind"],"relics":["Cracked Core","Tiny Chest","Bag of Marbles","Regal Pillow"],"potions_floor_usage":[6,7],"damage_taken":[{"damage":7,"enemies":"Jaw Worm","floor":1,"turns":3},{"damage":0,"enemies":"Cultist","floor":2,"turns":3},{"damage":2,"enemies":"2 Louse","floor":4,"turns":3},{"damage":8,"enemies":"Blue Slaver","floor":5,"turns":4},{"damage":34,"enemies":"3 Sentries","floor":6,"turns":16},{"damage":4,"enemies":"Large Slime","floor":7,"turns":5},{"damage":58,"enemies":"Gremlin Nob","floor":12,"turns":4}],"seed_played":"1123312872960638374","potions_obtained":[{"floor":1,"key":"SneckoOil"},{"floor":6,"key":"AttackPotion"}],"is_trial":false,"path_per_floor":["M","M","?","M","M","E","M","R","T","$","R","E"],"character_chosen":"DEFECT","items_purchased":["Regal Pillow","Blind"],"campfire_rested":1,"item_purchase_floors":[10,10],"current_hp_per_floor":[53,53,53,51,43,9,5,30,30,30,30,0],"gold":14,"neow_bonus":"TWENTY_PERCENT_HP_BONUS","is_prod":false,"is_daily":false,"chose_seed":false,"campfire_upgraded":1,"win_rate":0,"timestamp":1559080850,"path_taken":["M","M","?","M","?","E","M","R","T","$","R","E"],"build_version":"2019-01-23","purchased_purges":0,"victory":false,"max_hp_per_floor":[85,85,85,85,85,85,85,85,85,85,85,85],"card_choices":[{"not_picked":["Loop","Leap"],"picked":"Undo","floor":1},{"not_picked":["Beam Cell","Gash"],"picked":"Go for the Eyes","floor":2},{"not_picked":["Sweeping Beam","Chaos"],"picked":"Chill","floor":4},{"not_picked":["FTL","Steam","Auto Shields"],"picked":"SKIP","floor":5},{"not_picked":["Streamline","Fission"],"picked":"Capacitor","floor":6},{"not_picked":["Storm","Sweeping Beam"],"picked":"Conserve Battery","floor":7}],"player_experience":414194,"relics_obtained":[{"floor":6,"key":"Tiny Chest"},{"floor":9,"key":"Bag of Marbles"}],"event_choices":[{"cards_removed":["Strike_B"],"damage_healed":0,"gold_gain":0,"player_choice":"Offered Basic","damage_taken":0,"max_hp_gain":0,"max_hp_loss":0,"event_name":"Bonfire Elementals","floor":3,"gold_loss":0}],"is_beta":false,"boss_relics":[],"items_purged_floors":[],"is_endless":false,"potions_floor_spawned":[1,6],"killed_by":"Gremlin Nob","ascension_level":19}