{"gold_per_floor":[111,4,15,32,51,51,70,86,86,113,128,144,144,162,162,236,236,247,260,160,160,177,177,177,177,177,75,75,75,25,109,109,187,187,206,231,247,259,259,259,89,102,173,4,4,17,17,67,67,67,67],"floor_reached":52,"playtime":2819,"items_purged":["Strike_B"],"score":1673,"play_id":"c0dec261-97bf-44bd-ae0e-60a29a66dc22","local_time":"20181004015340","is_ascension_mode":true,"campfire_choices":[{"data":"Sunder","floor":6.0,"key":"SMITH"},{"data":"Defragment","floor":13.0,"key":"SMITH"},{"data":"Biased Cognition","floor":15.0,"key":"SMITH"},{"data":"Zap","floor":23.0,"key":"SMITH"},{"data":"Hologram","floor":25.0,"key":"SMITH"},{"data":"Discovery","floor":28.0,"key":"SMITH"},{"data":"Dualcast","floor":32.0,"key":"SMITH"},{"data":"Biased Cognition","floor":40.0,"key":"SMITH"},{"data":"Capacitor","floor":45.0,"key":"SMITH"},{"data":"Go for the Eyes","floor":47,"key":"SMITH"},{"floor":49,"key":"REST"}],"neow_cost":"NONE","seed_source_timestamp":1766654810657919,"circlet_count":0,"master_deck":["Strike_B+1","Strike_B+1","Defend_B+1","Defend_B+1","Defend_B+1","Defend_B+1","Zap+1","Dualcast+1","AscendersBane","Glacier","Sunder+1","Coolheaded","Steam","Cold Snap","Go for the Eyes+1","Self Repair","Streamline+1","FTL","Conserve Battery","Defragment+1","Biased Cognition+1","Echo Form","FTL","Ball Lightning","Hologram+1","Self Repair","Discovery+1","Biased Cognition+1","Aggregate+1","Beam Cell+1","Capacitor+1","Compile Driver+1"],"special_seed":0,"relics":["FrozenCore","Shuriken","Pantograph","Symbiotic Virus","Tiny Chest","Busted Crown","Lantern","Bottled Tornado","Oddly Smooth Stone","Boot"],"potions_floor_usage":[50,51],"damage_taken":[{"damage":0.0,"enemies":"Cultist","floor":1.0,"turns":3.0},{"damage":0.0,"enemies":"2 Louse","floor":3.0,"turns":4.0},{"damage":3.0,"enemies":"Small Slimes","floor":4.0,"turns":3.0},{"damage":3.0,"enemies":"Gremlin Gang","floor":5.0,"turns":6.0},{"damage":0.0,"enemies":"Large Slime","floor":7.0,"turns":6.0},{"damage":3.0,"enemies":"Lots of Slimes","floor":8.0,"turns":7.0},{"damage":6.0,"enemies":"Lagavulin","floor":10.0,"turns":11.0},{"damage":11.0,"enemies":"Exordium Wildlife","floor":11.0,"turns":4.0},{"damage":0.0,"enemies":"2 Fungi Beasts","floor":12.0,"turns":3.0},{"damage":6.0,"enemies":"Gremlin Gang","floor":14.0,"turns":5.0},{"damage":17.0,"enemies":"Hexaghost","floor":16.0,"turns":15.0},{"damage":0.0,"enemies":"Spheric Guardian","floor":18.0,"turns":5.0},{"damage":8.0,"enemies":"3 Byrds","floor":19.0,"turns":8.0},{"damage":12.0,"enemies":"Snake Plant","floor":22.0,"turns":6.0},{"damage":0.0,"enemies":"Gremlin Leader","floor":29.0,"turns":1.0},{"damage":56.0,"enemies":"Champ","floor":33.0,"turns":13.0},{"damage":1.0,"enemies":"Orb Walker","floor":35.0,"turns":4.0},{"damage":0.0,"enemies":"3 Shapes","floor":37.0,"turns":6.0},{"damage":8.0,"enemies":"Sphere and 2 Shapes","floor":38.0,"turns":7.0},{"damage":46.0,"enemies":"Spire Growth","floor":42.0,"turns":6.0},{"damage":6,"enemies":"Maw","floor":46,"turns":8},{"damage":3,"enemies":"Time Eater","floor":50,"turns":19},{"damage":14,"enemies":"Donu and Deca","floor":51,"turns":9}],"seed_played":"8964982109919273306","potions_obtained":[{"floor":5.0,"key":"SkillPotion"},{"floor":8.0,"key":"EssenceOfSteel"},{"floor":11.0,"key":"SkillPotion"},{"floor":12.0,"key":"SmokeBomb"},{"floor":18.0,"key":"Block Potion"},{"floor":33.0,"key":"FearPotion"},{"floor":35.0,"key":"Block Potion"}],"is_trial":false,"path_per_floor":["M","$","M","M","M","R","M","M","T","E","M","M","R","M","R","B",null,"M","M","$","?","M","R","?","R","T","$","R","E","?","T","R","B",null,"M","T","M","M","$","R","$","M","T","$","R","M","R","T","R","B","B"],"character_chosen":"DEFECT","items_purchased":["Sunder","Coolheaded","Hologram","Discovery","Capacitor","Ancient Potion","Oddly Smooth Stone"],"campfire_rested":1,"item_purchase_floors":[2,2,20,27,41,41,44],"current_hp_per_floor":[64,64,64,61,58,58,58,62,62,63,59,59,59,53,53,61,69,69,68,68,68,70,70,71,71,71,71,71,71,71,71,71,29,61,71,71,71,71,71,71,71,39,39,39,39,47,47,47,68,71,71],"gold":67,"neow_bonus":"TRANSFORM_CARD","is_prod":false,"is_daily":false,"chose_seed":false,"campfire_upgraded":10,"win_rate":0,"timestamp":1538643220,"path_taken":["M","?","M","?","M","R","M","M","T","E","?","?","R","?","R","BOSS","M","M","$","?","M","R","?","R","T","$","R","E","?","?","R","BOSS","M","?","?","M","$","R","$","?","T","$","R","M","R","?","R","BOSS","BOSS"],"build_version":"2018-10-02","purchased_purges":1,"victory":true,"max_hp_per_floor":[71,71,71,71,71,71,71,71,71,71,71,71,71,71,71,71,71,71,71,71,71,71,71,71,71,71,71,71,71,71,71,71,71,71,71,71,71,71,71,71,71,71,71,71,71,71,71,71,71,71,71],"card_choices":[{"not_picked":["Barrage","Stack"],"picked":"Glacier","floor":1.0},{"not_picked":["Hello World","Fusion"],"picked":"Steam","floor":3.0},{"not_picked":["Hello World","Stack"],"picked":"Cold Snap","floor":4.0},{"not_picked":["Fusion","Compile Driver"],"picked":"Go for the Eyes","floor":5.0},{"not_picked":["Leap","Undo"],"picked":"Self Repair","floor":7.0},{"not_picked":["Steam","Sweeping Beam"],"picked":"Streamline","floor":8.0},{"not_picked":["Streamline","Consume"],"picked":"FTL","floor":10.0},{"not_picked":["Reinforced Body","Steam Power"],"picked":"Conserve Battery","floor":11.0},{"not_picked":["Lockon","Ball Lightning"],"picked":"Defragment","floor":12.0},{"not_picked":["Streamline","Conserve Battery"],"picked":"Biased Cognition","floor":14.0},{"not_picked":["Thunder Strike","Meteor Strike"],"picked":"Echo Form","floor":16.0},{"not_picked":["Consume","Coolheaded"],"picked":"FTL","floor":18.0},{"not_picked":["Conserve Battery","Darkness"],"picked":"Ball Lightning","floor":19.0},{"not_picked":["Consume+1","Scrape"],"picked":"Self Repair","floor":22.0},{"not_picked":["Meteor Strike","Multi-Cast"],"picked":"Biased Cognition","floor":33.0},{"not_picked":[],"picked":"Aggregate+1","floor":35.0},{"not_picked":["Barrage"],"picked":"SKIP","floor":37.0},{"not_picked":[],"picked":"Beam Cell+1","floor":38.0},{"not_picked":[],"picked":"Compile Driver+1","floor":42.0},{"not_picked":["Rebound"],"picked":"SKIP","floor":46}],"player_experience":2471310,"relics_obtained":[{"floor":9.0,"key":"Shuriken"},{"floor":10.0,"key":"Pantograph"},{"floor":26.0,"key":"Symbiotic Virus"},{"floor":31.0,"key":"Tiny Chest"},{"floor":36.0,"key":"Lantern"},{"floor":43.0,"key":"Bottled Tornado"},{"floor":48,"key":"Boot"}],"event_choices":[{"event_name":"Back to Basics","player_choice":"Simplicity","floor":21.0,"damage_taken":0.0},{"event_name":"Bonfire Elementals","player_choice":"UNCOMMON","floor":24.0,"damage_taken":0.0},{"event_name":"Designer","player_choice":"Upgrade Card","floor":30.0,"damage_taken":0.0}],"is_beta":true,"boss_relics":[{"not_picked":["White Beast Statue","Calling Bell"],"picked":"FrozenCore"},{"not_picked":["Eternal Feather","Velvet Choker"],"picked":"Busted Crown"}],"items_purged_floors":[20],"is_endless":false,"potions_floor_spawned":[5,8,10,11,12,18,29,33,35,42],"ascension_level":20}