{"gold_per_floor":[109,123,48,68,81,81,107,107,131,143,155,197,209,246,258,368,380,362,445,467,479,416,428,471,495,507,550,661,702,714,213,213,317,317,333,333,352,368,368,368,393,410,436,450,478,478,827,827,827,827,827,827,0,32,32],"floor_reached":56,"playtime":3757,"items_purged":["Strike_R","Defend_R","Strike_R"],"score":1624,"play_id":"eb80c807-9a18-4bfd-883d-2ab138b4f168","local_time":"20190901191229","is_ascension_mode":true,"campfire_choices":[{"data":"Barricade","floor":6.0,"key":"SMITH"},{"data":"Body Slam","floor":8.0,"key":"SMITH"},{"data":"Shrug It Off","floor":10.0,"key":"SMITH"},{"data":"Metallicize","floor":15.0,"key":"SMITH"},{"floor":23.0,"key":"RECALL"},{"data":"Entrench","floor":30,"key":"SMITH"},{"data":"Bash","floor":32,"key":"SMITH"},{"data":"Defend_R","floor":40,"key":"SMITH"},{"data":"Body Slam","floor":46,"key":"SMITH"},{"data":"1","floor":49,"key":"LIFT"},{"data":"2","floor":52,"key":"LIFT"}],"neow_cost":"PERCENT_DAMAGE","seed_source_timestamp":500640041831762,"circlet_count":0,"master_deck":["Defend_R+1","Defend_R+1","Bash+1","Metallicize+1","Body Slam+1","Barricade+1","Shrug It Off+1","Entrench+1","Finesse+1","Body Slam+1","Shrug It Off+1","Battle Trance+1"],"special_seed":0,"relics":["Burning Blood","Vajra","MawBank","Blood Vial","Charon\u0027s Ashes","Philosopher\u0027s Stone","Bottled Flame","Anchor","Bottled Tornado","Pantograph","Happy Flower","Toxic Egg 2","Regal Pillow","Sozu","Girya","War Paint","Old Coin","CultistMask","Red Skull","Calipers","Chemical X","Art of War"],"potions_floor_usage":[29],"damage_taken":[{"damage":0.0,"enemies":"Small Slimes","floor":1.0,"turns":4.0},{"damage":0.0,"enemies":"2 Louse","floor":2.0,"turns":4.0},{"damage":1.0,"enemies":"Cultist","floor":4.0,"turns":5.0},{"damage":6.0,"enemies":"Large Slime","floor":5.0,"turns":10.0},{"damage":4.0,"enemies":"Lagavulin","floor":7.0,"turns":10.0},{"damage":15.0,"enemies":"Gremlin Nob","floor":12.0,"turns":5.0},{"damage":7.0,"enemies":"3 Sentries","floor":14.0,"turns":13.0},{"damage":8.0,"enemies":"Hexaghost","floor":16.0,"turns":9.0},{"damage":15.0,"enemies":"2 Thieves","floor":18.0,"turns":5.0},{"damage":0.0,"enemies":"Shell Parasite","floor":20.0,"turns":7.0},{"damage":27.0,"enemies":"Gremlin Leader","floor":24.0,"turns":6.0},{"damage":11.0,"enemies":"Chosen and Byrds","floor":25.0,"turns":5.0},{"damage":13.0,"enemies":"Book of Stabbing","floor":27.0,"turns":5.0},{"damage":20,"enemies":"Slavers","floor":29,"turns":9},{"damage":0,"enemies":"Automaton","floor":33,"turns":5},{"damage":0,"enemies":"Orb Walker","floor":35,"turns":3},{"damage":8,"enemies":"3 Shapes","floor":37,"turns":5},{"damage":0,"enemies":"Spire Growth","floor":38,"turns":4},{"damage":0,"enemies":"Reptomancer","floor":41,"turns":4},{"damage":0,"enemies":"Transient","floor":42,"turns":4},{"damage":0,"enemies":"Writhing Mass","floor":44,"turns":3},{"damage":0,"enemies":"Nemesis","floor":45,"turns":3},{"damage":20,"enemies":"2 Orb Walkers","floor":47,"turns":3},{"damage":31,"enemies":"Donu and Deca","floor":50,"turns":9},{"damage":8,"enemies":"Shield and Spear","floor":54,"turns":5},{"damage":61,"enemies":"The Heart","floor":55,"turns":6}],"seed_played":"6683683558466933265","potions_obtained":[{"floor":1.0,"key":"AttackPotion"},{"floor":4.0,"key":"Poison Potion"},{"floor":16.0,"key":"Regen Potion"},{"floor":20.0,"key":"Regen Potion"},{"floor":25.0,"key":"GamblersBrew"}],"is_trial":false,"path_per_floor":["M","M","$","M","M","R","E","R","T","R","?","E","?","E","R","B",null,"M","T","M","?","?","R","E","M","T","E","?","E","R","$","R","B",null,"M","?","M","M","?","R","E","M","T","M","E","R","?","?","R","B",null,"R","$","E","B",null],"character_chosen":"IRONCLAD","items_purchased":["Toxic Egg 2","Regal Pillow","Shrug It Off+1","Red Skull","Calipers","Chemical X"],"campfire_rested":0,"item_purchase_floors":[31,31,53,53,53,53],"current_hp_per_floor":[62,68,68,73,73,73,75,75,75,75,59,50,50,51,51,51,73,66,66,74,74,74,74,78,75,75,70,70,58,58,58,58,80,80,80,80,78,80,80,80,80,80,80,80,80,80,66,66,66,55,74,74,74,74,25],"gold":32,"neow_bonus":"REMOVE_TWO","is_prod":false,"is_daily":false,"chose_seed":false,"campfire_upgraded":8,"win_rate":0,"timestamp":1567357949,"path_taken":["M","M","$","M","M","R","E","R","T","R","?","E","?","E","R","BOSS","M","?","M","?","?","R","E","M","T","E","?","E","R","$","R","BOSS","M","?","M","M","?","R","E","M","T","M","E","R","?","?","R","BOSS","R","$","E","BOSS"],"build_version":"2019-07-17","purchased_purges":3,"victory":true,"max_hp_per_floor":[80,80,80,80,80,80,80,80,80,80,80,80,80,80,80,80,80,80,80,80,80,80,80,80,80,80,80,80,80,80,80,80,80,80,80,80,80,80,80,80,80,80,80,80,80,80,80,80,80,80,80,80,80,80,80],"card_choices":[{"not_picked":["Sentinel","Pommel Strike"],"picked":"Metallicize","floor":1.0},{"not_picked":["Thunderclap","Seeing Red"],"picked":"Body Slam","floor":2.0},{"not_picked":["Twin Strike","Sword Boomerang","Warcry"],"picked":"SKIP","floor":4.0},{"not_picked":["Clothesline","Metallicize"],"picked":"Barricade","floor":5.0},{"not_picked":["Dark Embrace","Headbutt"],"picked":"Shrug It Off","floor":7.0},{"not_picked":["Bloodletting","Combust","Armaments"],"picked":"SKIP","floor":12.0},{"not_picked":["Pommel Strike","Clash","Twin Strike"],"picked":"SKIP","floor":14.0},{"not_picked":["Spot Weakness","Clash","Anger+1"],"picked":"SKIP","floor":18.0},{"not_picked":["Feel No Pain+1","Perfected Strike+1","Clash"],"picked":"SKIP","floor":20.0},{"not_picked":["Iron Wave+1","Armaments","Ghostly Armor+1"],"picked":"SKIP","floor":24.0},{"not_picked":["Perfected Strike","Clash+1","Pommel Strike+1"],"picked":"SKIP","floor":25.0},{"not_picked":["Havoc+1","Headbutt"],"picked":"Entrench","floor":27.0},{"not_picked":["Power Through","Dual Wield+1","Pommel Strike+1"],"picked":"SKIP","floor":29},{"not_picked":["Dropkick","Whirlwind+1","Rupture"],"picked":"SKIP","floor":35},{"not_picked":["Heavy Blade+1","Ghostly Armor+1","Searing Blow+1"],"picked":"SKIP","floor":37},{"not_picked":["Armaments+1","Dropkick","Evolve+1"],"picked":"SKIP","floor":38},{"not_picked":["Dramatic Entrance","Panacea+1"],"picked":"Finesse+1","floor":39},{"not_picked":["Pummel+1","Inflame"],"picked":"Body Slam","floor":41},{"not_picked":["Spot Weakness+1","Feel No Pain","Clash"],"picked":"SKIP","floor":42},{"not_picked":["Wild Strike","Sword Boomerang","Blood for Blood"],"picked":"SKIP","floor":44},{"not_picked":["Warcry+1","Headbutt","Sever Soul+1"],"picked":"SKIP","floor":45},{"not_picked":["Warcry+1","Headbutt","Sever Soul+1"],"picked":"SKIP","floor":45},{"not_picked":["Bludgeon","Clothesline"],"picked":"Battle Trance+1","floor":54}],"player_experience":135723,"relics_obtained":[{"floor":7.0,"key":"Vajra"},{"floor":9.0,"key":"MawBank"},{"floor":12.0,"key":"Blood Vial"},{"floor":14.0,"key":"Charon\u0027s Ashes"},{"floor":19.0,"key":"Bottled Flame"},{"floor":24.0,"key":"Anchor"},{"floor":26.0,"key":"Bottled Tornado"},{"floor":27.0,"key":"Pantograph"},{"floor":29,"key":"Happy Flower"},{"floor":41,"key":"Girya"},{"floor":45,"key":"War Paint"},{"floor":47,"key":"Old Coin"},{"floor":54,"key":"Art of War"}],"event_choices":[{"damage_healed":0.0,"max_hp_gain":0.0,"max_hp_loss":0.0,"gold_gain":0.0,"event_name":"Shining Light","player_choice":"Entered Light","floor":11.0,"gold_loss":0.0,"damage_taken":16.0,"cards_upgraded":["Defend_R","Strike_R"]},{"damage_healed":0.0,"max_hp_gain":0.0,"max_hp_loss":0.0,"gold_gain":0.0,"event_name":"Match and Keep!","player_choice":"0 cards matched","floor":13.0,"gold_loss":0.0,"damage_taken":0.0,"cards_obtained":[]},{"damage_healed":0.0,"max_hp_gain":0.0,"max_hp_loss":0.0,"gold_gain":0.0,"event_name":"Ghosts","player_choice":"Ignored","floor":21.0,"gold_loss":0.0,"damage_taken":0.0},{"cards_removed":["Defend_R"],"damage_healed":0.0,"max_hp_gain":0.0,"max_hp_loss":0.0,"gold_gain":0.0,"event_name":"Beggar","player_choice":"Gave Gold","floor":22.0,"gold_loss":75.0,"damage_taken":0.0},{"damage_healed":0.0,"max_hp_gain":0.0,"max_hp_loss":0.0,"gold_gain":99.0,"event_name":"Nest","player_choice":"Stole From Cult","floor":28.0,"gold_loss":0.0,"damage_taken":0.0},{"cards_removed":["Strike_R"],"damage_healed":0,"gold_gain":0,"player_choice":"Removed Attack","damage_taken":0,"max_hp_gain":0,"max_hp_loss":0,"event_name":"Falling","floor":36,"gold_loss":0},{"damage_healed":0,"gold_gain":0,"player_choice":"Memory 1","damage_taken":0,"max_hp_gain":0,"max_hp_loss":0,"event_name":"SensoryStone","floor":39,"gold_loss":0},{"damage_healed":0,"gold_gain":0,"player_choice":"Fight","damage_taken":0,"max_hp_gain":0,"max_hp_loss":0,"event_name":"Mysterious Sphere","floor":47,"gold_loss":0},{"damage_healed":0,"gold_gain":0,"player_choice":"Trade","damage_taken":0,"relics_obtained":["CultistMask"],"max_hp_gain":0,"max_hp_loss":0,"event_name":"FaceTrader","floor":48,"gold_loss":0}],"is_beta":false,"boss_relics":[{"not_picked":["Cursed Key","Black Blood"],"picked":"Philosopher\u0027s Stone"},{"not_picked":["Pandora\u0027s Box","Velvet Choker"],"picked":"Sozu"}],"items_purged_floors":[3,31,53],"is_endless":false,"potions_floor_spawned":[1,4,16,20,25,37,41,42,44],"ascension_level":5}