{"gold_per_floor":[113,12,12,31,31,59,59,59,59,59,59,76,102,27,27,101,101,81,6,6,17,36,36,36,70,70,81,5,5,38,51,51,51],"floor_reached":33,"playtime":708,"items_purged":["Regret"],"score":682,"play_id":"7733468c-6cb7-408f-897b-1c67bc01726b","local_time":"20190830014555","is_ascension_mode":true,"campfire_choices":[{"data":"Deadly Poison","floor":7,"key":"SMITH"},{"data":"Neutralize","floor":11,"key":"SMITH"},{"data":"Deadly Poison","floor":15,"key":"SMITH"},{"floor":23,"key":"REST"},{"floor":29,"key":"REST"},{"floor":32,"key":"REST"}],"neow_cost":"NONE","seed_source_timestamp":1135867718758728,"circlet_count":0,"master_deck":["AscendersBane","Strike_G+1","Strike_G+1","Strike_G+1","Strike_G+1","Strike_G+1","Defend_G+1","Defend_G+1","Defend_G+1","Defend_G+1","Defend_G+1","Survivor","Neutralize+1","Poisoned Stab","Swift Strike","Deadly Poison+1","Parasite","Deadly Poison+1","Adrenaline","Quick Slash","Infinite Blades","Catalyst","Cloak And Dagger","Noxious Fumes","Underhanded Strike","Cloak And Dagger","Deflect","Quick Slash"],"relics":["Ring of the Snake","NeowsBlessing","Boot","Bag of Preparation","Tingsha","Letter Opener","PreservedInsect","HoveringKite","Mercury Hourglass","Gremlin Horn","Ginger"],"potions_floor_usage":[13,16,22,22,25,27],"damage_taken":[{"damage":0,"enemies":"Jaw Worm","floor":1,"turns":1},{"damage":0,"enemies":"2 Louse","floor":4,"turns":1},{"damage":0,"enemies":"Gremlin Nob","floor":6,"turns":1},{"damage":6,"enemies":"Cultist","floor":12,"turns":3},{"damage":0,"enemies":"Lagavulin","floor":13,"turns":5},{"damage":21,"enemies":"The Guardian","floor":16,"turns":8},{"damage":21,"enemies":"2 Thieves","floor":18,"turns":4},{"damage":15,"enemies":"Shell Parasite","floor":21,"turns":4},{"damage":0,"enemies":"Centurion and Healer","floor":22,"turns":5},{"damage":10,"enemies":"Slavers","floor":25,"turns":4},{"damage":4,"enemies":"3 Cultists","floor":27,"turns":3},{"damage":12,"enemies":"Gremlin Leader","floor":30,"turns":3},{"damage":2,"enemies":"Snake Plant","floor":31,"turns":3},{"damage":48,"enemies":"Automaton","floor":33,"turns":4}],"seed_played":"9085393098288327814","potions_obtained":[{"floor":6,"key":"SkillPotion"},{"floor":12,"key":"Swift Potion"},{"floor":13,"key":"Strength Potion"},{"floor":16,"key":"Strength Potion"},{"floor":21,"key":"Swift Potion"},{"floor":24,"key":"SteroidPotion"},{"floor":24,"key":"Ancient Potion"},{"floor":25,"key":"Explosive Potion"}],"is_trial":false,"path_per_floor":["M","$","?","M","?","E","R","?","T","?","R","M","E","$","R","B",null,"M","$","?","M","M","R","?","E","T","M","$","R","E","M","R","B"],"character_chosen":"THE_SILENT","items_purchased":["Swift Strike","Infinite Blades","Underhanded Strike","Cloak And Dagger"],"campfire_rested":3,"item_purchase_floors":[2,19,28,28],"current_hp_per_floor":[59,59,59,59,39,39,39,55,55,44,44,38,38,38,38,17,54,33,33,33,18,18,37,37,27,27,23,23,42,30,28,47,0],"gold":51,"neow_bonus":"THREE_ENEMY_KILL","is_prod":false,"is_daily":false,"chose_seed":false,"campfire_upgraded":3,"win_rate":0,"timestamp":1567143955,"path_taken":["M","$","?","M","?","E","R","?","T","?","R","M","E","$","R","BOSS","M","$","?","M","M","R","?","E","T","?","?","R","E","M","R","BOSS"],"build_version":"2019-07-17","purchased_purges":1,"victory":false,"max_hp_per_floor":[66,66,66,66,66,66,66,66,66,66,66,66,66,66,66,66,66,66,66,66,66,66,66,66,66,66,66,66,66,66,66,66,66],"card_choices":[{"not_picked":["Quick Slash","Dodge and Roll"],"picked":"Poisoned Stab","floor":1},{"not_picked":["Accuracy","All Out Attack"],"picked":"Deadly Poison","floor":4},{"not_picked":["Blade Dance","Deadly Poison","Infinite Blades"],"picked":"SKIP","floor":6},{"not_picked":["All Out Attack","Tactician","Deadly Poison"],"picked":"SKIP","floor":12},{"not_picked":["Outmaneuver","Blade Dance"],"picked":"Deadly Poison","floor":13},{"not_picked":["Die Die Die","Doppelganger"],"picked":"Adrenaline","floor":16},{"not_picked":["Slice","Finisher"],"picked":"Quick Slash","floor":18},{"not_picked":["Dodge and Roll","Flying Knee"],"picked":"Catalyst","floor":21},{"not_picked":["Underhanded Strike","Footwork"],"picked":"Cloak And Dagger","floor":22},{"not_picked":["Outmaneuver","Flechettes+1","Deadly Poison"],"picked":"SKIP","floor":25},{"not_picked":["Dagger Throw","Accuracy"],"picked":"Noxious Fumes","floor":27},{"not_picked":["Masterful Stab","Finisher"],"picked":"Deflect","floor":30},{"not_picked":["Setup","Venomology"],"picked":"Quick Slash","floor":31}],"player_experience":613410,"relics_obtained":[{"floor":6,"key":"Bag of Preparation"},{"floor":9,"key":"Tingsha"},{"floor":13,"key":"PreservedInsect"},{"floor":25,"key":"Mercury Hourglass"},{"floor":26,"key":"Gremlin Horn"},{"floor":30,"key":"Ginger"}],"event_choices":[{"damage_healed":0,"gold_gain":0,"player_choice":"Box","damage_taken":0,"relics_obtained":["Boot"],"max_hp_gain":0,"max_hp_loss":0,"event_name":"Big Fish","floor":3,"gold_loss":0,"cards_obtained":["Regret"]},{"damage_healed":0,"gold_gain":0,"player_choice":"Entered Light","damage_taken":20,"max_hp_gain":0,"max_hp_loss":0,"event_name":"Shining Light","floor":5,"gold_loss":0,"cards_upgraded":["Defend_G","Defend_G"]},{"damage_healed":16,"gold_gain":0,"player_choice":"Healed and dodged fight","damage_taken":0,"max_hp_gain":0,"max_hp_loss":0,"event_name":"Mushrooms","floor":8,"gold_loss":0,"cards_obtained":["Parasite"]},{"damage_healed":0,"gold_gain":0,"player_choice":"Success","damage_taken":11,"relics_obtained":["Letter Opener"],"max_hp_gain":0,"max_hp_loss":0,"event_name":"Scrap Ooze","floor":10,"gold_loss":0},{"damage_healed":0,"gold_gain":0,"player_choice":"Simplicity","damage_taken":0,"max_hp_gain":0,"max_hp_loss":0,"event_name":"Back to Basics","floor":20,"gold_loss":0,"cards_upgraded":["Strike_G","Strike_G","Strike_G","Strike_G","Strike_G","Defend_G","Defend_G","Defend_G"]},{"damage_healed":0,"gold_gain":0,"player_choice":"Got Potions","damage_taken":0,"max_hp_gain":0,"max_hp_loss":0,"event_name":"Lab","floor":24,"gold_loss":0}],"is_beta":false,"boss_relics":[{"not_picked":["Pandora\u0027s Box","Busted Crown"],"picked":"HoveringKite"}],"items_purged_floors":[14],"is_endless":false,"potions_floor_spawned":[6,12,13,16,21,25],"killed_by":"Automaton","ascension_level":20}