{"gold_per_floor":[115,63,13,13,30,30,60,60,142,142,175,175,189,208,208,305,305,315,332,332,351,351,351,383,383,383,415,415,415,415,514,514,618,618,638,638,650,650,650,681,681,691,714,714,62,76,76,93,93,93],"floor_reached":51,"playtime":1424,"items_purged":[],"score":963,"play_id":"7a2b2c54-25fa-4a75-aea3-de3e5c94d84f","local_time":"20190206213930","is_ascension_mode":true,"campfire_choices":[{"data":"Noxious Fumes","floor":6,"key":"SMITH"},{"data":"Neutralize","floor":8,"key":"SMITH"},{"data":"Poisoned Stab","floor":10,"key":"SMITH"},{"data":"Leg Sweep","floor":15,"key":"SMITH"},{"data":"Bouncing Flask","floor":23,"key":"SMITH"},{"data":"A Thousand Cuts","floor":28,"key":"SMITH"},{"floor":32,"key":"REST"},{"data":"Leg Sweep","floor":41,"key":"SMITH"},{"data":"Bane","floor":47,"key":"SMITH"},{"floor":49,"key":"REST"}],"neow_cost":"NONE","seed_source_timestamp":22694780751741,"circlet_count":0,"master_deck":["Defend_G","Defend_G+1","Defend_G+1","Defend_G","Defend_G","Strike_G","Strike_G","Survivor","Neutralize+1","Noxious Fumes+1","Poisoned Stab+1","Dagger Spray","Dash+1","Leg Sweep+1","Bane+1","Dagger Throw","Bouncing Flask+1","A Thousand Cuts+1","Poisoned Stab","Leg Sweep+1","Blur+1","Backflip+1","Adrenaline+1","Skewer+1","Terror+1","Purity+1","Deflect+1","Footwork+1","Armaments+1","Shockwave+1"],"relics":["Ring of the Snake","Ornamental Fan","Meat on the Bone","Matryoshka","Sozu","Bag of Preparation","Nilry\u0027s Codex","Regal Pillow","Toxic Egg 2","Juzu Bracelet","Mercury Hourglass","Runic Pyramid","Pear","Strawberry","War Paint","PreservedInsect","Mango","PrismaticShard"],"potions_floor_usage":[24,50,50],"damage_taken":[{"damage":0,"enemies":"Small Slimes","floor":1,"turns":4},{"damage":2,"enemies":"Jaw Worm","floor":5,"turns":4},{"damage":28,"enemies":"Lagavulin","floor":7,"turns":8},{"damage":14,"enemies":"Gremlin Nob","floor":11,"turns":4},{"damage":1,"enemies":"2 Louse","floor":13,"turns":2},{"damage":0,"enemies":"Large Slime","floor":14,"turns":4},{"damage":0,"enemies":"The Guardian","floor":16,"turns":10},{"damage":0,"enemies":"3 Byrds","floor":18,"turns":5},{"damage":10,"enemies":"Spheric Guardian","floor":19,"turns":5},{"damage":2,"enemies":"Centurion and Healer","floor":21,"turns":6},{"damage":17,"enemies":"Book of Stabbing","floor":24,"turns":6},{"damage":13,"enemies":"Gremlin Leader","floor":27,"turns":7},{"damage":48,"enemies":"Collector","floor":33,"turns":8},{"damage":0,"enemies":"Orb Walker","floor":35,"turns":3},{"damage":7,"enemies":"3 Darklings","floor":37,"turns":3},{"damage":8,"enemies":"Nemesis","floor":40,"turns":7},{"damage":18,"enemies":"Transient","floor":42,"turns":5},{"damage":0,"enemies":"Sphere and 2 Shapes","floor":46,"turns":4},{"damage":12,"enemies":"4 Shapes","floor":48,"turns":5},{"damage":16,"enemies":"Time Eater","floor":50,"turns":10}],"seed_played":"6750142447617498179","potions_obtained":[{"floor":0,"key":"Strength Potion"},{"floor":0,"key":"EssenceOfSteel"},{"floor":0,"key":"Swift Potion"},{"floor":11,"key":"Strength Potion"},{"floor":13,"key":"Regen Potion"}],"is_trial":false,"path_per_floor":["M","$","?","?","M","R","E","R","T","R","E","?","M","M","R","B",null,"M","M","?","M","?","R","E","?","T","E","R","?","?","?","R","B",null,"M","?","M","?","?","E","R","M","T","?","$","M","R","M","R","B",null],"character_chosen":"THE_SILENT","items_purchased":["Poisoned Stab","PreservedInsect","Mango","PrismaticShard"],"campfire_rested":2,"item_purchase_floors":[2,45,45,45],"current_hp_per_floor":[70,70,70,70,68,68,40,40,40,40,38,24,35,47,47,47,70,70,60,60,58,58,58,56,40,40,39,39,39,39,39,70,34,70,70,66,59,76,76,78,78,60,67,67,81,81,81,69,107,91],"gold":93,"neow_bonus":"THREE_SMALL_POTIONS","is_prod":false,"is_daily":false,"chose_seed":false,"campfire_upgraded":8,"win_rate":0,"timestamp":1549507170,"path_taken":["M","$","?","?","M","R","E","R","T","R","E","?","M","M","R","BOSS","M","M","?","M","?","R","E","?","T","E","R","?","?","?","R","BOSS","M","?","M","?","?","E","R","M","T","?","?","M","R","M","R","BOSS"],"build_version":"2019-01-23","purchased_purges":0,"victory":true,"max_hp_per_floor":[70,70,70,70,70,70,70,70,70,70,70,70,70,70,70,70,70,70,70,70,70,70,70,70,70,70,70,70,70,70,70,70,70,70,70,66,66,76,76,86,86,86,93,93,107,107,107,107,107,107],"card_choices":[{"not_picked":["Deadly Poison","Dagger Spray"],"picked":"Noxious Fumes","floor":1},{"not_picked":["Slice","Dodge and Roll"],"picked":"Dagger Spray","floor":5},{"not_picked":["Heel Hook","Tactician"],"picked":"Dash","floor":7},{"not_picked":["Flying Knee","Underhanded Strike"],"picked":"Leg Sweep","floor":11},{"not_picked":["Prepared","Deflect"],"picked":"Bane","floor":13},{"not_picked":["Distraction","Blade Dance","Storm of Steel"],"picked":"SKIP","floor":14},{"not_picked":["Unload","Venomology"],"picked":"Glass Knife","floor":16},{"not_picked":["Dagger Spray","Accuracy"],"picked":"Dagger Throw","floor":18},{"not_picked":["Poisoned Stab","Distraction"],"picked":"Bouncing Flask","floor":19},{"not_picked":["Bouncing Flask","Acrobatics"],"picked":"Leg Sweep","floor":21},{"not_picked":["Deflect","Calculated Gamble"],"picked":"Blur","floor":24},{"not_picked":["Acrobatics+1","Dagger Spray"],"picked":"Backflip+1","floor":27},{"not_picked":["Bullet Time+1","Tools of the Trade"],"picked":"Adrenaline+1","floor":33},{"not_picked":["Dodge and Roll+1","Prepared+1"],"picked":"Skewer+1","floor":35},{"not_picked":["Poisoned Stab","Calculated Gamble+1"],"picked":"Terror+1","floor":37},{"not_picked":["Forethought+1","Impatience+1"],"picked":"Purity+1","floor":39},{"not_picked":["Riddle With Holes+1","Sucker Punch"],"picked":"Deflect+1","floor":40},{"not_picked":["Flying Knee+1","Prepared+1"],"picked":"Footwork+1","floor":42},{"not_picked":["Deadly Poison+1","Perfected Strike"],"picked":"Armaments+1","floor":46},{"not_picked":["Perfected Strike+1","Leg Sweep+1"],"picked":"Shockwave+1","floor":48}],"player_experience":31864,"relics_obtained":[{"floor":7,"key":"Ornamental Fan"},{"floor":9,"key":"Meat on the Bone"},{"floor":11,"key":"Matryoshka"},{"floor":24,"key":"Bag of Preparation"},{"floor":25,"key":"Nilry\u0027s Codex"},{"floor":26,"key":"Regal Pillow"},{"floor":26,"key":"Toxic Egg 2"},{"floor":27,"key":"Juzu Bracelet"},{"floor":40,"key":"Pear"},{"floor":43,"key":"Strawberry"},{"floor":43,"key":"War Paint"}],"event_choices":[{"cards_removed":["Strike_G"],"damage_healed":0,"gold_gain":0,"player_choice":"Card Removal","damage_taken":0,"max_hp_gain":0,"max_hp_loss":0,"event_name":"The Cleric","floor":3,"gold_loss":50},{"damage_healed":0,"gold_gain":0,"player_choice":"Ignored","damage_taken":0,"max_hp_gain":0,"max_hp_loss":0,"event_name":"Liars Game","floor":4,"gold_loss":0},{"damage_healed":0,"gold_gain":0,"player_choice":"Entered Light","damage_taken":14,"max_hp_gain":0,"max_hp_loss":0,"event_name":"Shining Light","floor":12,"gold_loss":0,"cards_upgraded":["Defend_G","Dash"]},{"damage_healed":0,"gold_gain":0,"cards_transformed":["Strike_G","Strike_G"],"player_choice":"Became Test Subject","damage_taken":0,"max_hp_gain":0,"max_hp_loss":0,"event_name":"Drug Dealer","floor":20,"gold_loss":0,"cards_obtained":["A Thousand Cuts","Poisoned Stab"]},{"damage_healed":0,"gold_gain":0,"player_choice":"Ignored","damage_taken":0,"max_hp_gain":0,"max_hp_loss":0,"event_name":"Vampires","floor":22,"gold_loss":0},{"damage_healed":0,"gold_gain":0,"player_choice":"Obtained Book","damage_taken":16,"max_hp_gain":0,"max_hp_loss":0,"event_name":"Cursed Tome","floor":25,"gold_loss":0},{"damage_healed":0,"gold_gain":0,"player_choice":"Opened","damage_taken":0,"relics_obtained":["Mercury Hourglass"],"max_hp_gain":0,"max_hp_loss":0,"event_name":"The Mausoleum","floor":29,"gold_loss":0,"cards_obtained":["Writhe"]},{"cards_removed":["Writhe"],"damage_healed":0,"gold_gain":0,"player_choice":"Elegance","damage_taken":0,"max_hp_gain":0,"max_hp_loss":0,"event_name":"Back to Basics","floor":30,"gold_loss":0},{"damage_healed":0,"gold_gain":99,"player_choice":"Stole From Cult","damage_taken":0,"max_hp_gain":0,"max_hp_loss":0,"event_name":"Nest","floor":31,"gold_loss":0},{"damage_healed":0,"gold_gain":0,"player_choice":"Max HP","damage_taken":0,"max_hp_gain":0,"max_hp_loss":4,"event_name":"Winding Halls","floor":36,"gold_loss":0},{"cards_removed":["Glass Knife"],"damage_healed":7,"gold_gain":0,"player_choice":"Offered Rare","damage_taken":0,"max_hp_gain":10,"max_hp_loss":0,"event_name":"Bonfire Elementals","floor":38,"gold_loss":0},{"damage_healed":0,"gold_gain":0,"player_choice":"Memory 1","damage_taken":0,"max_hp_gain":0,"max_hp_loss":0,"event_name":"SensoryStone","floor":39,"gold_loss":0},{"damage_healed":0,"gold_gain":0,"player_choice":"Ignored","damage_taken":0,"max_hp_gain":0,"max_hp_loss":0,"event_name":"Mysterious Sphere","floor":44,"gold_loss":0}],"is_beta":false,"boss_relics":[{"not_picked":["Astrolabe","White Beast Statue"],"picked":"Sozu"},{"not_picked":["Ring of the Serpent","Black Star"],"picked":"Runic Pyramid"}],"items_purged_floors":[],"is_endless":false,"potions_floor_spawned":[11,13,14,24,27,33,46,48],"ascension_level":4}