{"gold_per_floor":[114,114,127,3,19,19,31,58,58,71,71,71,23,33,33,133,133,73,73,73,87,2,2,2],"floor_reached":24,"playtime":1327,"items_purged":["Strike_R"],"score":268,"play_id":"967dc836-6084-4165-9b7c-82e385be8f80","local_time":"20190813185519","is_ascension_mode":true,"campfire_choices":[{"data":"Entrench","floor":6,"key":"SMITH"},{"data":"Barricade","floor":12,"key":"SMITH"},{"floor":15,"key":"REST"},{"data":"Seeing Red","floor":23,"key":"SMITH"}],"neow_cost":"NONE","seed_source_timestamp":12002104230055,"circlet_count":0,"master_deck":["Strike_R","Defend_R","Defend_R","Defend_R","Defend_R","Bash","Iron Wave","Uppercut","Shrug It Off","Entrench+1","Sentinel","Seeing Red+1","Barricade+1","Armaments","Shrug It Off","Impervious","Combust","Rupture","Burning Pact"],"relics":["Burning Blood","NeowsBlessing","Question Card","Black Star","Dodecahedron"],"potions_floor_usage":[8,10,10,16,21,24],"damage_taken":[{"damage":0,"enemies":"Jaw Worm","floor":1,"turns":1},{"damage":0,"enemies":"Cultist","floor":3,"turns":1},{"damage":0,"enemies":"Small Slimes","floor":5,"turns":1},{"damage":6,"enemies":"2 Fungi Beasts","floor":7,"turns":4},{"damage":24,"enemies":"Lagavulin","floor":8,"turns":8},{"damage":57,"enemies":"Exordium Wildlife","floor":10,"turns":13},{"damage":15,"enemies":"Lots of Slimes","floor":14,"turns":12},{"damage":0,"enemies":"The Guardian","floor":16,"turns":24},{"damage":19,"enemies":"2 Thieves","floor":18,"turns":4},{"damage":31,"enemies":"3 Byrds","floor":21,"turns":7},{"damage":5,"enemies":"Gremlin Leader","floor":24,"turns":2}],"seed_played":"8422262456911169824","potions_obtained":[{"floor":1,"key":"Regen Potion"},{"floor":2,"key":"Block Potion"},{"floor":2,"key":"Strength Potion"},{"floor":10,"key":"GamblersBrew"},{"floor":14,"key":"Block Potion"},{"floor":21,"key":"Swift Potion"}],"is_trial":false,"path_per_floor":["M","?","M","$","M","R","M","E","T","M","?","R","$","M","R","B",null,"M","$","?","M","?","R","E"],"character_chosen":"IRONCLAD","items_purchased":["Shrug It Off","Armaments"],"campfire_rested":1,"item_purchase_floors":[4,13],"current_hp_per_floor":[80,80,80,80,80,80,80,62,62,26,26,26,26,17,41,47,80,67,67,67,42,42,42,37],"gold":2,"neow_bonus":"THREE_ENEMY_KILL","is_prod":false,"is_daily":false,"chose_seed":false,"campfire_upgraded":3,"win_rate":0,"timestamp":1565690119,"path_taken":["M","?","M","$","?","R","M","E","T","M","?","R","?","?","R","BOSS","M","$","?","M","?","R","E"],"build_version":"2019-07-17","purchased_purges":1,"victory":false,"max_hp_per_floor":[80,80,80,80,80,80,80,80,80,80,80,80,80,80,80,80,80,80,80,80,80,80,80,80],"card_choices":[{"not_picked":["Rage","Rupture"],"picked":"Iron Wave","floor":1},{"not_picked":["Perfected Strike","Clothesline"],"picked":"Uppercut","floor":3},{"not_picked":["Clash","Twin Strike"],"picked":"Entrench","floor":5},{"not_picked":["Twin Strike","Iron Wave","Perfected Strike"],"picked":"SKIP","floor":7},{"not_picked":["Clash","Juggernaut"],"picked":"Sentinel","floor":8},{"not_picked":["Entrench","Clothesline","True Grit"],"picked":"Seeing Red","floor":10},{"not_picked":["Thunderclap","Shockwave","Iron Wave"],"picked":"Shrug It Off","floor":14},{"not_picked":["Immolate","Barricade","Brutality"],"picked":"Impervious","floor":16},{"not_picked":["Thunderclap","Perfected Strike+1","Flex","Armaments"],"picked":"SKIP","floor":18},{"not_picked":["Pummel","Searing Blow","Thunderclap"],"picked":"Burning Pact","floor":21}],"player_experience":86231,"relics_obtained":[{"floor":8,"key":"Question Card"}],"event_choices":[{"damage_healed":0,"gold_gain":0,"player_choice":"Got Potions","damage_taken":0,"max_hp_gain":0,"max_hp_loss":0,"event_name":"Lab","floor":2,"gold_loss":0},{"damage_healed":0,"gold_gain":0,"cards_transformed":["Strike_R"],"player_choice":"Transformed","damage_taken":0,"max_hp_gain":0,"max_hp_loss":0,"event_name":"Transmorgrifier","floor":11,"gold_loss":0,"cards_obtained":["Barricade"]},{"damage_healed":0,"gold_gain":0,"cards_transformed":["Strike_R","Strike_R"],"player_choice":"Became Test Subject","damage_taken":0,"max_hp_gain":0,"max_hp_loss":0,"event_name":"Drug Dealer","floor":20,"gold_loss":0,"cards_obtained":["Combust","Rupture"]},{"damage_healed":0,"gold_gain":0,"player_choice":"Obtained Relic","damage_taken":0,"relics_obtained":["Dodecahedron"],"max_hp_gain":0,"max_hp_loss":0,"event_name":"Addict","floor":22,"gold_loss":85}],"is_beta":false,"boss_relics":[{"not_picked":["Coffee Dripper","Mark of Pain"],"picked":"Black Star"}],"items_purged_floors":[4],"is_endless":false,"potions_floor_spawned":[1,10,14,21],"killed_by":"Gremlin Leader","ascension_level":2}