{"gold_per_floor":[116,128,5,22,22,47,47,82,82,96,111,130,130,130,130,258,258,282,73,73,0,16,60,60,73,148,148,148,148,148,172,172,303,303,317,317,317,317,333,333,351,351,375,375,500,400,400,400,400,400],"floor_reached":50,"playtime":1072,"items_purged":["Shame","Auto Shields+1"],"score":619,"play_id":"d8d296a0-dc27-429b-863d-b4542eb4c94e","local_time":"20190211135700","is_ascension_mode":true,"campfire_choices":[{"data":"Echo Form","floor":7,"key":"SMITH"},{"data":"Fusion","floor":13,"key":"SMITH"},{"data":"Beam Cell","floor":15,"key":"SMITH"},{"floor":24,"key":"REST"},{"floor":28,"key":"REST"},{"data":"Buffer","floor":30,"key":"SMITH"},{"floor":32,"key":"REST"},{"data":"Apotheosis","floor":40,"key":"SMITH"},{"data":"Echo Form","floor":42,"key":"SMITH"},{"data":"Creative AI","floor":44,"key":"SMITH"},{"data":"Hyperbeam","floor":49,"key":"SMITH"}],"neow_cost":"CURSE","seed_source_timestamp":427319641405702,"circlet_count":0,"master_deck":["Defend_B","Defend_B","Defend_B","Defend_B","Hyperbeam+1","Conserve Battery","Beam Cell+1","Cold Snap","Echo Form+1","Fusion+1","Gash","Echo Form+1","Ball Lightning","Steam+1","Heatsinks","Buffer+1","Creative AI+1","All For One+1","White Noise+1","Apotheosis+1","Tempest+1","Recycle+1"],"relics":["Cracked Core","Bottled Lightning","Symbiotic Virus","Darkstone Periapt","Golden Idol","Runic Pyramid","Toolbox","Vajra","Pantograph","Astrolabe","PreservedInsect","Bird Faced Urn","Ancient Tea Set"],"potions_floor_usage":[16,18,23,25,35,50,50],"damage_taken":[{"damage":2,"enemies":"Jaw Worm","floor":1,"turns":3},{"damage":1,"enemies":"2 Louse","floor":2,"turns":2},{"damage":0,"enemies":"Small Slimes","floor":4,"turns":2},{"damage":8,"enemies":"Gremlin Nob","floor":6,"turns":3},{"damage":6,"enemies":"3 Sentries","floor":8,"turns":4},{"damage":4,"enemies":"3 Louse","floor":10,"turns":3},{"damage":14,"enemies":"Blue Slaver","floor":11,"turns":4},{"damage":0,"enemies":"2 Fungi Beasts","floor":12,"turns":2},{"damage":0,"enemies":"Slime Boss","floor":16,"turns":4},{"damage":12,"enemies":"2 Thieves","floor":18,"turns":4},{"damage":22,"enemies":"Shell Parasite","floor":22,"turns":4},{"damage":33,"enemies":"Gremlin Leader","floor":23,"turns":4},{"damage":11,"enemies":"Shelled Parasite and Fungi","floor":25,"turns":5},{"damage":0,"enemies":"Centurion and Healer","floor":31,"turns":5},{"damage":32,"enemies":"Automaton","floor":33,"turns":12},{"damage":0,"enemies":"3 Darklings","floor":35,"turns":1},{"damage":20,"enemies":"Orb Walker","floor":39,"turns":4},{"damage":1,"enemies":"3 Darklings","floor":41,"turns":3},{"damage":0,"enemies":"Mind Bloom Boss Battle","floor":45,"turns":6},{"damage":87,"enemies":"Time Eater","floor":50,"turns":5}],"seed_played":"4625594581661193840","potions_obtained":[{"floor":1,"key":"SkillPotion"},{"floor":6,"key":"EssenceOfSteel"},{"floor":8,"key":"PowerPotion"},{"floor":12,"key":"AttackPotion"},{"floor":23,"key":"Weak Potion"},{"floor":33,"key":"AttackPotion"},{"floor":35,"key":"FocusPotion"},{"floor":39,"key":"Strength Potion"}],"is_trial":false,"path_per_floor":["M","M","$","M","?","E","R","E","T","M","M","M","R","?","R","B",null,"M","$","?","?","M","E","R","M","T","?","R","$","R","M","R","B",null,"M","?","?","?","M","R","M","R","T","R","?","$","?","T","R","B"],"character_chosen":"DEFECT","items_purchased":["PowerPotion","Toolbox"],"campfire_rested":3,"item_purchase_floors":[3,19],"current_hp_per_floor":[73,72,72,72,65,57,57,51,51,47,33,33,33,33,33,33,69,57,57,57,57,35,2,22,11,11,11,31,31,31,31,51,37,69,69,69,66,66,46,46,45,45,45,45,66,66,66,66,66,0],"gold":400,"neow_bonus":"THREE_RARE_CARDS","is_prod":false,"is_daily":false,"chose_seed":false,"campfire_upgraded":8,"win_rate":0,"timestamp":1549911420,"path_taken":["M","M","$","M","?","E","R","E","T","M","M","M","R","?","R","BOSS","M","$","?","?","M","E","R","M","T","?","R","?","R","M","R","BOSS","M","?","?","?","M","R","M","R","T","R","?","$","?","?","R","BOSS"],"build_version":"2019-01-23","purchased_purges":2,"victory":false,"max_hp_per_floor":[75,75,75,75,75,75,75,75,75,75,75,75,75,69,69,69,69,69,69,69,69,69,69,69,69,69,69,69,69,69,69,69,69,69,69,69,66,66,66,66,66,66,66,66,66,66,66,66,66,66],"card_choices":[{"not_picked":["Multi-Cast","Creative AI"],"picked":"Hyperbeam","floor":0},{"not_picked":["Scrape","Gash"],"picked":"Conserve Battery","floor":1},{"not_picked":["Genetic Algorithm","Barrage"],"picked":"Beam Cell","floor":2},{"not_picked":["Barrage","Turbo"],"picked":"Cold Snap","floor":4},{"not_picked":["Streamline","Undo"],"picked":"Echo Form","floor":6},{"not_picked":["Skim","Barrage","Recycle"],"picked":"SKIP","floor":8},{"not_picked":["Coolheaded","Stack"],"picked":"Fusion","floor":10},{"not_picked":["Stack","Hologram"],"picked":"Gash","floor":11},{"not_picked":["Cold Snap","Hello World","Streamline"],"picked":"SKIP","floor":12},{"not_picked":["Creative AI","Amplify"],"picked":"Echo Form","floor":16},{"not_picked":["Streamline","Stack"],"picked":"Ball Lightning","floor":18},{"not_picked":["Reprogram+1","Turbo","Steam"],"picked":"SKIP","floor":22},{"not_picked":["Hello World","Leap"],"picked":"Steam+1","floor":23},{"not_picked":["Compile Driver+1","Stack","Coolheaded"],"picked":"SKIP","floor":25},{"not_picked":["Hello World","Streamline+1","Coolheaded"],"picked":"SKIP","floor":31},{"not_picked":["Rainbow","Biased Cognition"],"picked":"Creative AI","floor":33},{"not_picked":["Ball Lightning+1","Coolheaded"],"picked":"White Noise+1","floor":35},{"not_picked":["Trip","Jack Of All Trades"],"picked":"Apotheosis","floor":36},{"not_picked":["Turbo","Leap+1"],"picked":"Tempest+1","floor":39},{"not_picked":["Chaos+1","Compile Driver"],"picked":"Recycle+1","floor":41}],"player_experience":53417,"relics_obtained":[{"floor":6,"key":"Bottled Lightning"},{"floor":8,"key":"Symbiotic Virus"},{"floor":9,"key":"Darkstone Periapt"},{"floor":23,"key":"Vajra"},{"floor":26,"key":"Pantograph"},{"floor":43,"key":"PreservedInsect"},{"floor":45,"key":"Bird Faced Urn"},{"floor":48,"key":"Ancient Tea Set"}],"event_choices":[{"cards_removed":["Strike_B"],"damage_healed":0,"gold_gain":0,"player_choice":"Card Removal","damage_taken":7,"max_hp_gain":0,"max_hp_loss":0,"event_name":"Golden Wing","floor":5,"gold_loss":0},{"damage_healed":0,"gold_gain":0,"player_choice":"Lose Max HP","damage_taken":0,"relics_obtained":["Golden Idol"],"max_hp_gain":0,"max_hp_loss":6,"event_name":"Golden Idol","floor":14,"gold_loss":0},{"damage_healed":0,"gold_gain":0,"player_choice":"Ignored","damage_taken":0,"max_hp_gain":0,"max_hp_loss":0,"event_name":"The Mausoleum","floor":20,"gold_loss":0},{"damage_healed":0,"gold_gain":0,"player_choice":"Paid Fearfully","damage_taken":0,"max_hp_gain":0,"max_hp_loss":0,"event_name":"Masked Bandits","floor":21,"gold_loss":73},{"damage_healed":0,"gold_gain":0,"cards_transformed":["Strike_B","Strike_B"],"player_choice":"Became Test Subject","damage_taken":0,"max_hp_gain":0,"max_hp_loss":0,"event_name":"Drug Dealer","floor":27,"gold_loss":0,"cards_obtained":["Heatsinks","Buffer"]},{"damage_healed":0,"gold_gain":0,"player_choice":"Memory 1","damage_taken":0,"max_hp_gain":0,"max_hp_loss":0,"event_name":"SensoryStone","floor":36,"gold_loss":0},{"damage_healed":0,"gold_gain":0,"player_choice":"Max HP","damage_taken":0,"max_hp_gain":0,"max_hp_loss":3,"event_name":"Winding Halls","floor":37,"gold_loss":0},{"damage_healed":0,"gold_gain":0,"player_choice":"Ignored","damage_taken":0,"max_hp_gain":0,"max_hp_loss":0,"event_name":"Tomb of Lord Red Mask","floor":38,"gold_loss":0},{"damage_healed":0,"gold_gain":0,"player_choice":"Fight","damage_taken":0,"max_hp_gain":0,"max_hp_loss":0,"event_name":"MindBloom","floor":45,"gold_loss":0},{"cards_removed":["Chaos"],"damage_healed":0,"gold_gain":0,"player_choice":"Removed Skill","damage_taken":0,"max_hp_gain":0,"max_hp_loss":0,"event_name":"Falling","floor":47,"gold_loss":0}],"is_beta":false,"boss_relics":[{"not_picked":["Pandora\u0027s Box","Philosopher\u0027s Stone"],"picked":"Runic Pyramid"},{"not_picked":["FrozenCore","Calling Bell"],"picked":"Astrolabe"}],"items_purged_floors":[3,46],"is_endless":false,"potions_floor_spawned":[1,6,8,12,23,33,35,39],"killed_by":"Time Eater","ascension_level":4}