{"gold_per_floor":[109,109,129,146,157,157,157,157,231,231,258,258,258,269,269,344,344,355,365,365,365,48,48,60,60,128,140,140,153,153,180,180,251,251,268,268,286,302,302,302,335,354,354,369,385,400,400,415,415,415,415,415,415,0,30,30],"floor_reached":56,"playtime":6916,"items_purged":["Defend_B"],"score":1937,"play_id":"759ce5c8-bff1-45c9-9b83-a5a21a5adcb9","local_time":"20190717201445","is_ascension_mode":true,"campfire_choices":[{"data":"Creative AI","floor":6.0,"key":"SMITH"},{"data":"Zap","floor":8.0,"key":"SMITH"},{"data":"Hologram","floor":10.0,"key":"SMITH"},{"data":"Streamline","floor":13.0,"key":"SMITH"},{"floor":15.0,"key":"RECALL"},{"floor":23.0,"key":"REST"},{"floor":28.0,"key":"REST"},{"data":"Tempest","floor":32.0,"key":"SMITH"},{"data":"Coolheaded","floor":40.0,"key":"SMITH"},{"data":"Blizzard","floor":47.0,"key":"SMITH"},{"data":"Coolheaded","floor":49.0,"key":"SMITH"},{"data":"Cold Snap","floor":53.0,"key":"SMITH"}],"neow_cost":"NONE","seed_source_timestamp":0,"circlet_count":0,"master_deck":["AscendersBane","Defend_B","Defend_B","Zap+1","Dualcast","Conserve Battery","Skim","Hologram+1","Creative AI+1","Streamline+1","Cold Snap+1","Echo Form","Buffer+1","Reprogram+1","Multi-Cast+1","Coolheaded+1","Coolheaded+1","Bandage Up","Tempest+1","Hologram+1","Hologram+1","Reboot+1","Fission+1","Fusion+1","Conserve Battery+1","Cold Snap","White Noise+1","Turbo+1","Coolheaded+1","Blizzard+1","Reinforced Body+1","Core Surge","Turbo+1","Compile Driver","Chill+1"],"special_seed":0,"relics":["Cracked Core","Lantern","FaceOfCleric","Mummified Hand","Regal Pillow","Astrolabe","Pantograph","Chemical X","Centennial Puzzle","Toxic Egg 2","Red Mask","Inserter","Vajra","Bottled Tornado","Orichalcum"],"potions_floor_usage":[56,56],"damage_taken":[{"damage":11.0,"enemies":"Small Slimes","floor":1.0,"turns":3.0},{"damage":6.0,"enemies":"Cultist","floor":3.0,"turns":4.0},{"damage":4.0,"enemies":"Jaw Worm","floor":4.0,"turns":3.0},{"damage":2.0,"enemies":"3 Louse","floor":5.0,"turns":4.0},{"damage":11.0,"enemies":"3 Sentries","floor":11.0,"turns":4.0},{"damage":8.0,"enemies":"Red Slaver","floor":14.0,"turns":3.0},{"damage":12.0,"enemies":"Hexaghost","floor":16.0,"turns":7.0},{"damage":50.0,"enemies":"3 Byrds","floor":18.0,"turns":6.0},{"damage":7.0,"enemies":"Shell Parasite","floor":19.0,"turns":6.0},{"damage":35.0,"enemies":"Cultist and Chosen","floor":24.0,"turns":6.0},{"damage":0.0,"enemies":"Chosen and Byrds","floor":27.0,"turns":7.0},{"damage":9.0,"enemies":"Centurion and Healer","floor":29.0,"turns":7.0},{"damage":3.0,"enemies":"Masked Bandits","floor":31.0,"turns":4.0},{"damage":16.0,"enemies":"Automaton","floor":33.0,"turns":12.0},{"damage":22.0,"enemies":"3 Darklings","floor":35.0,"turns":5.0},{"damage":0.0,"enemies":"3 Shapes","floor":37.0,"turns":6.0},{"damage":2.0,"enemies":"Jaw Worm Horde","floor":38.0,"turns":5.0},{"damage":9.0,"enemies":"Giant Head","floor":41.0,"turns":9.0},{"damage":0.0,"enemies":"Transient","floor":42.0,"turns":6.0},{"damage":0.0,"enemies":"Maw","floor":44.0,"turns":6.0},{"damage":0.0,"enemies":"4 Shapes","floor":45.0,"turns":3.0},{"damage":0.0,"enemies":"Transient","floor":46.0,"turns":6.0},{"damage":9.0,"enemies":"3 Darklings","floor":48.0,"turns":7.0},{"damage":36.0,"enemies":"Donu and Deca","floor":50.0,"turns":8.0},{"damage":0.0,"enemies":"Time Eater","floor":51.0,"turns":14.0},{"damage":26.0,"enemies":"Shield and Spear","floor":55.0,"turns":8.0},{"damage":102,"enemies":"The Heart","floor":56,"turns":8}],"seed_played":"5708240836235790831","potions_obtained":[{"floor":1.0,"key":"Block Potion"},{"floor":3.0,"key":"Poison Potion"},{"floor":4.0,"key":"Block Potion"},{"floor":11.0,"key":"Regen Potion"},{"floor":19.0,"key":"SteroidPotion"},{"floor":27.0,"key":"AttackPotion"},{"floor":41.0,"key":"Regen Potion"},{"floor":42.0,"key":"AttackPotion"}],"is_trial":false,"path_per_floor":["M","?","M","M","M","R","?","R","T","R","E","?","R","M","R","B",null,"M","M","$","?","$","R","M","?","T","M","R","M","?","?","R","B",null,"M","?","M","M","?","R","E","M","T","M","M","M","R","M","R","B","B",null,"R","$","E","B"],"character_chosen":"DEFECT","items_purchased":["Chemical X","Bandage Up","Bottled Tornado","Turbo+1","Compile Driver"],"campfire_rested":2,"item_purchase_floors":[22,22,54,54,54],"current_hp_per_floor":[53,53,48,45,44,44,44,44,44,44,34,34,34,27,27,31,66,17,11,11,11,11,49,19,19,19,24,63,59,59,61,61,76,82,63,63,68,71,71,71,67,87,87,90,91,92,92,92,92,66,95,95,95,95,78,0],"gold":30,"neow_bonus":"RANDOM_COMMON_RELIC","is_prod":false,"is_daily":false,"chose_seed":false,"campfire_upgraded":9,"win_rate":0,"timestamp":1563419685,"path_taken":["M","?","M","M","?","R","?","R","T","R","E","?","R","M","R","BOSS","M","M","?","?","$","R","M","?","T","?","R","M","?","?","R","BOSS","M","?","M","?","?","R","E","?","T","?","M","M","R","M","R","BOSS","BOSS","R","$","E","BOSS"],"build_version":"2019-07-10","purchased_purges":1,"victory":false,"max_hp_per_floor":[71,71,72,73,74,74,74,74,74,74,75,75,75,76,76,77,77,78,79,79,79,79,79,80,80,80,81,81,82,82,83,83,84,84,85,85,86,87,87,87,88,89,89,90,91,92,92,93,93,94,95,95,95,95,96,96],"card_choices":[{"not_picked":["Auto Shields","Beam Cell"],"picked":"Conserve Battery","floor":1.0},{"not_picked":["Rip and Tear","Auto Shields"],"picked":"Skim","floor":3.0},{"not_picked":["Chaos","Scrape"],"picked":"Hologram","floor":4.0},{"not_picked":["FTL","Sweeping Beam"],"picked":"Creative AI","floor":5.0},{"not_picked":["Reprogram","Blizzard"],"picked":"Streamline","floor":11.0},{"not_picked":["Beam Cell","Compile Driver"],"picked":"Cold Snap","floor":14.0},{"not_picked":["Fission","Machine Learning"],"picked":"Echo Form","floor":16.0},{"not_picked":["Steam","Gash"],"picked":"Coolheaded","floor":18.0},{"not_picked":["Barrage+1","Darkness"],"picked":"Coolheaded","floor":19.0},{"not_picked":["Sweeping Beam","Cold Snap"],"picked":"Tempest","floor":24.0},{"not_picked":["Reprogram+1","Undo+1"],"picked":"Hologram+1","floor":27.0},{"not_picked":["Doom and Gloom+1","Cold Snap"],"picked":"Hologram+1","floor":29.0},{"not_picked":["Redo+1","Coolheaded+1"],"picked":"Reboot+1","floor":31.0},{"not_picked":["Creative AI","Buffer"],"picked":"Fission+1","floor":33.0},{"not_picked":["Capacitor","Steam Power+1"],"picked":"Fusion+1","floor":35.0},{"not_picked":["Beam Cell","Compile Driver","Doom and Gloom"],"picked":"SKIP","floor":37.0},{"not_picked":["Sweeping Beam","Static Discharge"],"picked":"Conserve Battery+1","floor":38.0},{"not_picked":["Static Discharge","Aggregate+1"],"picked":"White Noise+1","floor":41.0},{"not_picked":["Leap+1","Doom and Gloom"],"picked":"Turbo+1","floor":42.0},{"not_picked":["Leap+1","BootSequence+1"],"picked":"Coolheaded+1","floor":44.0},{"not_picked":["Heatsinks","Gash+1"],"picked":"Blizzard","floor":45.0},{"not_picked":["Lockon","Barrage"],"picked":"Reinforced Body+1","floor":46.0},{"not_picked":["Steam+1","FTL"],"picked":"Core Surge","floor":48.0},{"not_picked":["Turbo+1","Sweeping Beam"],"picked":"Chill+1","floor":55.0}],"player_experience":2799538,"relics_obtained":[{"floor":9.0,"key":"Mummified Hand"},{"floor":11.0,"key":"Regal Pillow"},{"floor":26.0,"key":"Toxic Egg 2"},{"floor":31.0,"key":"Red Mask"},{"floor":41.0,"key":"Vajra"},{"floor":55.0,"key":"Orichalcum"}],"event_choices":[{"damage_healed":0.0,"max_hp_gain":0.0,"max_hp_loss":0.0,"gold_gain":0.0,"event_name":"FaceTrader","player_choice":"Trade","floor":2.0,"gold_loss":0.0,"damage_taken":0.0,"relics_obtained":["FaceOfCleric"]},{"damage_healed":0.0,"max_hp_gain":0.0,"max_hp_loss":0.0,"gold_gain":0.0,"event_name":"Liars Game","player_choice":"Ignored","floor":7.0,"gold_loss":0.0,"damage_taken":0.0},{"cards_removed":["Strike_B"],"damage_healed":0.0,"max_hp_gain":0.0,"max_hp_loss":0.0,"gold_gain":0.0,"event_name":"Bonfire Elementals","player_choice":"Offered Basic","floor":12.0,"gold_loss":0.0,"damage_taken":0.0},{"damage_healed":0.0,"max_hp_gain":0.0,"max_hp_loss":0.0,"gold_gain":0.0,"event_name":"The Mausoleum","player_choice":"Opened","floor":21.0,"gold_loss":0.0,"damage_taken":0.0,"relics_obtained":["Pantograph"],"cards_obtained":["Writhe"]},{"damage_healed":0.0,"max_hp_gain":0.0,"max_hp_loss":0.0,"gold_gain":0.0,"event_name":"Addict","player_choice":"Stole Relic","floor":25.0,"gold_loss":0.0,"damage_taken":0.0,"relics_obtained":["Centennial Puzzle"],"cards_obtained":["Shame"]},{"cards_removed":["Writhe"],"damage_healed":0.0,"max_hp_gain":0.0,"max_hp_loss":0.0,"gold_gain":0.0,"event_name":"Back to Basics","player_choice":"Elegance","floor":30.0,"gold_loss":0.0,"damage_taken":0.0},{"damage_healed":0.0,"max_hp_gain":0.0,"max_hp_loss":0.0,"gold_gain":0.0,"event_name":"Masked Bandits","player_choice":"Fought Bandits","floor":31.0,"gold_loss":0.0,"damage_taken":0.0},{"cards_removed":["Shame"],"damage_healed":0.0,"max_hp_gain":0.0,"max_hp_loss":0.0,"gold_gain":0.0,"event_name":"Wheel of Change","player_choice":"Card Removal","floor":36.0,"gold_loss":0.0,"damage_taken":0.0},{"damage_healed":0.0,"max_hp_gain":0.0,"max_hp_loss":0.0,"gold_gain":0.0,"cards_transformed":["Defend_B"],"event_name":"Transmorgrifier","player_choice":"Transformed","floor":39.0,"gold_loss":0.0,"damage_taken":0.0,"cards_obtained":["Cold Snap"]}],"is_beta":true,"boss_relics":[{"not_picked":["Orrery","Lizard Tail"],"picked":"Astrolabe"},{"not_picked":["Coffee Dripper","Tiny House"],"picked":"Inserter"}],"items_purged_floors":[54],"is_endless":false,"potions_floor_spawned":[1,3,4,11,19,27,29,41,42,44],"killed_by":"The Heart","ascension_level":20}