{"gold_per_floor":[116,116,116,129,129,129,148,162,162,175,195,66,66,80,80,156,156,167,167,61,80,80,100,100,111,111,111,131,131],"floor_reached":29,"playtime":2646,"items_purged":["Strike_B"],"score":538,"play_id":"b7cf17c6-270f-4e81-b3fb-7c0fc6acd6e4","local_time":"20181005024406","is_ascension_mode":true,"campfire_choices":[{"data":"Zap","floor":6.0,"key":"SMITH"},{"floor":13.0,"key":"REST"},{"data":"Loop","floor":15.0,"key":"SMITH"},{"data":"Discovery","floor":24.0,"key":"SMITH"},{"floor":27.0,"key":"REST"}],"neow_cost":"NONE","seed_source_timestamp":1856792483778874,"circlet_count":0,"master_deck":["Strike_B","Strike_B+1","Defend_B","Defend_B","Defend_B","Defend_B","Zap+1","Dualcast","AscendersBane","Echo Form","Go for the Eyes+1","Ball Lightning","Leap","Reinforced Body","Steam","Coolheaded","Loop+1","Conserve Battery","All For One","Biased Cognition","White Noise","Discovery+1","Melter+1","Steam+1","Gash","Turbo"],"special_seed":0,"relics":["Cracked Core","Art of War","FossilizedHelix","Black Star","Pocketwatch"],"potions_floor_usage":[29,29],"damage_taken":[{"damage":12.0,"enemies":"Small Slimes","floor":1.0,"turns":4.0},{"damage":2.0,"enemies":"2 Louse","floor":4.0,"turns":3.0},{"damage":2.0,"enemies":"Jaw Worm","floor":7.0,"turns":3.0},{"damage":0.0,"enemies":"Large Slime","floor":8.0,"turns":4.0},{"damage":0.0,"enemies":"2 Fungi Beasts","floor":10.0,"turns":4.0},{"damage":17.0,"enemies":"Exordium Thugs","floor":11.0,"turns":4.0},{"damage":0.0,"enemies":"Blue Slaver","floor":14.0,"turns":4.0},{"damage":0.0,"enemies":"Hexaghost","floor":16.0,"turns":11.0},{"damage":0.0,"enemies":"Shell Parasite","floor":18.0,"turns":6.0},{"damage":0.0,"enemies":"Spheric Guardian","floor":21.0,"turns":5.0},{"damage":17.0,"enemies":"3 Cultists","floor":23.0,"turns":5.0},{"damage":14.0,"enemies":"Shelled Parasite and Fungi","floor":25.0,"turns":6.0},{"damage":10.0,"enemies":"Centurion and Healer","floor":28.0,"turns":6.0},{"damage":51,"enemies":"Gremlin Leader","floor":29,"turns":8}],"seed_played":"-9027491147493247306","potions_obtained":[{"floor":7.0,"key":"AttackPotion"},{"floor":14.0,"key":"Energy Potion"},{"floor":16.0,"key":"Fire Potion"},{"floor":18.0,"key":"AttackPotion"},{"floor":23.0,"key":"Swift Potion"},{"floor":25.0,"key":"SkillPotion"}],"is_trial":false,"path_per_floor":["M","?","?","M","T","R","M","M","T","M","M","$","R","M","R","B",null,"M","?","$","M","$","M","R","M","T","R","M"],"character_chosen":"DEFECT","items_purchased":["Conserve Battery","Discovery"],"campfire_rested":2,"item_purchase_floors":[12,20],"current_hp_per_floor":[52,52,31,29,29,29,27,27,27,27,10,10,31,31,31,31,61,61,61,61,61,61,44,44,30,30,51,41,0],"gold":131,"neow_bonus":"ONE_RANDOM_RARE_CARD","is_prod":false,"is_daily":false,"chose_seed":false,"campfire_upgraded":3,"win_rate":0,"timestamp":1538732646,"path_taken":["M","?","?","M","?","R","M","?","T","?","M","$","R","M","R","BOSS","M","?","$","M","?","M","R","M","T","R","M","E"],"build_version":"2018-10-04","purchased_purges":1,"victory":false,"max_hp_per_floor":[71,71,71,71,71,71,71,71,71,71,71,71,71,71,71,71,71,71,71,71,71,71,71,71,71,71,71,71,71],"card_choices":[{"not_picked":["Steam","Stack"],"picked":"Go for the Eyes","floor":1.0},{"not_picked":["Recycle","Stack"],"picked":"Leap","floor":4.0},{"not_picked":["Stack","Capacitor"],"picked":"Reinforced Body","floor":7.0},{"not_picked":["Recycle","Beam Cell"],"picked":"Steam","floor":8.0},{"not_picked":["Chill","Force Field"],"picked":"Coolheaded","floor":10.0},{"not_picked":["Reprogram","Rebound"],"picked":"Loop","floor":11.0},{"not_picked":["Gash","Redo"],"picked":"All For One","floor":14.0},{"not_picked":["Hyperbeam","Buffer"],"picked":"Biased Cognition","floor":16.0},{"not_picked":["Coolheaded","Heatsinks"],"picked":"White Noise","floor":18.0},{"not_picked":["Conserve Battery","Storm"],"picked":"Melter+1","floor":21.0},{"not_picked":["Beam Cell","Barrage"],"picked":"Steam+1","floor":23.0},{"not_picked":["Rebound","Steam"],"picked":"Gash","floor":25.0},{"not_picked":["Barrage","Blizzard"],"picked":"Turbo","floor":28.0}],"player_experience":2477821,"relics_obtained":[{"floor":5.0,"key":"Art of War"},{"floor":9.0,"key":"FossilizedHelix"},{"floor":26.0,"key":"Pocketwatch"}],"event_choices":[{"event_name":"Living Wall","player_choice":"Change","floor":2.0,"damage_taken":0.0},{"event_name":"Shining Light","player_choice":"Entered Light","floor":3.0,"damage_taken":0.0},{"event_name":"Vampires","player_choice":"Ignored","floor":19.0,"damage_taken":0.0}],"is_beta":true,"boss_relics":[{"not_picked":["Velvet Choker","Empty Cage"],"picked":"Black Star"}],"items_purged_floors":[12],"is_endless":false,"potions_floor_spawned":[7,14,16,18,23,25],"killed_by":"Gremlin Leader","ascension_level":20}