{"gold_per_floor":[109,109,109,28,39,51,51,79,79,0,31,45,45,45,45,142,142,152,152,172,188,202,202,215,215,241,258,17,30,30,46,46,46],"floor_reached":33,"playtime":1169,"items_purged":[],"score":426,"play_id":"90840b1a-8c6d-4403-b64b-df0a599bdd6d","local_time":"20190309015713","is_ascension_mode":true,"campfire_choices":[{"data":"Discovery","floor":7.0,"key":"SMITH"},{"data":"Dual Wield","floor":13.0,"key":"SMITH"},{"floor":15.0,"key":"REST"},{"floor":23,"key":"REST"},{"floor":32,"key":"REST"}],"neow_cost":"NONE","seed_source_timestamp":0,"circlet_count":0,"master_deck":["AscendersBane","Strike_R","Strike_R","Strike_R","Strike_R","Strike_R","Defend_R","Defend_R","Defend_R","Defend_R","Bash+1","Infernal Blade+1","Discovery+1","Dual Wield+1","Shrug It Off","Body Slam+1","Battle Trance","Corruption","Reaper","Uppercut","Shrug It Off","Shrug It Off","Entrench","Carnage","Evolve+1","Metallicize","Cleave","Flame Barrier+1","Warcry+1","Clothesline+1","Sword Boomerang","Sword Boomerang","Spot Weakness+1"],"special_seed":0,"relics":["Burning Blood","Pear","PreservedInsect","Mercury Hourglass","Question Card","Orrery","FaceOfCleric","Strawberry","Brimstone","Bottled Tornado"],"potions_floor_usage":[21,24,33],"damage_taken":[{"damage":11.0,"enemies":"Jaw Worm","floor":1.0,"turns":4.0},{"damage":0.0,"enemies":"Cultist","floor":5.0,"turns":2.0},{"damage":5.0,"enemies":"Small Slimes","floor":6.0,"turns":3.0},{"damage":20.0,"enemies":"3 Sentries","floor":8.0,"turns":5.0},{"damage":26.0,"enemies":"Gremlin Nob","floor":11.0,"turns":4.0},{"damage":11.0,"enemies":"Exordium Thugs","floor":12.0,"turns":4.0},{"damage":36.0,"enemies":"Slime Boss","floor":16.0,"turns":7.0},{"damage":0,"enemies":"Chosen","floor":18,"turns":3},{"damage":12,"enemies":"3 Byrds","floor":20,"turns":5},{"damage":2,"enemies":"3 Cultists","floor":21,"turns":5},{"damage":54,"enemies":"Chosen and Byrds","floor":22,"turns":7},{"damage":17,"enemies":"Centurion and Healer","floor":24,"turns":5},{"damage":45,"enemies":"Snake Plant","floor":27,"turns":6},{"damage":15,"enemies":"Snecko","floor":29,"turns":5},{"damage":23,"enemies":"Chosen and Byrds","floor":31,"turns":6},{"damage":144,"enemies":"Champ","floor":33,"turns":10}],"seed_played":"-9083625792501186520","potions_obtained":[{"floor":1.0,"key":"EssenceOfSteel"},{"floor":8.0,"key":"Ancient Potion"},{"floor":16.0,"key":"FearPotion"},{"floor":20,"key":"AttackPotion"},{"floor":21,"key":"PowerPotion"},{"floor":27,"key":"SpeedPotion"}],"is_trial":false,"path_per_floor":["M","?","?","$","M","M","R","E","T","$","E","M","R","?","R","B",null,"M","$","M","M","M","R","M","?","T","M","$","M","T","M","R","B"],"character_chosen":"IRONCLAD","items_purchased":["Discovery","Battle Trance","Brimstone","Sword Boomerang"],"campfire_rested":3,"item_purchase_floors":[4,10,28,28],"current_hp_per_floor":[67,52,52,52,58,59,59,45,45,45,25,20,20,20,47,17,72,78,78,72,76,32,59,72,72,79,41,41,51,51,48,78,0],"gold":46,"neow_bonus":"UPGRADE_CARD","is_prod":false,"is_daily":false,"chose_seed":false,"campfire_upgraded":2,"win_rate":0,"timestamp":1552114633,"path_taken":["M","?","?","$","?","M","R","E","T","?","E","M","R","?","R","BOSS","M","$","M","M","?","R","M","?","T","?","$","M","?","M","R","BOSS"],"build_version":"2019-01-23","purchased_purges":0,"victory":false,"max_hp_per_floor":[80,90,90,90,90,90,90,90,90,90,90,90,90,90,90,90,90,90,90,90,90,90,90,90,90,97,98,98,99,99,100,100,100],"card_choices":[{"not_picked":["Anger","Heavy Blade"],"picked":"Infernal Blade","floor":1.0},{"not_picked":["Wild Strike","Body Slam"],"picked":"Dual Wield","floor":5.0},{"not_picked":["Clothesline","Heavy Blade"],"picked":"Shrug It Off","floor":6.0},{"not_picked":["Second Wind","Blood for Blood"],"picked":"Body Slam","floor":8.0},{"not_picked":["Uppercut","Body Slam"],"picked":"Corruption","floor":11.0},{"not_picked":["Intimidate","Sword Boomerang","Anger","Havoc"],"picked":"SKIP","floor":12.0},{"not_picked":["Fiend Fire","Offering","Feed"],"picked":"Reaper","floor":16.0},{"not_picked":["True Grit","Thunderclap","Blood for Blood"],"picked":"Uppercut","floor":17},{"not_picked":["Ghostly Armor","Corruption","Warcry"],"picked":"Shrug It Off","floor":17},{"not_picked":["Cleave","Carnage","Clash"],"picked":"Shrug It Off","floor":17},{"not_picked":["Searing Blow","Sever Soul","Reckless Charge"],"picked":"Entrench","floor":17},{"not_picked":["Warcry","Wild Strike","Clash"],"picked":"Carnage","floor":17},{"not_picked":["Intimidate","Headbutt","Anger"],"picked":"Evolve+1","floor":18},{"not_picked":["Reaper","Warcry","Feel No Pain"],"picked":"Metallicize","floor":20},{"not_picked":["Intimidate","Sword Boomerang","Sever Soul"],"picked":"Cleave","floor":21},{"not_picked":["Combust+1","Warcry","Twin Strike+1"],"picked":"Flame Barrier+1","floor":22},{"not_picked":["Immolate","Clash","Armaments"],"picked":"Warcry+1","floor":24},{"not_picked":["Iron Wave+1","Combust+1","Reckless Charge"],"picked":"Clothesline+1","floor":27},{"not_picked":["Pommel Strike","Wild Strike","Bludgeon"],"picked":"Sword Boomerang","floor":29},{"not_picked":["Iron Wave","Body Slam","Armaments+1"],"picked":"Spot Weakness+1","floor":31}],"player_experience":181563,"relics_obtained":[{"floor":8.0,"key":"PreservedInsect"},{"floor":9.0,"key":"Mercury Hourglass"},{"floor":11.0,"key":"Question Card"},{"floor":26,"key":"Strawberry"},{"floor":30,"key":"Bottled Tornado"}],"event_choices":[{"damage_healed":0.0,"max_hp_gain":0.0,"max_hp_loss":0.0,"gold_gain":0.0,"event_name":"Scrap Ooze","player_choice":"Success","floor":2.0,"gold_loss":0.0,"damage_taken":25.0,"relics_obtained":["Pear"]},{"damage_healed":0.0,"max_hp_gain":0.0,"max_hp_loss":0.0,"gold_gain":0.0,"event_name":"Upgrade Shrine","player_choice":"Upgraded","floor":3.0,"gold_loss":0.0,"damage_taken":0.0,"cards_upgraded":["Infernal Blade"]},{"damage_healed":0.0,"max_hp_gain":0.0,"max_hp_loss":0.0,"gold_gain":0.0,"event_name":"Accursed Blacksmith","player_choice":"Forge","floor":14.0,"gold_loss":0.0,"damage_taken":0.0,"cards_upgraded":["Body Slam"]},{"damage_healed":0,"gold_gain":0,"player_choice":"Trade","damage_taken":0,"relics_obtained":["FaceOfCleric"],"max_hp_gain":0,"max_hp_loss":0,"event_name":"FaceTrader","floor":25,"gold_loss":0}],"is_beta":false,"boss_relics":[{"not_picked":["Runic Dome","Calling Bell"],"picked":"Orrery"}],"items_purged_floors":[],"is_endless":false,"potions_floor_spawned":[1,8,16,20,21,27,29],"killed_by":"Champ","ascension_level":11}