{"gold_per_floor":[18,36,36,36,111,111,151,151,151,151,76,99,99,137,137,230,230,254,254,26,26,42,86,104,104,129,254,315,330,330,354,354,447,447,472,472,472,139,164,208,208,227,227,227,250,250,266,30,30,30,30,30,10,43,43],"floor_reached":56,"playtime":9007,"items_purged":["Strike_G","Writhe"],"score":1931,"play_id":"2642fdeb-5431-4ee1-bfaf-ed70562e4fc7","local_time":"20190818015538","is_ascension_mode":true,"campfire_choices":[{"data":"Neutralize","floor":6.0,"key":"SMITH"},{"floor":8.0,"key":"REST"},{"data":"Leg Sweep","floor":10.0,"key":"SMITH"},{"floor":13.0,"key":"REST"},{"data":"Infinite Blades","floor":15.0,"key":"SMITH"},{"floor":25.0,"key":"REST"},{"floor":30.0,"key":"REST"},{"floor":32.0,"key":"REST"},{"floor":41,"key":"RECALL"},{"floor":44,"key":"REST"},{"floor":49,"key":"REST"},{"floor":52,"key":"REST"}],"neow_cost":"NO_GOLD","seed_source_timestamp":163663226163900,"circlet_count":0,"master_deck":["AscendersBane","Survivor","Neutralize+1","Leg Sweep+1","Infinite Blades+1","Dagger Throw","Slice","Riddle With Holes","Blade Dance","Night Terror","Storm of Steel","Well Laid Plans+1","J.A.X.","All Out Attack","Backflip+1","Cloak And Dagger+1","Backflip+1","Reflex+1","PiercingWail+1","Backstab","Calculated Gamble+1","Terror+1","Malaise+1","Terror+1","All Out Attack","Dodge and Roll+1","Cloak And Dagger+1","Sucker Punch","Flying Knee","Calculated Gamble+1","Apotheosis+1","Deflect+1","Cloak And Dagger+1","Backflip+1","Acrobatics+1","A Thousand Cuts","Prepared+1","Prepared+1","Panache","Caltrops","Escape Plan+1","Choke+1","Concentrate+1"],"special_seed":0,"relics":["Ring of the Snake","Golden Idol","Letter Opener","Gambling Chip","Dream Catcher","Fusion Hammer","Membership Card","Tough Bandages","Toxic Egg 2","Bag of Marbles","Torii","Question Card","Tiny Chest","Pandora\u0027s Box","Potion Belt","Frozen Eye","Centennial Puzzle","The Courier","OrangePellets","PreservedInsect","Blood Vial"],"potions_floor_usage":[42,47,55,55,55,55],"damage_taken":[{"damage":3.0,"enemies":"2 Louse","floor":1.0,"turns":4.0},{"damage":0.0,"enemies":"Small Slimes","floor":2.0,"turns":4.0},{"damage":22.0,"enemies":"Gremlin Nob","floor":7.0,"turns":5.0},{"damage":4.0,"enemies":"Jaw Worm","floor":12.0,"turns":5.0},{"damage":16.0,"enemies":"Lagavulin","floor":14.0,"turns":8.0},{"damage":38.0,"enemies":"Hexaghost","floor":16.0,"turns":13.0},{"damage":3.0,"enemies":"Spheric Guardian","floor":18.0,"turns":4.0},{"damage":7.0,"enemies":"Shell Parasite","floor":22.0,"turns":5.0},{"damage":5.0,"enemies":"Gremlin Leader","floor":23.0,"turns":7.0},{"damage":12.0,"enemies":"3 Cultists","floor":24.0,"turns":4.0},{"damage":3.0,"enemies":"Colosseum Slavers","floor":27.0,"turns":3.0},{"damage":21.0,"enemies":"Colosseum Nobs","floor":27.0,"turns":5.0},{"damage":5.0,"enemies":"Slavers","floor":28.0,"turns":8.0},{"damage":10.0,"enemies":"Centurion and Healer","floor":29.0,"turns":6.0},{"damage":2.0,"enemies":"Chosen and Byrds","floor":31.0,"turns":6.0},{"damage":10.0,"enemies":"Automaton","floor":33.0,"turns":9.0},{"damage":0,"enemies":"Orb Walker","floor":35,"turns":3},{"damage":0,"enemies":"3 Darklings","floor":39,"turns":4},{"damage":3,"enemies":"Giant Head","floor":40,"turns":7},{"damage":11,"enemies":"Jaw Worm Horde","floor":42,"turns":6},{"damage":1,"enemies":"Writhing Mass","floor":45,"turns":7},{"damage":0,"enemies":"3 Darklings","floor":47,"turns":2},{"damage":10,"enemies":"Awakened One","floor":50,"turns":15},{"damage":0,"enemies":"Shield and Spear","floor":54,"turns":5},{"damage":51,"enemies":"The Heart","floor":55,"turns":9}],"seed_played":"4445847907990711649","potions_obtained":[{"floor":1.0,"key":"SpeedPotion"},{"floor":14.0,"key":"GhostInAJar"},{"floor":16.0,"key":"Block Potion"},{"floor":22.0,"key":"Strength Potion"},{"floor":23.0,"key":"Weak Potion"},{"floor":28.0,"key":"Block Potion"},{"floor":29.0,"key":"Fire Potion"},{"floor":31.0,"key":"GamblersBrew"},{"floor":39,"key":"Dexterity Potion"},{"floor":40,"key":"Regen Potion"},{"floor":45,"key":"SpeedPotion"}],"is_trial":false,"path_per_floor":["M","M","?","?","?","R","E","R","T","R","?","M","R","E","R","B",null,"M","?","$","?","M","E","M","R","T","?","E","M","R","M","R","B",null,"M","?","T","$","M","E","R","M","T","R","M","T","M","$","R","B",null,"R","$","E","B",null],"character_chosen":"THE_SILENT","items_purchased":["Membership Card","Apotheosis+1","Regen Potion","Deflect+1","Frozen Eye","Swift Potion","Panache","Caltrops","OrangePellets","PreservedInsect","SkillPotion"],"campfire_rested":8,"item_purchase_floors":[20,38,38,38,38,38,48,48,48,48,53],"current_hp_per_floor":[56,56,56,61,50,50,28,47,47,47,47,43,62,46,46,8,51,48,48,48,48,41,36,24,43,43,19,14,4,23,21,40,30,56,56,56,56,56,56,53,53,55,55,65,64,64,64,64,65,55,63,65,65,65,19],"gold":43,"neow_bonus":"TRANSFORM_TWO_CARDS","is_prod":false,"is_daily":false,"chose_seed":false,"campfire_upgraded":3,"win_rate":0,"timestamp":1566118538,"path_taken":["M","M","?","?","?","R","E","R","T","R","?","M","R","E","R","BOSS","M","?","$","?","M","E","M","R","T","?","E","M","R","?","R","BOSS","BOSS","M","?","?","$","M","E","R","?","T","R","M","?","M","$","R","BOSS","R","$","E","BOSS"],"build_version":"2019-07-17","purchased_purges":2,"victory":true,"max_hp_per_floor":[66,66,60,65,65,65,65,65,65,65,65,65,65,65,65,65,65,65,65,65,65,65,65,65,65,65,65,65,65,65,65,65,65,65,65,65,65,65,65,65,65,65,65,65,65,65,65,65,65,65,65,65,65,65,65],"card_choices":[{"not_picked":["Prepared","Sucker Punch"],"picked":"Dagger Throw","floor":1.0},{"not_picked":["Setup","Bane"],"picked":"Slice","floor":2.0},{"not_picked":["Accuracy","Acrobatics"],"picked":"Riddle With Holes","floor":7.0},{"not_picked":["Deflect","Expertise"],"picked":"Blade Dance","floor":12.0},{"not_picked":["Sucker Punch","Catalyst"],"picked":"Night Terror","floor":14.0},{"not_picked":["Tools of the Trade","Night Terror"],"picked":"Storm of Steel","floor":16.0},{"not_picked":["Flying Knee","Bane"],"picked":"Well Laid Plans+1","floor":18.0},{"not_picked":["Dagger Throw","Deadly Poison","Flying Knee"],"picked":"SKIP","floor":22.0},{"not_picked":["Underhanded Strike","Quick Slash"],"picked":"All Out Attack","floor":23.0},{"not_picked":["Masterful Stab","Acrobatics+1"],"picked":"Backflip+1","floor":24.0},{"not_picked":["Eviscerate","Distraction+1"],"picked":"Cloak And Dagger+1","floor":25.0},{"not_picked":["Catalyst+1","Caltrops"],"picked":"Backflip+1","floor":27.0},{"not_picked":["Predator","Outmaneuver+1","Backflip+1"],"picked":"Reflex+1","floor":28.0},{"not_picked":["Deflect+1","Setup+1","Outmaneuver+1"],"picked":"PiercingWail+1","floor":29.0},{"not_picked":["Prepared+1","Infinite Blades","Blade Dance+1"],"picked":"Backstab","floor":30.0},{"not_picked":["PiercingWail+1","Underhanded Strike","Envenom"],"picked":"Calculated Gamble+1","floor":31.0},{"not_picked":["Calculated Gamble+1","Outmaneuver+1","Poisoned Stab"],"picked":"Terror+1","floor":32.0},{"not_picked":["Wraith Form v2","Storm of Steel+1","After Image"],"picked":"Malaise+1","floor":33},{"not_picked":["Underhanded Strike","Deadly Poison+1","Backflip+1"],"picked":"Calculated Gamble+1","floor":35},{"not_picked":["Slice","Blade Dance+1","Sucker Punch"],"picked":"Cloak And Dagger+1","floor":39},{"not_picked":["Quick Slash+1","Heel Hook","Dagger Throw+1"],"picked":"Backflip+1","floor":40},{"not_picked":["Dagger Throw","Catalyst+1","Dash"],"picked":"Acrobatics+1","floor":42},{"not_picked":["Outmaneuver+1","Dodge and Roll+1","Bane"],"picked":"A Thousand Cuts","floor":44},{"not_picked":["Flying Knee","Blade Dance+1","Quick Slash"],"picked":"Prepared+1","floor":45},{"not_picked":["Sucker Punch","Outmaneuver+1","Reflex+1"],"picked":"Prepared+1","floor":47},{"not_picked":["Heel Hook+1","Catalyst+1","PiercingWail+1"],"picked":"Escape Plan+1","floor":49},{"not_picked":["Calculated Gamble+1","Dash","Escape Plan+1"],"picked":"Choke+1","floor":52},{"not_picked":["Tools of the Trade","Endless Agony","Skewer"],"picked":"Concentrate+1","floor":54}],"player_experience":596586,"relics_obtained":[{"floor":7.0,"key":"Letter Opener"},{"floor":9.0,"key":"Gambling Chip"},{"floor":14.0,"key":"Dream Catcher"},{"floor":23.0,"key":"Toxic Egg 2"},{"floor":26.0,"key":"Bag of Marbles"},{"floor":27.0,"key":"Torii"},{"floor":27.0,"key":"Question Card"},{"floor":28.0,"key":"Tiny Chest"},{"floor":37,"key":"Potion Belt"},{"floor":40,"key":"Centennial Puzzle"},{"floor":46,"key":"The Courier"},{"floor":54,"key":"Blood Vial"}],"event_choices":[{"damage_healed":0.0,"max_hp_gain":0.0,"max_hp_loss":6.0,"gold_gain":0.0,"event_name":"Golden Idol","player_choice":"Lose Max HP","floor":3.0,"gold_loss":0.0,"damage_taken":0.0,"relics_obtained":["Golden Idol"]},{"damage_healed":0.0,"max_hp_gain":5.0,"max_hp_loss":0.0,"gold_gain":0.0,"event_name":"Big Fish","player_choice":"Donut","floor":4.0,"gold_loss":0.0,"damage_taken":0.0},{"damage_healed":0.0,"max_hp_gain":0.0,"max_hp_loss":0.0,"gold_gain":75.0,"event_name":"World of Goop","player_choice":"Gather Gold","floor":5.0,"gold_loss":0.0,"damage_taken":11.0},{"cards_removed":["Strike_G"],"damage_healed":0.0,"max_hp_gain":0.0,"max_hp_loss":0.0,"gold_gain":0.0,"event_name":"The Cleric","player_choice":"Card Removal","floor":11.0,"gold_loss":75.0,"damage_taken":0.0},{"damage_healed":0.0,"max_hp_gain":0.0,"max_hp_loss":0.0,"gold_gain":0.0,"event_name":"Drug Dealer","player_choice":"Obtain J.A.X.","floor":19.0,"gold_loss":0.0,"damage_taken":0.0,"cards_obtained":["J.A.X."]},{"damage_healed":0.0,"max_hp_gain":0.0,"max_hp_loss":0.0,"gold_gain":0.0,"event_name":"The Mausoleum","player_choice":"Opened","floor":21.0,"gold_loss":0.0,"damage_taken":0.0,"relics_obtained":["Tough Bandages"],"cards_obtained":["Writhe"]},{"damage_healed":0.0,"max_hp_gain":0.0,"max_hp_loss":0.0,"gold_gain":0.0,"event_name":"Colosseum","player_choice":"Fight","floor":27.0,"gold_loss":0.0,"damage_taken":0.0},{"damage_healed":0.0,"max_hp_gain":0.0,"max_hp_loss":0.0,"gold_gain":0.0,"event_name":"Colosseum","player_choice":"Fought Nobs","floor":27.0,"gold_loss":0.0,"damage_taken":0.0},{"damage_healed":0,"gold_gain":0,"player_choice":"Ignored","damage_taken":0,"max_hp_gain":0,"max_hp_loss":0,"event_name":"Tomb of Lord Red Mask","floor":36,"gold_loss":0}],"is_beta":false,"boss_relics":[{"not_picked":["Ectoplasm","Black Star"],"picked":"Fusion Hammer"},{"not_picked":["HoveringKite","Coffee Dripper"],"picked":"Pandora\u0027s Box"}],"items_purged_floors":[20,38],"is_endless":false,"potions_floor_spawned":[1,14,16,22,23,28,29,31,39,40,45],"ascension_level":15}