{"gold_per_floor":[113,125,135,149,159,187,237,266,266,266,291,323,51,51,51,156,156,176,91,91,91,102,127,127,137,162,181,19,52,66,92,92,191,191,204,216,0,0],"floor_reached":38,"playtime":1138,"items_purged":["Strike_R+1"],"score":720,"play_id":"865cba30-41c9-4d23-903f-8f75d87d4780","local_time":"20190226091922","is_ascension_mode":true,"campfire_choices":[{"floor":10,"key":"REST"},{"data":"Armaments","floor":15,"key":"SMITH"},{"floor":24,"key":"REST"},{"floor":32,"key":"REST"}],"neow_cost":"NONE","seed_source_timestamp":622684281858443,"circlet_count":0,"master_deck":["Strike_R+1","Strike_R+1","Defend_R+1","Defend_R+1","Defend_R+1","Bash","Reaper+1","Twin Strike+1","Entrench+1","Metallicize","Clothesline","Fiend Fire","Whirlwind","Armaments+1","Inflame","Double Tap","Armaments+1","Ghostly+1","Ghostly","Ghostly","Ghostly","Ghostly+1","Metallicize","Spot Weakness","Rage+1","Body Slam+1","Flame Barrier","Reaper","Armaments+1","Battle Trance+1","Cleave"],"relics":["Astrolabe","Anchor","Art of War","Meat on the Bone","Odd Mushroom","Blue Candle","Chemical X","Fusion Hammer","PreservedInsect","The Courier","Oddly Smooth Stone","Brimstone","Self Forming Clay","Omamori","Philosopher\u0027s Stone","War Paint"],"potions_floor_usage":[8,11,16,16,22,27,29,30,33,33],"damage_taken":[{"damage":0,"enemies":"Cultist","floor":1,"turns":4},{"damage":1,"enemies":"2 Louse","floor":2,"turns":3},{"damage":0,"enemies":"Small Slimes","floor":3,"turns":4},{"damage":6,"enemies":"Blue Slaver","floor":4,"turns":4},{"damage":17,"enemies":"Looter","floor":5,"turns":4},{"damage":24,"enemies":"Gremlin Nob","floor":6,"turns":4},{"damage":29,"enemies":"Lagavulin","floor":8,"turns":7},{"damage":3,"enemies":"The Mushroom Lair","floor":11,"turns":3},{"damage":29,"enemies":"Gremlin Nob","floor":12,"turns":5},{"damage":39,"enemies":"Hexaghost","floor":16,"turns":10},{"damage":16,"enemies":"Spheric Guardian","floor":18,"turns":4},{"damage":0,"enemies":"3 Byrds","floor":22,"turns":4},{"damage":3,"enemies":"Slavers","floor":23,"turns":8},{"damage":0,"enemies":"Snake Plant","floor":25,"turns":4},{"damage":1,"enemies":"Snecko","floor":27,"turns":4},{"damage":0,"enemies":"Book of Stabbing","floor":29,"turns":3},{"damage":0,"enemies":"3 Cultists","floor":30,"turns":3},{"damage":14,"enemies":"Gremlin Leader","floor":31,"turns":4},{"damage":40,"enemies":"Collector","floor":33,"turns":9},{"damage":4,"enemies":"3 Shapes","floor":35,"turns":2},{"damage":0,"enemies":"Orb Walker","floor":36,"turns":3},{"damage":39,"enemies":"Transient","floor":38,"turns":3}],"seed_played":"-8016122583641060264","potions_obtained":[{"floor":2,"key":"Dexterity Potion"},{"floor":3,"key":"Explosive Potion"},{"floor":8,"key":"Energy Potion"},{"floor":11,"key":"SteroidPotion"},{"floor":16,"key":"LiquidBronze"},{"floor":22,"key":"FearPotion"},{"floor":23,"key":"BloodPotion"},{"floor":25,"key":"SkillPotion"},{"floor":29,"key":"PowerPotion"},{"floor":30,"key":"FearPotion"},{"floor":36,"key":"Ancient Potion"}],"is_trial":false,"path_per_floor":["M","M","M","M","M","E","?","E","T","R","?","E","$","?","R","B",null,"M","?","?","?","M","E","R","M","T","M","$","E","M","E","R","B",null,"M","M","$","M"],"character_chosen":"IRONCLAD","items_purchased":["Chemical X","Inflame","Brimstone","War Paint","Cleave"],"campfire_rested":3,"item_purchase_floors":[13,13,28,37,37],"current_hp_per_floor":[72,76,80,74,62,38,38,14,14,38,50,38,38,38,38,18,65,49,49,49,40,40,37,40,40,40,39,39,39,39,25,37,16,34,30,37,37,0],"gold":0,"neow_bonus":"BOSS_RELIC","is_prod":false,"is_daily":false,"chose_seed":false,"campfire_upgraded":1,"win_rate":0,"timestamp":1551190762,"path_taken":["M","M","?","M","M","E","?","E","T","R","?","E","$","?","R","BOSS","M","?","?","?","M","E","R","M","T","M","$","E","M","E","R","BOSS","M","M","$","M"],"build_version":"2019-01-23","purchased_purges":1,"victory":false,"max_hp_per_floor":[80,80,80,80,80,80,80,80,80,80,80,80,80,80,80,80,80,80,80,80,40,40,40,40,40,40,40,40,40,40,40,40,40,40,40,40,40,40],"card_choices":[{"not_picked":["Iron Wave","Fire Breathing","Heavy Blade"],"picked":"SKIP","floor":1},{"not_picked":["Twin Strike","Cleave"],"picked":"Metallicize","floor":2},{"not_picked":["Entrench","Pommel Strike"],"picked":"Clothesline","floor":3},{"not_picked":["Havoc","Twin Strike","Pommel Strike"],"picked":"SKIP","floor":4},{"not_picked":["Dropkick","Hemokinesis","Warcry"],"picked":"SKIP","floor":5},{"not_picked":["Burning Pact","Iron Wave"],"picked":"Fiend Fire","floor":6},{"not_picked":["Sentinel","Heavy Blade"],"picked":"Whirlwind","floor":8},{"not_picked":["Flex","Burning Pact"],"picked":"Armaments","floor":12},{"not_picked":["Barricade","Fiend Fire"],"picked":"Double Tap","floor":16},{"not_picked":["Shrug It Off","Anger"],"picked":"Armaments+1","floor":18},{"not_picked":["Wild Strike+1","Bloodletting","Clothesline"],"picked":"SKIP","floor":22},{"not_picked":["Feel No Pain","Clothesline"],"picked":"Metallicize","floor":23},{"not_picked":["Whirlwind+1","Havoc"],"picked":"Spot Weakness","floor":25},{"not_picked":["Infernal Blade","Thunderclap"],"picked":"Rage+1","floor":27},{"not_picked":["Metallicize+1","Sword Boomerang+1"],"picked":"Body Slam+1","floor":29},{"not_picked":["Body Slam","Clash","True Grit"],"picked":"SKIP","floor":30},{"not_picked":["Dark Embrace","Uppercut"],"picked":"Flame Barrier","floor":31},{"not_picked":["Fiend Fire","Offering"],"picked":"Reaper","floor":33},{"not_picked":["Thunderclap+1","Dropkick"],"picked":"Armaments+1","floor":35},{"not_picked":["Ghostly Armor","Flex+1"],"picked":"Battle Trance+1","floor":36}],"player_experience":140521,"relics_obtained":[{"floor":6,"key":"Anchor"},{"floor":8,"key":"Art of War"},{"floor":9,"key":"Meat on the Bone"},{"floor":11,"key":"Odd Mushroom"},{"floor":12,"key":"Blue Candle"},{"floor":23,"key":"The Courier"},{"floor":26,"key":"Oddly Smooth Stone"},{"floor":29,"key":"Self Forming Clay"},{"floor":31,"key":"Omamori"}],"event_choices":[{"damage_healed":0,"gold_gain":50,"player_choice":"Gained Gold","damage_taken":0,"max_hp_gain":0,"max_hp_loss":0,"event_name":"Golden Wing","floor":7,"gold_loss":0},{"damage_healed":0,"gold_gain":0,"player_choice":"Fought Mushrooms","damage_taken":0,"max_hp_gain":0,"max_hp_loss":0,"event_name":"Mushrooms","floor":11,"gold_loss":0},{"damage_healed":0,"gold_gain":0,"player_choice":"Searched \u00271\u0027 times","damage_taken":0,"max_hp_gain":0,"max_hp_loss":0,"event_name":"Dead Adventurer","floor":14,"gold_loss":0},{"damage_healed":0,"gold_gain":0,"player_choice":"Obtained Relic","damage_taken":0,"relics_obtained":["PreservedInsect"],"max_hp_gain":0,"max_hp_loss":0,"event_name":"Addict","floor":19,"gold_loss":85},{"damage_healed":0,"gold_gain":0,"player_choice":"Simplicity","damage_taken":0,"max_hp_gain":0,"max_hp_loss":0,"event_name":"Back to Basics","floor":20,"gold_loss":0,"cards_upgraded":["Strike_R","Strike_R","Strike_R","Defend_R","Defend_R","Defend_R"]},{"damage_healed":0,"gold_gain":0,"player_choice":"Became a Ghost","damage_taken":0,"max_hp_gain":0,"max_hp_loss":40,"event_name":"Ghosts","floor":21,"gold_loss":0,"cards_obtained":["Ghostly","Ghostly","Ghostly","Ghostly","Ghostly"]}],"is_beta":false,"boss_relics":[{"not_picked":["Coffee Dripper","Black Star"],"picked":"Fusion Hammer"},{"not_picked":["Runic Pyramid","Calling Bell"],"picked":"Philosopher\u0027s Stone"}],"items_purged_floors":[37],"is_endless":false,"potions_floor_spawned":[2,3,8,11,16,22,23,25,29,30,36],"killed_by":"Transient","ascension_level":9}