{"gold_per_floor":[114,114,114,66,85,85,117,117,144,172,185,185,212,232,232,307,307,327,18,31,31,51,76,76,76,154,182,182,182,182],"floor_reached":30,"playtime":788,"items_purged":[],"score":535,"play_id":"09d1df4b-c2dc-4c04-99b6-d861a55560d9","local_time":"20190329101345","is_ascension_mode":true,"campfire_choices":[{"data":"Zap","floor":6,"key":"SMITH"},{"data":"Doom and Gloom","floor":8,"key":"SMITH"},{"data":"Coolheaded","floor":12,"key":"SMITH"},{"data":"Glacier","floor":15,"key":"SMITH"},{"floor":25,"key":"REST"},{"floor":28,"key":"REST"}],"neow_cost":"NONE","seed_source_timestamp":1354647364792293,"circlet_count":0,"master_deck":["AscendersBane","Defend_B","Defend_B","Defend_B","Defend_B","Zap+1","Dualcast","Gash","Ball Lightning","Doom and Gloom+1","Coolheaded+1","Cold Snap","Glacier+1","Electrodynamics","Ball Lightning","Self Repair","Capacitor","Defragment","Bite","Bite","Bite","Bite","Bite","Conserve Battery+1","Streamline"],"relics":["Cracked Core","NeowsBlessing","FaceOfCleric","Smiling Mask","Juzu Bracelet","Symbiotic Virus","Dream Catcher","Snecko Eye","Gremlin Horn","Orichalcum","Frozen Egg 2","Anchor","Nilry\u0027s Codex"],"potions_floor_usage":[10,16,16,21,23],"damage_taken":[{"damage":0,"enemies":"Jaw Worm","floor":1,"turns":1},{"damage":0,"enemies":"Cultist","floor":5,"turns":1},{"damage":0,"enemies":"3 Sentries","floor":7,"turns":1},{"damage":34,"enemies":"Gremlin Nob","floor":10,"turns":4},{"damage":3,"enemies":"Small Slimes","floor":11,"turns":3},{"damage":18,"enemies":"3 Sentries","floor":13,"turns":4},{"damage":7,"enemies":"2 Fungi Beasts","floor":14,"turns":2},{"damage":14,"enemies":"Hexaghost","floor":16,"turns":10},{"damage":7,"enemies":"Spheric Guardian","floor":18,"turns":5},{"damage":17,"enemies":"Shell Parasite","floor":20,"turns":3},{"damage":17,"enemies":"Colosseum Slavers","floor":21,"turns":3},{"damage":0,"enemies":"Chosen and Byrds","floor":22,"turns":4},{"damage":29,"enemies":"Slavers","floor":23,"turns":3},{"damage":54,"enemies":"Book of Stabbing","floor":27,"turns":8},{"damage":27,"enemies":"Snake Plant","floor":30,"turns":3}],"seed_played":"3776082573662885761","potions_obtained":[{"floor":7,"key":"SkillPotion"},{"floor":10,"key":"SpeedPotion"},{"floor":14,"key":"Ancient Potion"},{"floor":16,"key":"Swift Potion"},{"floor":22,"key":"FearPotion"}],"is_trial":false,"path_per_floor":["M","?","?","$","M","R","E","R","T","E","M","R","E","M","R","B",null,"M","$","M","?","M","E","?","R","T","E","R","?","M"],"character_chosen":"DEFECT","items_purchased":["Ball Lightning","Gremlin Horn","Self Repair"],"campfire_rested":2,"item_purchase_floors":[4,19,19],"current_hp_per_floor":[68,73,73,73,74,74,75,75,75,42,40,40,23,17,17,4,66,60,60,44,35,43,22,22,41,41,13,32,16,0],"gold":182,"neow_bonus":"THREE_ENEMY_KILL","is_prod":false,"is_daily":false,"chose_seed":false,"campfire_upgraded":4,"win_rate":0,"timestamp":1553868825,"path_taken":["M","?","?","$","?","R","E","R","T","E","M","R","E","M","R","BOSS","M","$","M","?","M","E","?","R","T","E","R","?","M"],"build_version":"2019-01-23","purchased_purges":0,"victory":false,"max_hp_per_floor":[75,80,80,80,81,81,82,82,82,83,84,84,85,86,86,87,87,88,88,89,90,91,92,64,64,64,65,65,65,65],"card_choices":[{"not_picked":["Streamline","Barrage"],"picked":"Gash","floor":1},{"not_picked":["Conserve Battery","White Noise"],"picked":"Doom and Gloom","floor":5},{"not_picked":["Fusion","Auto Shields","Turbo"],"picked":"SKIP","floor":7},{"not_picked":["Static Discharge","Aggregate"],"picked":"Coolheaded","floor":10},{"not_picked":["Beam Cell","Barrage"],"picked":"Cold Snap","floor":11},{"not_picked":["Tempest","Consume"],"picked":"Glacier","floor":13},{"not_picked":["Amplify","Hello World","Rebound"],"picked":"SKIP","floor":14},{"not_picked":["Seek","Amplify"],"picked":"Electrodynamics","floor":16},{"not_picked":["Redo","Darkness"],"picked":"Ball Lightning","floor":18},{"not_picked":["Blizzard+1","Chaos","Go for the Eyes"],"picked":"SKIP","floor":20},{"not_picked":["Loop","Beam Cell"],"picked":"Capacitor","floor":22},{"not_picked":["Compile Driver+1","Beam Cell"],"picked":"Defragment","floor":23},{"not_picked":["Steam","Steam Power"],"picked":"Conserve Battery+1","floor":25},{"not_picked":["Rip and Tear","Stack"],"picked":"Streamline","floor":27}],"player_experience":223776,"relics_obtained":[{"floor":7,"key":"Smiling Mask"},{"floor":9,"key":"Juzu Bracelet"},{"floor":10,"key":"Symbiotic Virus"},{"floor":13,"key":"Dream Catcher"},{"floor":23,"key":"Orichalcum"},{"floor":26,"key":"Frozen Egg 2"},{"floor":27,"key":"Anchor"},{"floor":29,"key":"Nilry\u0027s Codex"}],"event_choices":[{"damage_healed":0,"gold_gain":0,"player_choice":"Donut","damage_taken":0,"max_hp_gain":5,"max_hp_loss":0,"event_name":"Big Fish","floor":2,"gold_loss":0},{"damage_healed":0,"gold_gain":0,"player_choice":"Trade","damage_taken":0,"relics_obtained":["FaceOfCleric"],"max_hp_gain":0,"max_hp_loss":0,"event_name":"FaceTrader","floor":3,"gold_loss":0},{"damage_healed":0,"gold_gain":0,"player_choice":"Fight","damage_taken":0,"max_hp_gain":0,"max_hp_loss":0,"event_name":"Colosseum","floor":21,"gold_loss":0},{"damage_healed":0,"gold_gain":0,"player_choice":"Fled From Nobs","damage_taken":0,"max_hp_gain":0,"max_hp_loss":0,"event_name":"Colosseum","floor":21,"gold_loss":0},{"damage_healed":0,"gold_gain":0,"player_choice":"Became a vampire","damage_taken":0,"max_hp_gain":0,"max_hp_loss":28,"event_name":"Vampires","floor":24,"gold_loss":0,"cards_obtained":["Bite","Bite","Bite","Bite","Bite"]},{"damage_healed":0,"gold_gain":0,"player_choice":"Obtained Book","damage_taken":16,"max_hp_gain":0,"max_hp_loss":0,"event_name":"Cursed Tome","floor":29,"gold_loss":0}],"is_beta":false,"boss_relics":[{"not_picked":["Pandora\u0027s Box","Eternal Feather"],"picked":"Snecko Eye"}],"items_purged_floors":[],"is_endless":false,"potions_floor_spawned":[7,10,14,16,21,22],"killed_by":"Snake Plant","ascension_level":13}