{"gold_per_floor":[115,130,130,110,57,89,89,109,109,109,154,165,180,198,198,277,277,287,307,307,307,323,323,335,353,353,353,353,368,379,389,389,464,464,480,480,496,67,67,67,67],"floor_reached":41,"playtime":4694,"items_purged":["Strike_B"],"score":844,"play_id":"ee784be1-ee28-4033-abed-342192be92bb","local_time":"20190821040500","is_ascension_mode":true,"campfire_choices":[{"data":"Beam Cell","floor":7.0,"key":"SMITH"},{"data":"Zap","floor":10.0,"key":"SMITH"},{"data":"Creative AI","floor":15.0,"key":"SMITH"},{"data":"Conserve Battery","floor":23.0,"key":"SMITH"},{"floor":28.0,"key":"REST"},{"floor":32.0,"key":"REST"},{"floor":40.0,"key":"REST"}],"neow_cost":"NONE","seed_source_timestamp":475797035365807,"circlet_count":0,"master_deck":["AscendersBane","Defend_B","Defend_B","Defend_B","Defend_B","Zap+1","Dualcast+1","Conserve Battery+1","Ball Lightning","Beam Cell+1","White Noise+1","Undo+1","Creative AI+1","Hologram+1","Echo Form","FTL+1","Skim+1","Stack+1","Coolheaded+1","Hologram+1","Seek+1","Chill+1","Coolheaded+1","Aggregate+1","Stack+1","Conserve Battery+1","Amplify+1","Turbo+1","Fusion+1","Reinforced Body+1","Glacier+1"],"special_seed":0,"relics":["Cracked Core","NeowsBlessing","Toxic Egg 2","Strawberry","Centennial Puzzle","Astrolabe","Nuclear Battery","Mercury Hourglass"],"potions_floor_usage":[41],"damage_taken":[{"damage":0.0,"enemies":"Jaw Worm","floor":1.0,"turns":1.0},{"damage":0.0,"enemies":"Cultist","floor":2.0,"turns":1.0},{"damage":0.0,"enemies":"Gremlin Nob","floor":6.0,"turns":1.0},{"damage":5.0,"enemies":"Small Slimes","floor":8.0,"turns":3.0},{"damage":11.0,"enemies":"Exordium Wildlife","floor":12.0,"turns":3.0},{"damage":5.0,"enemies":"Exordium Thugs","floor":13.0,"turns":4.0},{"damage":6.0,"enemies":"Blue Slaver","floor":14.0,"turns":2.0},{"damage":15.0,"enemies":"The Guardian","floor":16.0,"turns":12.0},{"damage":13.0,"enemies":"Shell Parasite","floor":18.0,"turns":4.0},{"damage":0.0,"enemies":"Chosen","floor":19.0,"turns":5.0},{"damage":14.0,"enemies":"Centurion and Healer","floor":22.0,"turns":7.0},{"damage":5.0,"enemies":"Snecko","floor":24.0,"turns":12.0},{"damage":27.0,"enemies":"3 Cultists","floor":25.0,"turns":6.0},{"damage":8.0,"enemies":"Sentry and Sphere","floor":29.0,"turns":8.0},{"damage":0.0,"enemies":"Centurion and Healer","floor":30.0,"turns":6.0},{"damage":2.0,"enemies":"3 Cultists","floor":31.0,"turns":6.0},{"damage":13.0,"enemies":"Champ","floor":33.0,"turns":12.0},{"damage":25.0,"enemies":"3 Darklings","floor":35.0,"turns":5.0},{"damage":0.0,"enemies":"Orb Walker","floor":37.0,"turns":5.0},{"damage":69,"enemies":"Reptomancer","floor":41,"turns":2}],"seed_played":"-5530134442909512090","potions_obtained":[{"floor":1.0,"key":"PowerPotion"},{"floor":4.0,"key":"SneckoOil"},{"floor":12.0,"key":"Fire Potion"},{"floor":19.0,"key":"FocusPotion"},{"floor":30.0,"key":"FocusPotion"},{"floor":33.0,"key":"Block Potion"},{"floor":35.0,"key":"SkillPotion"}],"is_trial":false,"path_per_floor":["M","M","$","?","$","E","R","M","T","R","T","M","M","M","R","B",null,"M","M","$","?","M","R","M","M","T","?","R","M","M","M","R","B",null,"M","?","M","$","?","R","E"],"character_chosen":"DEFECT","items_purchased":["Cold Snap","Glacier+1","Mercury Hourglass"],"campfire_rested":3,"item_purchase_floors":[5,38,38],"current_hp_per_floor":[64,64,64,64,64,64,64,59,66,66,66,55,50,44,44,29,66,53,53,53,53,39,39,34,7,7,7,30,22,22,20,43,30,66,41,41,41,41,41,64,0],"gold":67,"neow_bonus":"THREE_ENEMY_KILL","is_prod":false,"is_daily":false,"chose_seed":false,"campfire_upgraded":4,"win_rate":0,"timestamp":1566385500,"path_taken":["M","M","$","?","?","E","R","M","T","R","?","M","?","M","R","BOSS","M","M","$","?","M","R","M","M","T","?","R","M","M","?","R","BOSS","M","?","?","$","?","R","E"],"build_version":"2019-08-15","purchased_purges":1,"victory":false,"max_hp_per_floor":[71,71,71,71,71,71,71,71,78,78,78,78,78,78,78,78,78,78,78,78,78,78,78,78,78,78,78,78,78,78,78,78,78,78,78,78,78,78,78,78,78],"card_choices":[{"not_picked":["Leap","Barrage"],"picked":"Conserve Battery","floor":1.0},{"not_picked":["Stack","Turbo"],"picked":"Ball Lightning","floor":2.0},{"not_picked":["Doom and Gloom","Meteor Strike"],"picked":"Beam Cell","floor":6.0},{"not_picked":["Chill+1","Hologram+1"],"picked":"White Noise+1","floor":8.0},{"not_picked":["Turbo+1","Barrage"],"picked":"Undo+1","floor":12.0},{"not_picked":["Hologram+1","Ball Lightning"],"picked":"Creative AI","floor":13.0},{"not_picked":["Barrage","Compile Driver"],"picked":"Hologram+1","floor":14.0},{"not_picked":["Thunder Strike","Core Surge"],"picked":"Echo Form","floor":16.0},{"not_picked":["Go for the Eyes","Sweeping Beam+1"],"picked":"Stack+1","floor":18.0},{"not_picked":["Rebound","Storm"],"picked":"Coolheaded+1","floor":19.0},{"not_picked":["Storm","Stack+1"],"picked":"Seek+1","floor":22.0},{"not_picked":["Self Repair","Reprogram+1"],"picked":"Chill+1","floor":24.0},{"not_picked":["Ball Lightning","Genetic Algorithm+1"],"picked":"Coolheaded+1","floor":25.0},{"not_picked":["Skim+1","Compile Driver"],"picked":"Aggregate+1","floor":29.0},{"not_picked":["Go for the Eyes","Hologram+1"],"picked":"Stack+1","floor":30.0},{"not_picked":["Leap+1","Steam+1"],"picked":"Conserve Battery+1","floor":31.0},{"not_picked":["Creative AI","Buffer"],"picked":"Amplify+1","floor":33.0},{"not_picked":["Leap+1","Lockon"],"picked":"Turbo+1","floor":35.0},{"not_picked":["Beam Cell","Steam+1"],"picked":"Reinforced Body+1","floor":37.0}],"player_experience":3022183,"relics_obtained":[{"floor":6.0,"key":"Toxic Egg 2"},{"floor":9.0,"key":"Strawberry"},{"floor":11.0,"key":"Centennial Puzzle"}],"event_choices":[{"damage_healed":0.0,"max_hp_gain":0.0,"max_hp_loss":0.0,"gold_gain":0.0,"event_name":"The Woman in Blue","player_choice":"Bought 1 Potion","floor":4.0,"gold_loss":0.0,"damage_taken":0.0},{"damage_healed":0.0,"max_hp_gain":0.0,"max_hp_loss":0.0,"gold_gain":0.0,"event_name":"The Library","player_choice":"Read","floor":21.0,"gold_loss":0.0,"damage_taken":0.0,"cards_obtained":["Hologram"]},{"damage_healed":0.0,"max_hp_gain":0.0,"max_hp_loss":0.0,"gold_gain":0.0,"event_name":"Accursed Blacksmith","player_choice":"Forge","floor":27.0,"gold_loss":0.0,"damage_taken":0.0,"cards_upgraded":["Dualcast"]},{"damage_healed":0.0,"max_hp_gain":0.0,"max_hp_loss":0.0,"gold_gain":0.0,"cards_transformed":["Hello World"],"event_name":"Transmorgrifier","player_choice":"Transformed","floor":36.0,"gold_loss":0.0,"damage_taken":0.0,"cards_obtained":["Fusion"]},{"cards_removed":["Cold Snap"],"damage_healed":0.0,"max_hp_gain":0.0,"max_hp_loss":0.0,"gold_gain":0.0,"event_name":"Falling","player_choice":"Removed Attack","floor":39.0,"gold_loss":0.0,"damage_taken":0.0}],"is_beta":true,"boss_relics":[{"not_picked":["Black Star","Tiny House"],"picked":"Astrolabe"},{"not_picked":["Runic Dome","FrozenCore"],"picked":"Nuclear Battery"}],"items_purged_floors":[38],"is_endless":false,"potions_floor_spawned":[1,12,16,19,24,29,30,33,35],"killed_by":"Reptomancer","ascension_level":20}