{"gold_per_floor":[114,24,74,91,102,102,127,127,127,30,50,75,75,95,95,173,173,191,202,16,16,30,30,30],"floor_reached":24,"playtime":688,"items_purged":["Strike_B"],"score":412,"play_id":"36c06338-7152-4345-b639-f69f170a9388","local_time":"20190823184810","is_ascension_mode":true,"campfire_choices":[{"data":"Doom and Gloom","floor":6,"key":"SMITH"},{"data":"Coolheaded","floor":8,"key":"SMITH"},{"data":"Darkness","floor":15,"key":"SMITH"},{"data":"Biased Cognition","floor":23,"key":"SMITH"}],"neow_cost":"NONE","seed_source_timestamp":0,"circlet_count":0,"master_deck":["AscendersBane","Strike_B","Strike_B","Strike_B","Defend_B","Defend_B","Defend_B","Defend_B","Zap","Dualcast","Auto Shields","Doom and Gloom+1","Coolheaded+1","Finesse","Gash","Chill","Darkness+1","Biased Cognition+1","Coolheaded","Recycle+1","Gash"],"special_seed":0,"relics":["Cracked Core","Darkstone Periapt","Ancient Tea Set","The Courier","Nuclear Battery","Centennial Puzzle"],"potions_floor_usage":[16,16],"damage_taken":[{"damage":6,"enemies":"Small Slimes","floor":1,"turns":4},{"damage":0,"enemies":"Cultist","floor":4,"turns":5},{"damage":1,"enemies":"Jaw Worm","floor":5,"turns":3},{"damage":26,"enemies":"3 Sentries","floor":7,"turns":7},{"damage":1,"enemies":"3 Louse","floor":11,"turns":2},{"damage":18,"enemies":"Lagavulin","floor":12,"turns":7},{"damage":2,"enemies":"Looter","floor":14,"turns":3},{"damage":6,"enemies":"Hexaghost","floor":16,"turns":7},{"damage":20,"enemies":"2 Thieves","floor":18,"turns":3},{"damage":19,"enemies":"Chosen","floor":19,"turns":4},{"damage":35,"enemies":"Snake Plant","floor":22,"turns":4},{"damage":21,"enemies":"Gremlin Leader","floor":24,"turns":8}],"seed_played":"-5857141932193911093","potions_obtained":[{"floor":1,"key":"FocusPotion"},{"floor":4,"key":"LiquidBronze"},{"floor":16,"key":"SpeedPotion"}],"is_trial":false,"path_per_floor":["M","$","?","M","M","R","E","R","T","$","M","E","?","M","R","B",null,"M","M","$","?","M","R","E"],"character_chosen":"DEFECT","items_purchased":["Doom and Gloom","Finesse","Centennial Puzzle"],"campfire_rested":0,"item_purchase_floors":[2,10,20],"current_hp_per_floor":[58,58,58,58,57,57,31,31,31,31,30,12,12,10,10,4,54,34,15,15,81,46,46,25],"gold":30,"neow_bonus":"ONE_RANDOM_RARE_CARD","is_prod":false,"is_daily":false,"chose_seed":false,"campfire_upgraded":4,"win_rate":0,"timestamp":1566600490,"path_taken":["M","$","?","M","M","R","E","R","T","?","?","E","?","M","R","BOSS","M","M","$","?","M","R","E"],"build_version":"2019-07-17","purchased_purges":1,"victory":false,"max_hp_per_floor":[71,71,71,71,71,71,71,71,71,71,71,71,71,71,71,71,71,71,71,71,81,81,81,81],"card_choices":[{"not_picked":["Go for the Eyes","Tempest"],"picked":"Auto Shields","floor":1},{"not_picked":["Skim","Scrape","Hello World"],"picked":"SKIP","floor":4},{"not_picked":["Beam Cell","Ball Lightning"],"picked":"Coolheaded","floor":5},{"not_picked":["Leap","Blizzard","Turbo"],"picked":"SKIP","floor":7},{"not_picked":["Turbo","Doom and Gloom"],"picked":"Gash","floor":11},{"not_picked":["Sweeping Beam","Doom and Gloom"],"picked":"Chill","floor":12},{"not_picked":["Leap","Stack"],"picked":"Darkness","floor":14},{"not_picked":["Hyperbeam","Buffer"],"picked":"Biased Cognition","floor":16},{"not_picked":["Turbo","Steam"],"picked":"Coolheaded","floor":18},{"not_picked":["Tempest","Double Energy"],"picked":"Recycle+1","floor":19},{"not_picked":["Leap","Go for the Eyes"],"picked":"Gash","floor":22}],"player_experience":589397,"relics_obtained":[{"floor":7,"key":"Darkstone Periapt"},{"floor":9,"key":"Ancient Tea Set"},{"floor":12,"key":"The Courier"}],"event_choices":[{"damage_healed":0,"gold_gain":50,"player_choice":"Pray","damage_taken":0,"max_hp_gain":0,"max_hp_loss":0,"event_name":"Golden Shrine","floor":3,"gold_loss":0},{"damage_healed":0,"gold_gain":0,"player_choice":"Ignored","damage_taken":0,"max_hp_gain":0,"max_hp_loss":0,"event_name":"Shining Light","floor":13,"gold_loss":0},{"cards_removed":["Rainbow"],"damage_healed":56,"gold_gain":0,"player_choice":"Offered Rare","damage_taken":0,"max_hp_gain":10,"max_hp_loss":0,"event_name":"Bonfire Elementals","floor":21,"gold_loss":0}],"is_beta":false,"boss_relics":[{"not_picked":["Calling Bell","Eternal Feather"],"picked":"Nuclear Battery"}],"items_purged_floors":[20],"is_endless":false,"potions_floor_spawned":[1,4,7,16],"killed_by":"Gremlin Leader","ascension_level":20}