{"gold_per_floor":[111,36,51,65,83,83,118,118,118,118,131,131,147,181,181,181],"floor_reached":16,"playtime":792,"items_purged":[],"score":224,"play_id":"aad59c98-5241-4bfc-b7fb-febcaa58752e","local_time":"20190807004521","is_ascension_mode":true,"campfire_choices":[{"data":"Defragment","floor":6,"key":"SMITH"},{"data":"Zap","floor":8,"key":"SMITH"},{"data":"Cold Snap","floor":10,"key":"SMITH"},{"data":"Defragment","floor":15,"key":"SMITH"}],"neow_cost":"NONE","seed_source_timestamp":421762733971845,"circlet_count":0,"master_deck":["AscendersBane","Strike_B","Strike_B","Strike_B","Strike_B","Defend_B","Defend_B","Defend_B","Defend_B","Zap+1","Dualcast+1","White Noise","Cold Snap+1","Conserve Battery+1","Defragment+1","Reinforced Body+1","Ball Lightning","Leap","Ball Lightning","Leap","Defragment+1"],"relics":["Cracked Core","Lantern","War Paint","Bottled Lightning"],"potions_floor_usage":[5,5,13,13],"damage_taken":[{"damage":6,"enemies":"Cultist","floor":1,"turns":4},{"damage":2,"enemies":"Jaw Worm","floor":3,"turns":4},{"damage":0,"enemies":"2 Louse","floor":4,"turns":3},{"damage":0,"enemies":"Large Slime","floor":5,"turns":5},{"damage":20,"enemies":"3 Sentries","floor":7,"turns":8},{"damage":0,"enemies":"Exordium Wildlife","floor":11,"turns":4},{"damage":0,"enemies":"Red Slaver","floor":13,"turns":1},{"damage":30,"enemies":"Gremlin Nob","floor":14,"turns":4},{"damage":20,"enemies":"The Guardian","floor":16,"turns":2}],"seed_played":"5081152803501291383","potions_obtained":[{"floor":3,"key":"Swift Potion"},{"floor":4,"key":"Fire Potion"},{"floor":5,"key":"Weak Potion"},{"floor":7,"key":"Fire Potion"}],"is_trial":false,"path_per_floor":["M","$","M","M","M","R","E","R","T","R","M","?","M","E","R","B"],"character_chosen":"DEFECT","items_purchased":["Cold Snap","Conserve Battery"],"campfire_rested":0,"item_purchase_floors":[2,2],"current_hp_per_floor":[58,58,56,56,56,56,36,36,36,36,36,36,36,6,6,0],"gold":181,"neow_bonus":"RANDOM_COMMON_RELIC","is_prod":false,"is_daily":false,"chose_seed":false,"campfire_upgraded":4,"win_rate":0,"timestamp":1565163921,"path_taken":["M","?","M","M","?","R","E","R","T","R","M","?","M","E","R","BOSS"],"build_version":"2019-07-18","purchased_purges":0,"victory":false,"max_hp_per_floor":[71,71,71,71,71,71,71,71,71,71,71,71,71,71,71,71],"card_choices":[{"not_picked":["Stack","Doom and Gloom"],"picked":"White Noise","floor":1},{"not_picked":["Loop","Compile Driver"],"picked":"Defragment","floor":3},{"not_picked":["Streamline","Auto Shields"],"picked":"Reinforced Body","floor":4},{"not_picked":["Doom and Gloom","Heatsinks"],"picked":"Ball Lightning","floor":5},{"not_picked":["Redo","Lockon"],"picked":"Leap","floor":7},{"not_picked":["Streamline","Redo"],"picked":"Ball Lightning","floor":11},{"not_picked":["Beam Cell","Tempest"],"picked":"Leap","floor":13},{"not_picked":["Darkness","Auto Shields"],"picked":"Defragment","floor":14}],"player_experience":2881036,"relics_obtained":[{"floor":7,"key":"War Paint"},{"floor":14,"key":"Bottled Lightning"}],"event_choices":[{"damage_healed":0,"gold_gain":0,"player_choice":"Upgraded","damage_taken":0,"max_hp_gain":0,"max_hp_loss":0,"event_name":"Upgrade Shrine","floor":12,"gold_loss":0,"cards_upgraded":["Reinforced Body"]}],"is_beta":true,"boss_relics":[],"items_purged_floors":[],"is_endless":false,"potions_floor_spawned":[3,4,5,7],"killed_by":"The Guardian","ascension_level":20}