{"gold_per_floor":[118,38,57,57,74,74,108,108,131,142,142,173,173,206,206,309,309,309,309,322,336,336,336],"floor_reached":23,"playtime":1747,"items_purged":[],"score":282,"play_id":"8dc7f347-8f6a-4ce6-b0e0-f803395293c5","local_time":"20190814234615","is_ascension_mode":true,"campfire_choices":[{"data":"Neutralize","floor":6,"key":"SMITH"},{"floor":8,"key":"REST"},{"data":"Footwork","floor":15,"key":"SMITH"}],"neow_cost":"NONE","seed_source_timestamp":90517819044996,"circlet_count":0,"master_deck":["Strike_G+1","Strike_G+1","Strike_G","Defend_G+1","Defend_G","Defend_G","Defend_G","Defend_G","Survivor+1","Neutralize+1","Footwork+1","Dodge and Roll","Infinite Blades","Backflip","Outmaneuver","Concentrate","Finisher","Expertise","Escape Plan","Acrobatics","Riddle With Holes","Catalyst"],"relics":["White Beast Statue","Whetstone","Art of War","Ornamental Fan","Vajra","Orrery","Bag of Preparation"],"potions_floor_usage":[7,7,12,14,14,16,18,23],"damage_taken":[{"damage":2,"enemies":"2 Louse","floor":1,"turns":4},{"damage":1,"enemies":"Jaw Worm","floor":3,"turns":6},{"damage":3,"enemies":"Cultist","floor":5,"turns":6},{"damage":23,"enemies":"Gremlin Nob","floor":7,"turns":7},{"damage":4,"enemies":"3 Louse","floor":10,"turns":4},{"damage":3,"enemies":"3 Sentries","floor":12,"turns":8},{"damage":15,"enemies":"Gremlin Nob","floor":14,"turns":5},{"damage":30,"enemies":"Slime Boss","floor":16,"turns":15},{"damage":20,"enemies":"3 Byrds","floor":18,"turns":4},{"damage":19,"enemies":"Shell Parasite","floor":20,"turns":7},{"damage":16,"enemies":"Sentry and Sphere","floor":21,"turns":10},{"damage":4,"enemies":"Gremlin Leader","floor":23,"turns":4}],"seed_played":"392399063907464948","potions_obtained":[{"floor":1,"key":"SteroidPotion"},{"floor":3,"key":"Block Potion"},{"floor":5,"key":"PowerPotion"},{"floor":7,"key":"SmokeBomb"},{"floor":10,"key":"Strength Potion"},{"floor":12,"key":"GhostInAJar"},{"floor":14,"key":"SneckoOil"},{"floor":16,"key":"SkillPotion"},{"floor":20,"key":"Dexterity Potion"},{"floor":21,"key":"SpeedPotion"}],"is_trial":false,"path_per_floor":["M","$","M","?","M","R","E","R","T","M","?","E","$","E","R","B",null,"M","?","M","M","?","E"],"character_chosen":"THE_SILENT","items_purchased":["Footwork"],"campfire_rested":1,"item_purchase_floors":[2],"current_hp_per_floor":[61,61,60,46,43,43,20,41,41,37,60,57,57,42,42,12,56,36,36,17,1,1,0],"gold":336,"neow_bonus":"BOSS_RELIC","is_prod":false,"is_daily":false,"chose_seed":false,"campfire_upgraded":2,"win_rate":0,"timestamp":1565840775,"path_taken":["M","$","M","?","M","R","E","R","T","M","?","E","$","E","R","BOSS","M","?","M","?","?","E"],"build_version":"2019-07-17","purchased_purges":0,"victory":false,"max_hp_per_floor":[70,70,70,70,70,70,70,70,70,70,70,70,70,70,70,70,70,70,70,70,70,70,70],"card_choices":[{"not_picked":["Flying Knee","Blade Dance","Bouncing Flask"],"picked":"SKIP","floor":1},{"not_picked":["Accuracy","Bane","PiercingWail"],"picked":"SKIP","floor":3},{"not_picked":["Quick Slash","Distraction"],"picked":"Dodge and Roll","floor":5},{"not_picked":["Acrobatics","Terror"],"picked":"Infinite Blades","floor":7},{"not_picked":["Dagger Throw","Distraction"],"picked":"Backflip","floor":10},{"not_picked":["Accuracy","Caltrops","Grand Finale"],"picked":"SKIP","floor":12},{"not_picked":["Blade Dance","Sucker Punch","Dagger Throw"],"picked":"SKIP","floor":14},{"not_picked":["Deadly Poison","Noxious Fumes"],"picked":"Outmaneuver","floor":17},{"not_picked":["Setup","Sucker Punch"],"picked":"Concentrate","floor":17},{"not_picked":["Caltrops","Eviscerate"],"picked":"Finisher","floor":17},{"not_picked":["PiercingWail","Distraction"],"picked":"Expertise","floor":17},{"not_picked":["Concentrate","Deadly Poison+1"],"picked":"Escape Plan","floor":20},{"not_picked":["Outmaneuver+1","Bouncing Flask"],"picked":"Acrobatics","floor":21}],"player_experience":192900,"relics_obtained":[{"floor":7,"key":"Whetstone"},{"floor":9,"key":"Art of War"},{"floor":12,"key":"Ornamental Fan"},{"floor":14,"key":"Vajra"}],"event_choices":[{"damage_healed":0,"gold_gain":0,"player_choice":"Entered Light","damage_taken":14,"max_hp_gain":0,"max_hp_loss":0,"event_name":"Shining Light","floor":4,"gold_loss":0,"cards_upgraded":["Defend_G","Survivor"]},{"damage_healed":23,"gold_gain":0,"player_choice":"Banana","damage_taken":0,"max_hp_gain":0,"max_hp_loss":0,"event_name":"Big Fish","floor":11,"gold_loss":0},{"damage_healed":0,"gold_gain":0,"player_choice":"Gave Potion","damage_taken":0,"relics_obtained":["Bag of Preparation"],"max_hp_gain":0,"max_hp_loss":0,"event_name":"WeMeetAgain","floor":19,"gold_loss":0},{"damage_healed":0,"gold_gain":0,"cards_transformed":["Strike_G","Strike_G"],"player_choice":"Became Test Subject","damage_taken":0,"max_hp_gain":0,"max_hp_loss":0,"event_name":"Drug Dealer","floor":22,"gold_loss":0,"cards_obtained":["Riddle With Holes","Catalyst"]}],"is_beta":false,"boss_relics":[{"not_picked":["Tiny House","Runic Pyramid"],"picked":"Orrery"}],"items_purged_floors":[],"is_endless":false,"potions_floor_spawned":[1,3,5,7,10,12,14,16,18,20,21],"killed_by":"Gremlin Leader","ascension_level":7}