{"gold_per_floor":[116,116,130,130,145,180,180,224,301,301,326,339,362,383,383,482,482,500,38,56,56,106,106],"floor_reached":23,"playtime":625,"items_purged":["Scrape"],"score":406,"play_id":"c99a1ee0-c73b-41a1-9eb7-43646f914279","local_time":"20190830112957","is_ascension_mode":true,"campfire_choices":[{"floor":7.0,"key":"REST"},{"floor":15.0,"key":"REST"}],"neow_cost":"PERCENT_DAMAGE","seed_source_timestamp":1170936815671309,"circlet_count":0,"master_deck":["AscendersBane","Zap+1","Dualcast","Cold Snap","Conserve Battery","Ball Lightning","Undo","Gash","FTL","Gash","Coolheaded","Echo Form","Scrape","Self Repair","White Noise","Coolheaded","Capacitor","Recycle","Blizzard","Leap+1","Self Repair","Force Field","FTL+1"],"special_seed":0,"relics":["Cracked Core","Golden Idol","Nunchaku","Bag of Preparation","Kunai","Sundial","Pandora\u0027s Box","Regal Pillow"],"potions_floor_usage":[23],"damage_taken":[{"damage":3.0,"enemies":"2 Louse","floor":1.0,"turns":2.0},{"damage":0.0,"enemies":"Jaw Worm","floor":3.0,"turns":3.0},{"damage":0.0,"enemies":"Cultist","floor":5.0,"turns":3.0},{"damage":37.0,"enemies":"Gremlin Nob","floor":6.0,"turns":4.0},{"damage":23.0,"enemies":"Lagavulin","floor":8.0,"turns":6.0},{"damage":4.0,"enemies":"3 Louse","floor":11.0,"turns":3.0},{"damage":0.0,"enemies":"2 Fungi Beasts","floor":12.0,"turns":3.0},{"damage":0.0,"enemies":"Large Slime","floor":13.0,"turns":3.0},{"damage":0.0,"enemies":"Blue Slaver","floor":14.0,"turns":3.0},{"damage":33.0,"enemies":"Slime Boss","floor":16.0,"turns":9.0},{"damage":37.0,"enemies":"Shell Parasite","floor":18.0,"turns":6.0},{"damage":11.0,"enemies":"2 Thieves","floor":20.0,"turns":4.0},{"damage":47,"enemies":"Gremlin Leader","floor":23,"turns":4}],"seed_played":"-2640314061397774732","potions_obtained":[{"floor":1.0,"key":"Swift Potion"},{"floor":8.0,"key":"GamblersBrew"},{"floor":12.0,"key":"FearPotion"},{"floor":14.0,"key":"Explosive Potion"},{"floor":16.0,"key":"Fruit Juice"}],"is_trial":false,"path_per_floor":["M","?","M","?","M","E","R","E","T","T","M","M","M","M","R","B",null,"M","$","M","?","?","E"],"character_chosen":"DEFECT","items_purchased":["Regal Pillow","Self Repair","Force Field","Explosive Potion"],"campfire_rested":2,"item_purchase_floors":[19,19,19,19],"current_hp_per_floor":[57,57,57,57,57,20,43,20,20,20,16,16,16,16,39,6,59,36,36,39,39,39,0],"gold":106,"neow_bonus":"TWENTY_PERCENT_HP_BONUS","is_prod":false,"is_daily":false,"chose_seed":false,"campfire_upgraded":0,"win_rate":0,"timestamp":1567178997,"path_taken":["M","?","M","?","M","E","R","E","T","?","?","M","M","M","R","BOSS","M","$","M","?","?","E"],"build_version":"2019-07-17","purchased_purges":1,"victory":false,"max_hp_per_floor":[85,85,85,77,77,77,77,77,77,77,77,77,77,77,77,77,77,77,77,77,77,77,82],"card_choices":[{"not_picked":["Tempest","Auto Shields"],"picked":"Cold Snap","floor":1.0},{"not_picked":["Aggregate","Leap"],"picked":"Conserve Battery","floor":3.0},{"not_picked":["Hologram","Beam Cell"],"picked":"Ball Lightning","floor":5.0},{"not_picked":["Hologram","Cold Snap"],"picked":"Undo","floor":6.0},{"not_picked":["Meteor Strike","Fission"],"picked":"Gash","floor":8.0},{"not_picked":["Streamline","Chill"],"picked":"FTL","floor":11.0},{"not_picked":["Melter","White Noise"],"picked":"Gash","floor":12.0},{"not_picked":["Recycle","Compile Driver","Double Energy"],"picked":"SKIP","floor":13.0},{"not_picked":["Sweeping Beam","BootSequence"],"picked":"Coolheaded","floor":14.0},{"not_picked":["All For One","Electrodynamics"],"picked":"Echo Form","floor":16.0},{"not_picked":["Conserve Battery","Beam Cell"],"picked":"Leap+1","floor":18.0},{"not_picked":["Gash+1","Recycle"],"picked":"FTL+1","floor":20.0}],"player_experience":614118,"relics_obtained":[{"floor":6.0,"key":"Nunchaku"},{"floor":8.0,"key":"Bag of Preparation"},{"floor":9.0,"key":"Kunai"},{"floor":10.0,"key":"Sundial"}],"event_choices":[{"damage_healed":0.0,"max_hp_gain":0.0,"max_hp_loss":0.0,"gold_gain":0.0,"event_name":"Living Wall","player_choice":"Grow","floor":2.0,"gold_loss":0.0,"damage_taken":0.0,"cards_upgraded":["Zap"]},{"damage_healed":0.0,"max_hp_gain":0.0,"max_hp_loss":8.0,"gold_gain":0.0,"event_name":"Golden Idol","player_choice":"Lose Max HP","floor":4.0,"gold_loss":0.0,"damage_taken":0.0,"relics_obtained":["Golden Idol"]},{"damage_healed":0.0,"max_hp_gain":0.0,"max_hp_loss":0.0,"gold_gain":0.0,"event_name":"Vampires","player_choice":"Ignored","floor":21.0,"gold_loss":0.0,"damage_taken":0.0},{"damage_healed":0.0,"max_hp_gain":0.0,"max_hp_loss":0.0,"gold_gain":50.0,"event_name":"Nest","player_choice":"Stole From Cult","floor":22.0,"gold_loss":0.0,"damage_taken":0.0}],"is_beta":false,"boss_relics":[{"not_picked":["FrozenCore","Lizard Tail"],"picked":"Pandora\u0027s Box"}],"items_purged_floors":[19],"is_endless":false,"potions_floor_spawned":[1,8,12,14,16],"killed_by":"Gremlin Leader","ascension_level":20}