{"gold_per_floor":[110,110,285,132,132,132,167,75,75,75,95,95,130,146,146,146],"floor_reached":16,"playtime":597,"items_purged":["Doubt"],"score":133,"play_id":"82c0a9d6-9d99-4a0c-b7e9-755ef6277c02","local_time":"20190821211717","is_ascension_mode":true,"campfire_choices":[{"data":"True Grit","floor":10,"key":"SMITH"},{"data":"Armaments","floor":12,"key":"SMITH"},{"data":"Corruption","floor":15,"key":"SMITH"}],"neow_cost":"PERCENT_DAMAGE","seed_source_timestamp":12003655776620,"circlet_count":0,"master_deck":["Strike_R","Strike_R","Strike_R","Defend_R+1","Defend_R","Defend_R+1","Defend_R","Bash","Whirlwind","Rage","Pommel Strike","Impervious","Ghostly Armor","True Grit+1","Inflame","Armaments+1","Corruption+1","Intimidate"],"relics":["Burning Blood","Dodecahedron","War Paint","PreservedInsect","Centennial Puzzle"],"potions_floor_usage":[16,16],"damage_taken":[{"damage":7,"enemies":"Small Slimes","floor":1,"turns":6},{"damage":32,"enemies":"Gremlin Nob","floor":7,"turns":5},{"damage":0,"enemies":"2 Louse","floor":11,"turns":1},{"damage":10,"enemies":"3 Sentries","floor":13,"turns":7},{"damage":2,"enemies":"Jaw Worm","floor":14,"turns":4},{"damage":18,"enemies":"Hexaghost","floor":16,"turns":9}],"seed_played":"8577048674031670200","potions_obtained":[{"floor":1,"key":"GamblersBrew"},{"floor":11,"key":"SkillPotion"},{"floor":14,"key":"PowerPotion"}],"is_trial":false,"path_per_floor":["M","?","?","$","?","$","E","$","T","R","M","R","E","M","R","B"],"character_chosen":"IRONCLAD","items_purchased":["Impervious","True Grit","Inflame"],"campfire_rested":0,"item_purchase_floors":[4,8,8],"current_hp_per_floor":[55,43,43,43,48,48,22,22,22,22,28,28,24,28,28,10],"gold":146,"neow_bonus":"TRANSFORM_TWO_CARDS","is_prod":false,"is_daily":false,"chose_seed":false,"campfire_upgraded":3,"win_rate":0,"timestamp":1566389837,"path_taken":["M","?","?","$","?","?","E","?","T","R","?","R","E","M","R","BOSS"],"build_version":"2019-07-17","purchased_purges":1,"victory":false,"max_hp_per_floor":[80,80,80,80,85,85,85,85,85,85,85,85,85,85,85,85],"card_choices":[{"not_picked":["Cleave","Dual Wield"],"picked":"Pommel Strike","floor":1},{"not_picked":["Thunderclap","Flex"],"picked":"Ghostly Armor","floor":7},{"not_picked":["Sword Boomerang","Blood for Blood"],"picked":"Armaments","floor":11},{"not_picked":["Bloodletting","Power Through"],"picked":"Corruption","floor":13},{"not_picked":["Reckless Charge","Iron Wave"],"picked":"Intimidate","floor":14}],"player_experience":210695,"relics_obtained":[{"floor":7,"key":"War Paint"},{"floor":9,"key":"PreservedInsect"},{"floor":13,"key":"Centennial Puzzle"}],"event_choices":[{"damage_healed":0,"gold_gain":0,"player_choice":"Success","damage_taken":12,"relics_obtained":["Dodecahedron"],"max_hp_gain":0,"max_hp_loss":0,"event_name":"Scrap Ooze","floor":2,"gold_loss":0},{"damage_healed":0,"gold_gain":175,"player_choice":"AGREE","damage_taken":0,"max_hp_gain":0,"max_hp_loss":0,"event_name":"Liars Game","floor":3,"gold_loss":0,"cards_obtained":["Doubt"]},{"damage_healed":0,"gold_gain":0,"player_choice":"Donut","damage_taken":0,"max_hp_gain":5,"max_hp_loss":0,"event_name":"Big Fish","floor":5,"gold_loss":0}],"is_beta":false,"boss_relics":[],"items_purged_floors":[4],"is_endless":false,"potions_floor_spawned":[1,11,14],"killed_by":"Hexaghost","ascension_level":5}