{"gold_per_floor":[109,23,23,35,55,55,70,102,102,102,27,56,67,32,32,32],"floor_reached":16,"playtime":417,"items_purged":["Strike_B"],"score":240,"play_id":"a1951b70-694d-4ffe-9bcf-7a7bf4274ef7","local_time":"20190515231002","is_ascension_mode":true,"campfire_choices":[{"data":"Seek","floor":6,"key":"SMITH"},{"data":"Hologram","floor":15,"key":"SMITH"}],"neow_cost":"NONE","seed_source_timestamp":446445453014057,"circlet_count":0,"master_deck":["AscendersBane","Strike_B","Strike_B","Strike_B","Defend_B","Defend_B","Defend_B","Defend_B","Zap","Dualcast","Sweeping Beam","Seek+1","Conserve Battery","Cold Snap","Ball Lightning","Hologram+1"],"relics":["Cracked Core","NeowsBlessing","Mango","Darkstone Periapt","Symbiotic Virus","Anchor"],"potions_floor_usage":[8],"damage_taken":[{"damage":0,"enemies":"2 Louse","floor":1,"turns":1},{"damage":0,"enemies":"Small Slimes","floor":4,"turns":1},{"damage":0,"enemies":"Cultist","floor":5,"turns":1},{"damage":2,"enemies":"Red Slaver","floor":7,"turns":3},{"damage":8,"enemies":"Lagavulin","floor":8,"turns":7},{"damage":14,"enemies":"3 Sentries","floor":12,"turns":6},{"damage":7,"enemies":"Exordium Wildlife","floor":13,"turns":3},{"damage":44,"enemies":"Slime Boss","floor":16,"turns":8}],"seed_played":"8034354474289492350","potions_obtained":[{"floor":7,"key":"Block Potion"},{"floor":12,"key":"Dexterity Potion"}],"is_trial":false,"path_per_floor":["M","$","?","M","M","R","M","E","T","?","$","E","M","?","R","B"],"character_chosen":"DEFECT","items_purchased":["Seek"],"campfire_rested":0,"item_purchase_floors":[2],"current_hp_per_floor":[64,64,69,69,69,69,67,73,73,38,38,24,17,39,39,0],"gold":32,"neow_bonus":"THREE_ENEMY_KILL","is_prod":false,"is_daily":false,"chose_seed":false,"campfire_upgraded":2,"win_rate":0,"timestamp":1557976202,"path_taken":["M","$","?","M","M","R","M","E","T","?","$","E","M","?","R","BOSS"],"build_version":"2019-01-23","purchased_purges":1,"victory":false,"max_hp_per_floor":[71,71,76,76,76,76,76,90,90,90,90,90,90,90,90,90],"card_choices":[{"not_picked":["Streamline","Loop"],"picked":"Sweeping Beam","floor":1},{"not_picked":["Genetic Algorithm","Rebound"],"picked":"Conserve Battery","floor":4},{"not_picked":["Rip and Tear","Storm"],"picked":"Cold Snap","floor":5},{"not_picked":["Barrage","Beam Cell"],"picked":"Ball Lightning","floor":7},{"not_picked":["Steam Power","BootSequence","Scrape"],"picked":"SKIP","floor":8},{"not_picked":["Aggregate","Chaos","Reprogram"],"picked":"SKIP","floor":12},{"not_picked":["Chaos","Steam Power"],"picked":"Hologram","floor":13}],"player_experience":373212,"relics_obtained":[{"floor":8,"key":"Mango"},{"floor":9,"key":"Darkstone Periapt"},{"floor":12,"key":"Anchor"}],"event_choices":[{"damage_healed":0,"gold_gain":0,"player_choice":"Donut","damage_taken":0,"max_hp_gain":5,"max_hp_loss":0,"event_name":"Big Fish","floor":3,"gold_loss":0},{"damage_healed":0,"gold_gain":0,"player_choice":"Success","damage_taken":35,"relics_obtained":["Symbiotic Virus"],"max_hp_gain":0,"max_hp_loss":0,"event_name":"Scrap Ooze","floor":10,"gold_loss":0},{"damage_healed":22,"gold_gain":0,"player_choice":"Healed","damage_taken":0,"max_hp_gain":0,"max_hp_loss":0,"event_name":"The Cleric","floor":14,"gold_loss":35}],"is_beta":false,"boss_relics":[],"items_purged_floors":[11],"is_endless":false,"potions_floor_spawned":[7,12],"killed_by":"Slime Boss","ascension_level":19}