{"gold_per_floor":[119,119,119,119,134,165,183,183,183,199,219,293,334,359,359,489,489,510,523,523,541,568,609,623,623,649,649,203,239,239,255,255,375,375,393,413,208,541,556,556,566,566,566,38,48,48,68,68,68,68],"floor_reached":50,"playtime":3301,"items_purged":["Strike_R+1","Strike_R+1"],"score":775,"play_id":"6fc6df34-e848-4618-8c89-656dc1b5eec2","local_time":"20190829193256","is_ascension_mode":true,"campfire_choices":[{"data":"Cleave","floor":8,"key":"SMITH"},{"floor":15,"key":"REST"},{"floor":25,"key":"REST"},{"floor":32,"key":"REST"},{"data":"Entrench","floor":40,"key":"SMITH"},{"data":"Barricade","floor":49,"key":"SMITH"}],"neow_cost":"NONE","seed_source_timestamp":3709391087121,"circlet_count":0,"master_deck":["Strike_R+1","Strike_R+1","Defend_R+1","Defend_R+1","Defend_R+1","Defend_R+1","Bash","Shockwave","Wild Strike+1","Flame Barrier","Dropkick","Cleave+1","Entrench+1","Impervious","Reaper","Pommel Strike","Immolate","Pummel+1","Anger","Havoc+1","Battle Trance+1","True Grit+1","Barricade+1","Metallicize+1","Armaments+1","Body Slam+1","Exhume+1","Disarm+1","Headbutt","Havoc+1","Chrysalis+1","Anger+1","Dual Wield+1","Dark Shackles+1","Mayhem"],"relics":["Burning Blood","Turnip","Shuriken","Toxic Egg 2","Kunai","Mark of Pain","Smiling Mask","Bottled Flame","Blood Vial","Nilry\u0027s Codex","Lee\u0027s Waffle","StoneCalendar","Busted Crown","Sundial","Mango"],"potions_floor_usage":[10,13,13,16,18,18,23,33,33,47,50],"damage_taken":[{"damage":12,"enemies":"Small Slimes","floor":1,"turns":3},{"damage":7,"enemies":"Jaw Worm","floor":5,"turns":2},{"damage":36,"enemies":"Lagavulin","floor":6,"turns":7},{"damage":0,"enemies":"Cultist","floor":7,"turns":3},{"damage":3,"enemies":"Looter","floor":10,"turns":3},{"damage":10,"enemies":"Blue Slaver","floor":11,"turns":4},{"damage":15,"enemies":"3 Sentries","floor":13,"turns":4},{"damage":14,"enemies":"Exordium Wildlife","floor":14,"turns":5},{"damage":32,"enemies":"The Guardian","floor":16,"turns":14},{"damage":12,"enemies":"2 Thieves","floor":18,"turns":2},{"damage":5,"enemies":"Spheric Guardian","floor":19,"turns":7},{"damage":21,"enemies":"Centurion and Healer","floor":21,"turns":6},{"damage":35,"enemies":"Book of Stabbing","floor":23,"turns":6},{"damage":15,"enemies":"Snake Plant","floor":24,"turns":4},{"damage":87,"enemies":"Gremlin Leader","floor":29,"turns":10},{"damage":6,"enemies":"Chosen and Byrds","floor":31,"turns":5},{"damage":47,"enemies":"Automaton","floor":33,"turns":11},{"damage":6,"enemies":"3 Shapes","floor":35,"turns":4},{"damage":29,"enemies":"3 Darklings","floor":36,"turns":4},{"damage":0,"enemies":"Sphere and 2 Shapes","floor":39,"turns":5},{"damage":38,"enemies":"Spire Growth","floor":41,"turns":7},{"damage":34,"enemies":"4 Shapes","floor":45,"turns":7},{"damage":16,"enemies":"Maw","floor":47,"turns":9},{"damage":59,"enemies":"Donu and Deca","floor":50,"turns":5}],"seed_played":"-515060205572227642","potions_obtained":[{"floor":1,"key":"SteroidPotion"},{"floor":6,"key":"Regen Potion"},{"floor":11,"key":"Swift Potion"},{"floor":13,"key":"PowerPotion"},{"floor":14,"key":"Explosive Potion"},{"floor":16,"key":"FearPotion"},{"floor":21,"key":"Weak Potion"},{"floor":29,"key":"SkillPotion"},{"floor":31,"key":"SkillPotion"},{"floor":41,"key":"GamblersBrew"}],"is_trial":false,"path_per_floor":["M","?","?","?","M","E","M","R","T","M","M","T","E","M","R","B",null,"M","M","?","M","T","E","M","R","T","?","$","E","?","M","R","B",null,"M","M","$","?","M","R","M","?","T","$","M","?","M","?","R","B"],"character_chosen":"IRONCLAD","items_purchased":["Lee\u0027s Waffle","True Grit+1","Barricade","Disarm+1","BloodPotion","Havoc+1","Chrysalis+1","Mango"],"campfire_rested":3,"item_purchase_floors":[28,28,28,37,37,44,44,44],"current_hp_per_floor":[66,46,46,46,45,15,21,21,21,33,29,29,20,12,36,17,64,64,65,65,60,60,31,22,46,46,30,87,21,21,33,59,20,70,87,64,64,64,72,72,42,42,42,56,50,50,67,57,57,0],"gold":68,"neow_bonus":"TRANSFORM_CARD","is_prod":false,"is_daily":false,"chose_seed":false,"campfire_upgraded":3,"win_rate":0,"timestamp":1567074776,"path_taken":["M","?","?","?","?","E","M","R","T","M","M","?","E","M","R","BOSS","M","M","?","M","?","E","?","R","T","?","$","E","?","M","R","BOSS","M","M","$","?","M","R","M","?","T","$","M","?","?","?","R","BOSS"],"build_version":"2019-07-17","purchased_purges":2,"victory":false,"max_hp_per_floor":[80,80,80,80,80,80,80,80,80,80,80,80,80,80,80,80,80,80,80,80,80,80,80,80,80,80,80,87,87,87,87,87,87,87,87,87,87,87,87,87,87,87,87,101,101,101,101,101,101,101],"card_choices":[{"not_picked":["Intimidate","True Grit"],"picked":"Wild Strike","floor":1},{"not_picked":["Dual Wield","Twin Strike"],"picked":"Flame Barrier","floor":5},{"not_picked":["Blood for Blood","Inflame"],"picked":"Dropkick","floor":6},{"not_picked":["Clothesline","Pummel"],"picked":"Cleave","floor":7},{"not_picked":["Body Slam","Wild Strike"],"picked":"Entrench","floor":10},{"not_picked":["Anger","Armaments"],"picked":"Impervious","floor":11},{"not_picked":["Twin Strike","Body Slam"],"picked":"Reaper","floor":13},{"not_picked":["Carnage","Wild Strike"],"picked":"Pommel Strike","floor":14},{"not_picked":["Reaper","Berserk"],"picked":"Immolate","floor":16},{"not_picked":["Cleave+1","Thunderclap"],"picked":"Iron Wave","floor":18},{"not_picked":["Clash","Wild Strike+1"],"picked":"Pummel","floor":19},{"not_picked":["Cleave","Twin Strike+1"],"picked":"Anger","floor":21},{"not_picked":["Searing Blow","Pommel Strike"],"picked":"Havoc+1","floor":23},{"not_picked":["Headbutt","Inflame"],"picked":"Battle Trance+1","floor":24},{"not_picked":["Immolate","True Grit+1"],"picked":"Metallicize+1","floor":29},{"not_picked":["Armaments+1","Twin Strike+1"],"picked":"Body Slam+1","floor":31},{"not_picked":["Brutality","Juggernaut"],"picked":"Exhume+1","floor":33},{"not_picked":["Heavy Blade"],"picked":"SKIP","floor":35},{"not_picked":["Clash"],"picked":"SKIP","floor":36},{"not_picked":["Heavy Blade"],"picked":"SKIP","floor":39},{"not_picked":[],"picked":"Headbutt","floor":41},{"not_picked":[],"picked":"Anger+1","floor":45},{"not_picked":[],"picked":"Dual Wield+1","floor":47},{"not_picked":[],"picked":"Dark Shackles+1","floor":48},{"not_picked":[],"picked":"Mayhem","floor":48}],"player_experience":256037,"relics_obtained":[{"floor":6,"key":"Turnip"},{"floor":9,"key":"Shuriken"},{"floor":12,"key":"Toxic Egg 2"},{"floor":13,"key":"Kunai"},{"floor":22,"key":"Smiling Mask"},{"floor":23,"key":"Bottled Flame"},{"floor":26,"key":"Blood Vial"},{"floor":27,"key":"Nilry\u0027s Codex"},{"floor":29,"key":"StoneCalendar"},{"floor":43,"key":"Sundial"}],"event_choices":[{"damage_healed":0,"gold_gain":0,"player_choice":"Take Damage","damage_taken":20,"relics_obtained":["Golden Idol"],"max_hp_gain":0,"max_hp_loss":0,"event_name":"Golden Idol","floor":2,"gold_loss":0},{"damage_healed":0,"gold_gain":0,"player_choice":"Ignored","damage_taken":0,"max_hp_gain":0,"max_hp_loss":0,"event_name":"Liars Game","floor":3,"gold_loss":0},{"damage_healed":0,"gold_gain":0,"player_choice":"Grow","damage_taken":0,"max_hp_gain":0,"max_hp_loss":0,"event_name":"Living Wall","floor":4,"gold_loss":0,"cards_upgraded":["Wild Strike"]},{"damage_healed":0,"gold_gain":0,"player_choice":"Simplicity","damage_taken":0,"max_hp_gain":0,"max_hp_loss":0,"event_name":"Back to Basics","floor":20,"gold_loss":0,"cards_upgraded":["Strike_R","Strike_R","Strike_R","Strike_R","Defend_R","Defend_R","Defend_R","Defend_R"]},{"damage_healed":0,"gold_gain":0,"player_choice":"Obtained Book","damage_taken":16,"max_hp_gain":0,"max_hp_loss":0,"event_name":"Cursed Tome","floor":27,"gold_loss":0},{"damage_healed":0,"gold_gain":0,"player_choice":"Read","damage_taken":0,"max_hp_gain":0,"max_hp_loss":0,"event_name":"The Library","floor":30,"gold_loss":0,"cards_obtained":["Armaments"]},{"damage_healed":0,"gold_gain":333,"player_choice":"Gave Idol","damage_taken":0,"max_hp_gain":0,"max_hp_loss":0,"event_name":"The Moai Head","floor":38,"relics_lost":["Golden Idol"],"gold_loss":0},{"cards_removed":["Iron Wave"],"damage_healed":0,"gold_gain":0,"player_choice":"Removed Attack","damage_taken":0,"max_hp_gain":0,"max_hp_loss":0,"event_name":"Falling","floor":42,"gold_loss":0},{"damage_healed":0,"gold_gain":0,"player_choice":"Upgraded","damage_taken":0,"max_hp_gain":0,"max_hp_loss":0,"event_name":"Upgrade Shrine","floor":46,"gold_loss":0,"cards_upgraded":["Pummel"]},{"damage_healed":0,"gold_gain":0,"player_choice":"Memory 3","damage_taken":10,"max_hp_gain":0,"max_hp_loss":0,"event_name":"SensoryStone","floor":48,"gold_loss":0}],"is_beta":false,"boss_relics":[{"not_picked":["Runic Dome","Astrolabe"],"picked":"Mark of Pain"},{"not_picked":["Coffee Dripper","Pandora\u0027s Box"],"picked":"Busted Crown"}],"items_purged_floors":[28,37],"is_endless":false,"potions_floor_spawned":[1,6,11,13,14,16,21,29,31,41],"killed_by":"Donu and Deca","ascension_level":6}