{"gold_per_floor":[110,110,75,75,91,121,121,154,181,201,221,221,255,268,268,342,392,409,409,509,523,37,63,80,80,80,94,94,121,135,155,155,229,229,245,263,313,329,349,349],"floor_reached":40,"playtime":2702,"items_purged":[],"score":950,"play_id":"ec7f2485-ad5d-49c6-9367-1febe394eef1","local_time":"20190313181759","is_ascension_mode":true,"campfire_choices":[{"data":"Doom and Gloom","floor":7.0,"key":"SMITH"},{"data":"Zap","floor":12.0,"key":"SMITH"},{"data":"Ball Lightning","floor":15.0,"key":"SMITH"},{"floor":25.0,"key":"REST"},{"floor":28.0,"key":"REST"},{"data":"Self Repair","floor":32.0,"key":"SMITH"}],"neow_cost":"NONE","seed_source_timestamp":0,"circlet_count":0,"master_deck":["AscendersBane","Strike_B","Strike_B","Strike_B","Strike_B","Defend_B+1","Defend_B","Defend_B","Defend_B","Zap+1","Dualcast","Auto Shields+1","Coolheaded+1","Doom and Gloom+1","Seek","Leap","Ball Lightning+1","Electrodynamics","Self Repair+1","Self Repair","Gash+1","Hologram+1","Genetic Algorithm+1","Violence+1","Undo+1","FTL","Tempest+1","Core Surge","Steam+1","Glacier+1","Parasite","Leap+1","White Noise+1"],"special_seed":0,"relics":["Cracked Core","NeowsBlessing","Potion Belt","Dead Branch","Kunai","War Paint","Strawberry","Tiny House","Nunchaku","Toxic Egg 2","Sling","DataDisk","Bronze Scales","Coffee Dripper"],"potions_floor_usage":[40,40],"damage_taken":[{"damage":0.0,"enemies":"Jaw Worm","floor":1.0,"turns":1.0},{"damage":0.0,"enemies":"2 Louse","floor":5.0,"turns":1.0},{"damage":0.0,"enemies":"3 Sentries","floor":6.0,"turns":1.0},{"damage":7.0,"enemies":"Lagavulin","floor":8.0,"turns":5.0},{"damage":0.0,"enemies":"Cultist","floor":10.0,"turns":2.0},{"damage":0.0,"enemies":"2 Fungi Beasts","floor":11.0,"turns":3.0},{"damage":25.0,"enemies":"Gremlin Nob","floor":13.0,"turns":4.0},{"damage":11.0,"enemies":"Looter","floor":14.0,"turns":2.0},{"damage":12.0,"enemies":"Hexaghost","floor":16.0,"turns":9.0},{"damage":13.0,"enemies":"Shell Parasite","floor":18.0,"turns":10.0},{"damage":43.0,"enemies":"Colosseum Slavers","floor":20.0,"turns":4.0},{"damage":30.0,"enemies":"Colosseum Nobs","floor":20.0,"turns":4.0},{"damage":0.0,"enemies":"Chosen","floor":21.0,"turns":3.0},{"damage":25.0,"enemies":"Slavers","floor":23.0,"turns":5.0},{"damage":7.0,"enemies":"Snecko","floor":24.0,"turns":8.0},{"damage":21.0,"enemies":"Snake Plant","floor":27.0,"turns":5.0},{"damage":10.0,"enemies":"Gremlin Leader","floor":29.0,"turns":5.0},{"damage":4.0,"enemies":"3 Cultists","floor":30.0,"turns":5.0},{"damage":0.0,"enemies":"Snecko","floor":31.0,"turns":3.0},{"damage":47.0,"enemies":"Automaton","floor":33.0,"turns":9.0},{"damage":26.0,"enemies":"3 Shapes","floor":35.0,"turns":4.0},{"damage":13.0,"enemies":"3 Darklings","floor":36.0,"turns":5.0},{"damage":0.0,"enemies":"Writhing Mass","floor":38.0,"turns":10.0},{"damage":31.0,"enemies":"Maw","floor":39.0,"turns":8.0},{"damage":104,"enemies":"Giant Head","floor":40,"turns":11}],"seed_played":"8657926224231035514","potions_obtained":[{"floor":1.0,"key":"Dexterity Potion"},{"floor":5.0,"key":"Poison Potion"},{"floor":10.0,"key":"GamblersBrew"},{"floor":14.0,"key":"FocusPotion"},{"floor":17.0,"key":"SteroidPotion"},{"floor":21.0,"key":"Fire Potion"},{"floor":24.0,"key":"FearPotion"},{"floor":29.0,"key":"Block Potion"},{"floor":30.0,"key":"Weak Potion"},{"floor":38.0,"key":"Regen Potion"}],"is_trial":false,"path_per_floor":["M","?","?","$","M","E","R","E","T","M","M","R","E","M","R","B",null,"M","?","?","M","$","E","M","R","T","M","R","E","M","M","R","B",null,"M","M","?","M","M","E"],"character_chosen":"DEFECT","items_purchased":["Genetic Algorithm+1","Violence+1","Sling"],"campfire_rested":2,"item_purchase_floors":[22,22,22],"current_hp_per_floor":[64,46,63,63,63,63,63,56,56,56,56,56,38,27,27,15,67,61,61,16,30,30,12,19,43,43,29,53,57,67,74,74,44,73,64,68,68,83,69,0],"gold":349,"neow_bonus":"THREE_ENEMY_KILL","is_prod":false,"is_daily":false,"chose_seed":false,"campfire_upgraded":4,"win_rate":0,"timestamp":1552497479,"path_taken":["M","?","?","$","M","E","R","E","T","M","M","R","E","M","R","BOSS","M","?","?","M","$","E","M","R","T","M","R","E","M","M","R","BOSS","M","M","?","?","M","E"],"build_version":"2019-02-06","purchased_purges":0,"victory":false,"max_hp_per_floor":[71,71,71,71,71,71,71,71,71,71,71,71,78,78,78,78,83,83,83,83,83,83,83,83,83,83,83,83,83,83,83,83,83,83,83,83,83,83,83,83],"card_choices":[{"not_picked":["Consume","Barrage"],"picked":"Auto Shields","floor":1.0},{"not_picked":["Beam Cell","Hologram"],"picked":"Coolheaded","floor":5.0},{"not_picked":["Turbo","Streamline"],"picked":"Doom and Gloom","floor":6.0},{"not_picked":["Consume","Turbo","Steam"],"picked":"SKIP","floor":8.0},{"not_picked":["Gash","Beam Cell"],"picked":"Seek","floor":10.0},{"not_picked":["Hello World","Static Discharge","Steam"],"picked":"SKIP","floor":11.0},{"not_picked":["Rebound","Heatsinks"],"picked":"Leap","floor":13.0},{"not_picked":["Reprogram","Steam"],"picked":"Ball Lightning","floor":14.0},{"not_picked":["Fission","All For One"],"picked":"Electrodynamics","floor":16.0},{"not_picked":["Gash","Hello World"],"picked":"Self Repair","floor":17.0},{"not_picked":["Beam Cell","Turbo"],"picked":"Self Repair","floor":18.0},{"not_picked":["Cold Snap","Melter"],"picked":"Gash+1","floor":20.0},{"not_picked":["Steam+1","Cold Snap"],"picked":"Hologram+1","floor":21.0},{"not_picked":["Rainbow+1","Go for the Eyes"],"picked":"Undo+1","floor":23.0},{"not_picked":["Ball Lightning","Melter"],"picked":"FTL","floor":24.0},{"not_picked":["Go for the Eyes","Barrage"],"picked":"Tempest+1","floor":27.0},{"not_picked":["Loop","Aggregate+1"],"picked":"Core Surge","floor":29.0},{"not_picked":["Self Repair","Lockon","Tempest+1"],"picked":"SKIP","floor":30.0},{"not_picked":["Gash","Ball Lightning","Barrage"],"picked":"SKIP","floor":31.0},{"not_picked":["Storm","Sunder","Steam+1"],"picked":"SKIP","floor":35.0},{"not_picked":["Storm","Sunder"],"picked":"Steam+1","floor":35.0},{"not_picked":["Gash","Aggregate+1"],"picked":"Glacier+1","floor":36.0},{"not_picked":["Sweeping Beam+1","Go for the Eyes"],"picked":"Leap+1","floor":38.0},{"not_picked":["Leap+1","Hologram+1"],"picked":"White Noise+1","floor":39.0}],"player_experience":1015981,"relics_obtained":[{"floor":6.0,"key":"Dead Branch"},{"floor":8.0,"key":"Kunai"},{"floor":9.0,"key":"War Paint"},{"floor":13.0,"key":"Strawberry"},{"floor":20.0,"key":"Nunchaku"},{"floor":20.0,"key":"Toxic Egg 2"},{"floor":23.0,"key":"DataDisk"},{"floor":29.0,"key":"Bronze Scales"}],"event_choices":[{"damage_healed":0.0,"max_hp_gain":0.0,"max_hp_loss":0.0,"gold_gain":0.0,"event_name":"Scrap Ooze","player_choice":"Success","floor":2.0,"gold_loss":0.0,"damage_taken":18.0,"relics_obtained":["Potion Belt"]},{"damage_healed":17.0,"max_hp_gain":0.0,"max_hp_loss":0.0,"gold_gain":0.0,"event_name":"The Cleric","player_choice":"Healed","floor":3.0,"gold_loss":35.0,"damage_taken":0.0},{"damage_healed":0.0,"max_hp_gain":0.0,"max_hp_loss":0.0,"gold_gain":0.0,"event_name":"Beggar","player_choice":"Ignored","floor":19.0,"gold_loss":0.0,"damage_taken":0.0},{"damage_healed":0.0,"max_hp_gain":0.0,"max_hp_loss":0.0,"gold_gain":0.0,"event_name":"Colosseum","player_choice":"Fight","floor":20.0,"gold_loss":0.0,"damage_taken":0.0},{"damage_healed":0.0,"max_hp_gain":0.0,"max_hp_loss":0.0,"gold_gain":0.0,"event_name":"Colosseum","player_choice":"Fought Nobs","floor":20.0,"gold_loss":0.0,"damage_taken":0.0},{"damage_healed":0.0,"max_hp_gain":0.0,"max_hp_loss":0.0,"gold_gain":50.0,"event_name":"Golden Shrine","player_choice":"Pray","floor":37.0,"gold_loss":0.0,"damage_taken":0.0}],"is_beta":true,"boss_relics":[{"not_picked":["Calling Bell","Runic Dome"],"picked":"Tiny House"},{"not_picked":["Inserter","Empty Cage"],"picked":"Coffee Dripper"}],"items_purged_floors":[],"is_endless":false,"potions_floor_spawned":[1,5,10,14,21,24,29,30,38],"killed_by":"Giant Head","ascension_level":20}