{"gold_per_floor":[111,111,122,122,45,45,80,91,91,149,167,67,85,105,105,207,207,226,244,260,57,57,57,57,68,95,122,122],"floor_reached":28,"playtime":1252,"items_purged":[],"score":328,"play_id":"cbce38d4-a5c3-4841-821c-9e674f3683c5","local_time":"20190303234549","is_ascension_mode":true,"campfire_choices":[{"data":"Infinite Blades","floor":6,"key":"SMITH"},{"data":"Cloak And Dagger","floor":15,"key":"SMITH"},{"floor":23,"key":"REST"}],"neow_cost":"NONE","seed_source_timestamp":241968067584768,"circlet_count":0,"master_deck":["Defend_G","Defend_G","Defend_G","Defend_G","Defend_G","Strike_G","Strike_G","Strike_G","Strike_G","Strike_G","Survivor","Neutralize","Leg Sweep","Cloak And Dagger+1","Infinite Blades+1","Accuracy","Choke","Footwork","Cloak And Dagger","Backstab","Skewer","Backstab","A Thousand Cuts","Dagger Spray+1","Phantasmal Killer","Blade Dance","RitualDagger","Cloak And Dagger"],"relics":["Ring of the Snake","NeowsBlessing","Shuriken","Singing Bowl","Dodecahedron","Mango","White Beast Statue","Strawberry","Orichalcum"],"potions_floor_usage":[20,20,25,27,27,28],"damage_taken":[{"damage":0,"enemies":"Jaw Worm","floor":1,"turns":1},{"damage":0,"enemies":"Cultist","floor":3,"turns":1},{"damage":0,"enemies":"Gremlin Nob","floor":7,"turns":1},{"damage":5,"enemies":"Small Slimes","floor":8,"turns":4},{"damage":14,"enemies":"3 Sentries","floor":10,"turns":7},{"damage":11,"enemies":"Looter","floor":11,"turns":3},{"damage":1,"enemies":"Large Slime","floor":13,"turns":5},{"damage":0,"enemies":"2 Fungi Beasts","floor":14,"turns":2},{"damage":16,"enemies":"Slime Boss","floor":16,"turns":7},{"damage":44,"enemies":"2 Thieves","floor":18,"turns":4},{"damage":15,"enemies":"Spheric Guardian","floor":19,"turns":4},{"damage":18,"enemies":"Cultist and Chosen","floor":20,"turns":6},{"damage":20,"enemies":"Sentry and Sphere","floor":25,"turns":5},{"damage":25,"enemies":"Gremlin Leader","floor":27,"turns":6},{"damage":5,"enemies":"Shelled Parasite and Fungi","floor":28,"turns":2}],"seed_played":"-474220795672410163","potions_obtained":[{"floor":1,"key":"SneckoOil"},{"floor":8,"key":"Block Potion"},{"floor":14,"key":"Poison Potion"},{"floor":18,"key":"SpeedPotion"},{"floor":20,"key":"Fruit Juice"},{"floor":25,"key":"Poison Potion"},{"floor":27,"key":"GamblersBrew"}],"is_trial":false,"path_per_floor":["M","$","M","?","$","R","E","M","T","?","M","$","M","M","R","B",null,"M","M","M","$","?","R","?","M","T","E","M"],"character_chosen":"THE_SILENT","items_purchased":["Infinite Blades","Cloak And Dagger","Backstab","Phantasmal Killer","Blade Dance"],"campfire_rested":1,"item_purchase_floors":[5,12,12,21,21],"current_hp_per_floor":[70,70,70,67,67,67,67,62,62,62,53,53,52,52,52,36,86,42,29,13,13,7,34,34,19,26,3,0],"gold":122,"neow_bonus":"THREE_ENEMY_KILL","is_prod":false,"is_daily":false,"chose_seed":false,"campfire_upgraded":2,"win_rate":0,"timestamp":1551674749,"path_taken":["M","$","M","?","$","R","E","M","T","?","M","?","?","M","R","BOSS","M","M","M","$","?","R","?","M","T","E","M"],"build_version":"2019-01-23","purchased_purges":0,"victory":false,"max_hp_per_floor":[70,70,70,70,70,70,70,70,70,84,86,86,86,86,86,86,86,86,88,90,90,90,90,90,95,102,104,104],"card_choices":[{"not_picked":["PiercingWail","Quick Slash"],"picked":"Leg Sweep","floor":1},{"not_picked":["Sucker Punch","Flying Knee"],"picked":"Cloak And Dagger","floor":3},{"not_picked":["Burst","Deflect"],"picked":"Accuracy","floor":7},{"not_picked":["Deflect","Crippling Poison"],"picked":"Choke","floor":8},{"not_picked":["Acrobatics","Dagger Throw"],"picked":"Footwork","floor":10},{"not_picked":["Deadly Poison","Wraith Form v2","Distraction"],"picked":"Singing Bowl","floor":11},{"not_picked":["Outmaneuver","Calculated Gamble"],"picked":"Skewer","floor":13},{"not_picked":["Finisher","Prepared"],"picked":"Backstab","floor":14},{"not_picked":["Phantasmal Killer","Corpse Explosion"],"picked":"A Thousand Cuts","floor":16},{"not_picked":["Quick Slash","All Out Attack"],"picked":"Dagger Spray+1","floor":18},{"not_picked":["Bane","Flying Knee","Deadly Poison+1"],"picked":"Singing Bowl","floor":19},{"not_picked":["Deadly Poison","Poisoned Stab+1","Acrobatics"],"picked":"Singing Bowl","floor":20},{"not_picked":["Dagger Spray","Escape Plan"],"picked":"Cloak And Dagger","floor":25},{"not_picked":["Choke","Phantasmal Killer","Quick Slash"],"picked":"Singing Bowl","floor":27}],"player_experience":1133366,"relics_obtained":[{"floor":7,"key":"Singing Bowl"},{"floor":9,"key":"Dodecahedron"},{"floor":10,"key":"Mango"},{"floor":26,"key":"Strawberry"},{"floor":27,"key":"Orichalcum"}],"event_choices":[{"damage_healed":0,"gold_gain":0,"player_choice":"Success","damage_taken":3,"relics_obtained":["Shuriken"],"max_hp_gain":0,"max_hp_loss":0,"event_name":"Scrap Ooze","floor":4,"gold_loss":0},{"damage_healed":0,"gold_gain":0,"player_choice":"Searched \u00271\u0027 times","damage_taken":0,"max_hp_gain":0,"max_hp_loss":0,"event_name":"Dead Adventurer","floor":10,"gold_loss":0},{"damage_healed":0,"gold_gain":0,"player_choice":"Joined the Cult","damage_taken":6,"max_hp_gain":0,"max_hp_loss":0,"event_name":"Nest","floor":22,"gold_loss":0,"cards_obtained":["RitualDagger"]},{"damage_healed":0,"gold_gain":0,"player_choice":"Ignored","damage_taken":0,"max_hp_gain":0,"max_hp_loss":0,"event_name":"Beggar","floor":24,"gold_loss":0}],"is_beta":false,"boss_relics":[{"not_picked":["Busted Crown","Coffee Dripper"],"picked":"White Beast Statue"}],"items_purged_floors":[],"is_endless":false,"potions_floor_spawned":[1,8,14,18,19,20,25,27],"killed_by":"Shelled Parasite and Fungi","ascension_level":1}