{"gold_per_floor":[219,219,236,21,40,40,53,53,53,53,72,72,154,169,169,294,294,318,268,291,59,84,84,103,121,121,159,159,48,61,77,77,197,197,222,222,19,19,37,76,76,76,126,149,482,482,502,516,516,516],"floor_reached":51,"playtime":3063,"items_purged":["Strike_G"],"score":774,"play_id":"266aef29-9f2e-4f76-8a87-105f41607a62","local_time":"20190306021653","is_ascension_mode":true,"campfire_choices":[{"data":"Mayhem","floor":6.0,"key":"SMITH"},{"data":"Footwork","floor":8.0,"key":"SMITH"},{"data":"Neutralize","floor":10.0,"key":"SMITH"},{"floor":15.0,"key":"REST"},{"data":"Noxious Fumes","floor":23,"key":"SMITH"},{"data":"Blur","floor":28,"key":"SMITH"},{"floor":32,"key":"REST"},{"floor":41,"key":"REST"},{"data":"Burst","floor":46,"key":"SMITH"},{"floor":49,"key":"REST"}],"neow_cost":"NONE","seed_source_timestamp":421987558552320,"circlet_count":0,"master_deck":["Defend_G","Defend_G","Defend_G","Defend_G+1","Defend_G+1","Strike_G+1","Strike_G+1","Strike_G+1","Strike_G","Survivor","Neutralize+1","Bouncing Flask","Footwork+1","Mayhem+1","Blur+1","Dodge and Roll","Crippling Poison+1","Burst+1","Noxious Fumes+1","Deadly Poison+1","Prepared","Noxious Fumes","Catalyst","PiercingWail","Acrobatics+1","Mayhem+1","Catalyst"],"special_seed":0,"relics":["Ring of the Snake","Bottled Flame","Matryoshka","Philosopher\u0027s Stone","War Paint","Bag of Marbles","Pear","Sozu","DollysMirror","Du-Vu Doll","Centennial Puzzle","Whetstone"],"potions_floor_usage":[25,27,33],"damage_taken":[{"damage":0.0,"enemies":"2 Louse","floor":1.0,"turns":4.0},{"damage":0.0,"enemies":"Jaw Worm","floor":3.0,"turns":5.0},{"damage":0.0,"enemies":"Cultist","floor":5.0,"turns":3.0},{"damage":6.0,"enemies":"Lots of Slimes","floor":7.0,"turns":8.0},{"damage":7.0,"enemies":"Looter","floor":11.0,"turns":3.0},{"damage":0.0,"enemies":"2 Fungi Beasts","floor":14.0,"turns":5.0},{"damage":6.0,"enemies":"Hexaghost","floor":16.0,"turns":13.0},{"damage":19.0,"enemies":"3 Byrds","floor":18.0,"turns":5.0},{"damage":0.0,"enemies":"Spheric Guardian","floor":20.0,"turns":3.0},{"damage":8,"enemies":"Centurion and Healer","floor":22,"turns":11},{"damage":13,"enemies":"Shelled Parasite and Fungi","floor":24,"turns":6},{"damage":12,"enemies":"Chosen and Byrds","floor":25,"turns":7},{"damage":10,"enemies":"Book of Stabbing","floor":27,"turns":7},{"damage":15,"enemies":"Centurion and Healer","floor":30,"turns":6},{"damage":2,"enemies":"Snecko","floor":31,"turns":5},{"damage":33,"enemies":"Collector","floor":33,"turns":8},{"damage":18,"enemies":"3 Shapes","floor":35,"turns":5},{"damage":8,"enemies":"Orb Walker","floor":39,"turns":5},{"damage":48,"enemies":"Nemesis","floor":40,"turns":9},{"damage":8,"enemies":"3 Darklings","floor":44,"turns":4},{"damage":5,"enemies":"Maw","floor":47,"turns":5},{"damage":18,"enemies":"Jaw Worm Horde","floor":48,"turns":4},{"damage":27,"enemies":"Time Eater","floor":50,"turns":7}],"seed_played":"6547837847419408935","potions_obtained":[{"floor":3.0,"key":"SneckoOil"},{"floor":7.0,"key":"LiquidBronze"},{"floor":11.0,"key":"FearPotion"},{"floor":14.0,"key":"EssenceOfSteel"},{"floor":18.0,"key":"Regen Potion"},{"floor":25,"key":"GhostInAJar"},{"floor":33,"key":"FearPotion"}],"is_trial":false,"path_per_floor":["M","?","M","$","M","R","M","R","T","R","M","?","T","M","R","B",null,"M","?","M","$","M","R","M","M","T","E","R","$","M","M","R","B",null,"M","?","$","?","M","E","R","?","T","M","?","R","M","M","R","B",null],"character_chosen":"THE_SILENT","items_purchased":["Footwork","Mayhem","Bullet Time","Flash of Steel","Noxious Fumes","DollysMirror"],"campfire_rested":4,"item_purchase_floors":[4,4,21,21,29,37],"current_hp_per_floor":[70,56,56,56,56,56,50,50,50,50,43,26,26,26,47,41,70,51,51,51,51,43,43,30,33,33,33,33,33,18,16,40,7,80,62,62,62,90,82,34,61,61,61,53,53,53,48,30,57,30],"gold":516,"neow_bonus":"HUNDRED_GOLD","is_prod":false,"is_daily":false,"chose_seed":false,"campfire_upgraded":6,"win_rate":0,"timestamp":1551856613,"path_taken":["M","?","M","$","M","R","M","R","T","R","M","?","?","M","R","BOSS","M","?","?","$","M","R","?","M","T","E","R","$","M","M","R","BOSS","M","?","$","?","?","E","R","?","T","M","?","R","M","M","R","BOSS"],"build_version":"2019-01-23","purchased_purges":1,"victory":true,"max_hp_per_floor":[70,70,70,70,70,70,70,70,70,70,70,70,70,70,70,70,70,70,70,70,70,70,70,70,70,70,80,80,80,80,80,80,80,80,80,80,80,90,90,90,90,90,90,90,90,90,90,90,90,90],"card_choices":[{"not_picked":["Sucker Punch","Slice","Dagger Spray"],"picked":"SKIP","floor":1.0},{"not_picked":["Bane","Dagger Spray"],"picked":"Bouncing Flask","floor":3.0},{"not_picked":["Setup","Riddle With Holes"],"picked":"Blur","floor":5.0},{"not_picked":["Blade Dance","Sucker Punch"],"picked":"Dodge and Roll","floor":7.0},{"not_picked":["Outmaneuver","Heel Hook","Accuracy"],"picked":"SKIP","floor":11.0},{"not_picked":["Calculated Gamble","Flying Knee"],"picked":"Crippling Poison","floor":14.0},{"not_picked":["Unload","Doppelganger"],"picked":"Burst","floor":16.0},{"not_picked":["Acrobatics+1","Prepared","Dagger Throw"],"picked":"SKIP","floor":18.0},{"not_picked":["Cloak And Dagger","Prepared","Blade Dance"],"picked":"SKIP","floor":20.0},{"not_picked":["Calculated Gamble","Expertise"],"picked":"Noxious Fumes","floor":22},{"not_picked":["Cloak And Dagger","Tactician","Eviscerate"],"picked":"SKIP","floor":24},{"not_picked":["Phantasmal Killer","Flying Knee"],"picked":"Deadly Poison+1","floor":25},{"not_picked":["Skewer","Sucker Punch"],"picked":"Prepared","floor":27},{"not_picked":["Calculated Gamble","Endless Agony"],"picked":"Catalyst","floor":30},{"not_picked":["Acrobatics","Predator+1"],"picked":"PiercingWail","floor":31},{"not_picked":["Quick Slash","Caltrops"],"picked":"Acrobatics+1","floor":35},{"not_picked":["Sucker Punch+1","Prepared+1","Endless Agony+1"],"picked":"SKIP","floor":39},{"not_picked":["Terror","Crippling Poison+1"],"picked":"Catalyst","floor":40},{"not_picked":["Quick Slash","Heel Hook","Poisoned Stab"],"picked":"SKIP","floor":44},{"not_picked":["Infinite Blades+1","Dagger Spray+1","Dagger Throw+1"],"picked":"SKIP","floor":47},{"not_picked":["Reflex","PiercingWail+1","Blade Dance+1"],"picked":"SKIP","floor":48}],"player_experience":1139827,"relics_obtained":[{"floor":9.0,"key":"Bottled Flame"},{"floor":13.0,"key":"Matryoshka"},{"floor":26,"key":"War Paint"},{"floor":26,"key":"Bag of Marbles"},{"floor":27,"key":"Pear"},{"floor":40,"key":"Du-Vu Doll"},{"floor":43,"key":"Centennial Puzzle"},{"floor":43,"key":"Whetstone"}],"event_choices":[{"damage_healed":0.0,"max_hp_gain":0.0,"max_hp_loss":0.0,"gold_gain":0.0,"event_name":"Shining Light","player_choice":"Entered Light","floor":2.0,"gold_loss":0.0,"damage_taken":14.0,"cards_upgraded":["Defend_G","Strike_G"]},{"damage_healed":0.0,"max_hp_gain":0.0,"max_hp_loss":0.0,"gold_gain":0.0,"event_name":"Golden Idol","player_choice":"Take Damage","floor":12.0,"gold_loss":0.0,"damage_taken":17.0,"relics_obtained":["Golden Idol"]},{"damage_healed":0.0,"max_hp_gain":0.0,"max_hp_loss":0.0,"gold_gain":0.0,"event_name":"The Joust","player_choice":"Bet on Murderer","floor":19.0,"gold_loss":50.0,"damage_taken":0.0},{"damage_healed":0,"gold_gain":0,"player_choice":"Ignored","damage_taken":0,"max_hp_gain":0,"max_hp_loss":0,"event_name":"Tomb of Lord Red Mask","floor":36,"gold_loss":0},{"cards_removed":["Bullet Time"],"damage_healed":18,"gold_gain":0,"player_choice":"Offered Rare","damage_taken":0,"max_hp_gain":10,"max_hp_loss":0,"event_name":"Bonfire Elementals","floor":38,"gold_loss":0},{"cards_removed":["Flash of Steel"],"damage_healed":0,"gold_gain":0,"player_choice":"Removed Attack","damage_taken":0,"max_hp_gain":0,"max_hp_loss":0,"event_name":"Falling","floor":42,"gold_loss":0},{"damage_healed":0,"gold_gain":333,"player_choice":"Gave Idol","damage_taken":0,"max_hp_gain":0,"max_hp_loss":0,"event_name":"The Moai Head","floor":45,"relics_lost":["Golden Idol"],"gold_loss":0}],"is_beta":false,"boss_relics":[{"not_picked":["WristBlade","Runic Dome"],"picked":"Philosopher\u0027s Stone"},{"not_picked":["Eternal Feather","HoveringKite"],"picked":"Sozu"}],"items_purged_floors":[29],"is_endless":false,"potions_floor_spawned":[3,7,11,14,18,25,33,40,48],"ascension_level":1}