{"gold_per_floor":[117,117,192,192,202,231,243,274,313,325],"floor_reached":10,"playtime":205,"items_purged":[],"score":132,"play_id":"f745c53d-e4a0-45a2-aaf1-60d1421e75d3","local_time":"20190309215600","is_ascension_mode":true,"campfire_choices":[],"neow_cost":"TEN_PERCENT_HP_LOSS","seed_source_timestamp":35538256406306,"circlet_count":0,"master_deck":["AscendersBane","Strike_B","Strike_B","Strike_B","Strike_B","Defend_B","Defend_B","Defend_B","Defend_B","Zap","Dualcast","Biased Cognition","Doom and Gloom","Streamline","Leap"],"relics":["Cracked Core","MawBank","Centennial Puzzle"],"potions_floor_usage":[],"damage_taken":[{"damage":7,"enemies":"Jaw Worm","floor":1,"turns":2},{"damage":0,"enemies":"2 Louse","floor":5,"turns":2},{"damage":30,"enemies":"Lagavulin","floor":6,"turns":5},{"damage":4,"enemies":"Small Slimes","floor":8,"turns":3},{"damage":32,"enemies":"Gremlin Nob","floor":10,"turns":3}],"seed_played":"-9090271282919699298","potions_obtained":[{"floor":5,"key":"SteroidPotion"},{"floor":6,"key":"GamblersBrew"}],"is_trial":false,"path_per_floor":["M","$","?","?","M","E","?","M","T","E"],"character_chosen":"DEFECT","items_purchased":[],"campfire_rested":0,"item_purchase_floors":[],"current_hp_per_floor":[57,57,46,64,64,34,34,30,30,0],"gold":325,"neow_bonus":"THREE_RARE_CARDS","is_prod":false,"is_daily":false,"chose_seed":false,"campfire_upgraded":0,"win_rate":0,"timestamp":1552164960,"path_taken":["M","$","?","?","?","E","?","M","T","E"],"build_version":"2019-02-06","purchased_purges":0,"victory":false,"max_hp_per_floor":[64,64,64,64,64,64,64,64,64,64],"card_choices":[{"not_picked":["Amplify","Machine Learning"],"picked":"Biased Cognition","floor":0},{"not_picked":["Redo","Beam Cell"],"picked":"Doom and Gloom","floor":1},{"not_picked":["Redo","Consume"],"picked":"Streamline","floor":5},{"not_picked":["Auto Shields","Streamline"],"picked":"Leap","floor":6},{"not_picked":["Darkness","Static Discharge","Tempest"],"picked":"SKIP","floor":8}],"player_experience":1003213,"relics_obtained":[{"floor":6,"key":"MawBank"},{"floor":9,"key":"Centennial Puzzle"}],"event_choices":[{"damage_healed":0,"gold_gain":75,"player_choice":"Gather Gold","damage_taken":11,"max_hp_gain":0,"max_hp_loss":0,"event_name":"World of Goop","floor":3,"gold_loss":0},{"damage_healed":21,"gold_gain":0,"player_choice":"Banana","damage_taken":0,"max_hp_gain":0,"max_hp_loss":0,"event_name":"Big Fish","floor":4,"gold_loss":0},{"damage_healed":0,"gold_gain":0,"player_choice":"Ignored","damage_taken":0,"max_hp_gain":0,"max_hp_loss":0,"event_name":"Shining Light","floor":7,"gold_loss":0}],"is_beta":true,"boss_relics":[],"items_purged_floors":[],"is_endless":false,"potions_floor_spawned":[5,6],"killed_by":"Gremlin Nob","ascension_level":20}