{"gold_per_floor":[115,26,26,39,39,65,91,108,108,126,201,201],"floor_reached":12,"playtime":226,"items_purged":[],"score":206,"play_id":"dca0b451-e6aa-4ed7-b021-70abcee616e1","local_time":"20190310203311","is_ascension_mode":true,"campfire_choices":[],"neow_cost":"NONE","seed_source_timestamp":18040821164827,"circlet_count":0,"master_deck":["AscendersBane","Strike_B","Strike_B","Strike_B","Defend_B","Defend_B","Defend_B","Defend_B","Zap","Dualcast","Hologram","Defragment","BootSequence","Leap","White Noise","Glacier"],"special_seed":0,"relics":["Cracked Core","NeowsBlessing","Question Card","Regal Pillow","Blood Vial","Mummified Hand"],"potions_floor_usage":[],"damage_taken":[{"damage":0.0,"enemies":"Jaw Worm","floor":1.0,"turns":1.0},{"damage":0.0,"enemies":"Cultist","floor":4.0,"turns":1.0},{"damage":0.0,"enemies":"3 Sentries","floor":6.0,"turns":2.0},{"damage":0.0,"enemies":"Small Slimes","floor":8.0,"turns":4.0},{"damage":0.0,"enemies":"3 Louse","floor":10.0,"turns":6.0},{"damage":90,"enemies":"Gremlin Nob","floor":12,"turns":7}],"seed_played":"-679181212938632310","potions_obtained":[{"floor":1.0,"key":"Block Potion"}],"is_trial":false,"path_per_floor":["M","$","?","M","?","E","T","M","T","M","?","E"],"character_chosen":"DEFECT","items_purchased":["Defragment"],"campfire_rested":0,"item_purchase_floors":[2],"current_hp_per_floor":[64,64,59,59,52,52,52,54,54,56,45,0],"gold":201,"neow_bonus":"THREE_ENEMY_KILL","is_prod":false,"is_daily":false,"chose_seed":false,"campfire_upgraded":0,"win_rate":0,"timestamp":1552246391,"path_taken":["M","$","?","M","?","E","?","?","T","M","?","E"],"build_version":"2019-02-06","purchased_purges":0,"victory":false,"max_hp_per_floor":[71,71,71,71,71,71,71,71,71,71,71,71],"card_choices":[{"not_picked":["Turbo","Consume"],"picked":"Hologram","floor":1.0},{"not_picked":["Streamline","Steam Power","Compile Driver"],"picked":"BootSequence","floor":4.0},{"not_picked":["Reinforced Body","BootSequence","Compile Driver"],"picked":"Leap","floor":6.0},{"not_picked":["Gash","Ball Lightning","Coolheaded"],"picked":"White Noise","floor":8.0},{"not_picked":["Hyperbeam","Go for the Eyes","Sweeping Beam"],"picked":"Glacier","floor":10.0}],"player_experience":1005478,"relics_obtained":[{"floor":6.0,"key":"Regal Pillow"},{"floor":7.0,"key":"Blood Vial"},{"floor":9.0,"key":"Mummified Hand"}],"event_choices":[{"damage_healed":0.0,"max_hp_gain":0.0,"max_hp_loss":0.0,"gold_gain":0.0,"event_name":"Scrap Ooze","player_choice":"Success","floor":3.0,"gold_loss":0.0,"damage_taken":5.0,"relics_obtained":["Question Card"]},{"cards_removed":["Strike_B"],"damage_healed":0.0,"max_hp_gain":0.0,"max_hp_loss":0.0,"gold_gain":0.0,"event_name":"Golden Wing","player_choice":"Card Removal","floor":5.0,"gold_loss":0.0,"damage_taken":7.0},{"damage_healed":0.0,"max_hp_gain":0.0,"max_hp_loss":0.0,"gold_gain":75.0,"event_name":"World of Goop","player_choice":"Gather Gold","floor":11.0,"gold_loss":0.0,"damage_taken":11.0}],"is_beta":true,"boss_relics":[],"items_purged_floors":[],"is_endless":false,"potions_floor_spawned":[1],"killed_by":"Gremlin Nob","ascension_level":20}