{"gold_per_floor":[110,260,21,21,21,53,53,86,112,130,130,204,221,254,254,330,330,341,15,15,15,15,15],"floor_reached":23,"playtime":574,"items_purged":["Doubt"],"score":506,"play_id":"3da9cd1c-65f0-49c7-a2c0-a577c7c2240e","local_time":"20190113223143","is_ascension_mode":true,"campfire_choices":[{"data":"Bash","floor":7.0,"key":"SMITH"},{"data":"Fiend Fire","floor":11.0,"key":"SMITH"},{"data":"Inflame","floor":15.0,"key":"SMITH"}],"neow_cost":"NONE","seed_source_timestamp":129924844222613,"circlet_count":0,"master_deck":["AscendersBane","Strike_R","Strike_R","Strike_R","Strike_R","Strike_R","Defend_R","Defend_R","Defend_R","Defend_R","Bash+1","Seeing Red","Ghostly Armor","Inflame+1","Fiend Fire+1","Heavy Blade","Iron Wave","Reaper","Uppercut"],"special_seed":0,"relics":["Black Blood","NeowsBlessing","Red Skull","Omamori","Matryoshka","Oddly Smooth Stone","Bag of Marbles","Kunai","FossilizedHelix"],"potions_floor_usage":[23,23],"damage_taken":[{"damage":0.0,"enemies":"2 Louse","floor":1.0,"turns":1.0},{"damage":0.0,"enemies":"3 Sentries","floor":6.0,"turns":2.0},{"damage":0.0,"enemies":"Gremlin Nob","floor":8.0,"turns":1.0},{"damage":10.0,"enemies":"Jaw Worm","floor":10.0,"turns":7.0},{"damage":0.0,"enemies":"Cultist","floor":13.0,"turns":3.0},{"damage":11.0,"enemies":"Lagavulin","floor":14.0,"turns":6.0},{"damage":25.0,"enemies":"The Guardian","floor":16.0,"turns":15.0},{"damage":0.0,"enemies":"Chosen","floor":18.0,"turns":3.0},{"damage":74,"enemies":"Book of Stabbing","floor":23,"turns":6}],"seed_played":"3171167490989021725","potions_obtained":[{"floor":1.0,"key":"LiquidBronze"},{"floor":4.0,"key":"EssenceOfSteel"},{"floor":4.0,"key":"Block Potion"},{"floor":13.0,"key":"Regen Potion"},{"floor":16.0,"key":"Weak Potion"}],"is_trial":false,"path_per_floor":["M","?","$","?","$","E","R","E","T","M","R","?","M","E","R","B",null,"M","$","?","$","?","E"],"character_chosen":"IRONCLAD","items_purchased":["Red Skull","FossilizedHelix"],"campfire_rested":0,"item_purchase_floors":[3,19],"current_hp_per_floor":[74,74,74,74,74,75,75,75,75,71,71,71,75,70,70,51,69,75,75,75,75,54,0],"gold":15,"neow_bonus":"THREE_ENEMY_KILL","is_prod":false,"is_daily":false,"chose_seed":false,"campfire_upgraded":3,"win_rate":0,"timestamp":1547415103,"path_taken":["M","?","$","?","$","E","R","E","T","?","R","?","M","E","R","BOSS","M","$","?","$","?","E"],"build_version":"2019-01-10","purchased_purges":1,"victory":false,"max_hp_per_floor":[75,75,75,75,75,75,75,75,75,75,75,75,75,75,75,75,75,75,75,75,75,80,80],"card_choices":[{"not_picked":["Clash","Infernal Blade"],"picked":"Seeing Red","floor":1.0},{"not_picked":["Iron Wave","Perfected Strike"],"picked":"Ghostly Armor","floor":6.0},{"not_picked":["Searing Blow","Body Slam"],"picked":"Inflame","floor":8.0},{"not_picked":["Shockwave","Cleave"],"picked":"Fiend Fire","floor":10.0},{"not_picked":["Seeing Red","Flame Barrier"],"picked":"Heavy Blade","floor":13.0},{"not_picked":["Cleave","Bloodletting"],"picked":"Iron Wave","floor":14.0},{"not_picked":["Berserk","Demon Form"],"picked":"Reaper","floor":16.0},{"not_picked":["Body Slam","Iron Wave"],"picked":"Uppercut","floor":18.0}],"player_experience":921453,"relics_obtained":[{"floor":6.0,"key":"Omamori"},{"floor":8.0,"key":"Matryoshka"},{"floor":9.0,"key":"Oddly Smooth Stone"},{"floor":9.0,"key":"Bag of Marbles"},{"floor":14.0,"key":"Kunai"}],"event_choices":[{"damage_healed":0.0,"max_hp_gain":0.0,"max_hp_loss":0.0,"gold_gain":150.0,"event_name":"Liars Game","player_choice":"AGREE","floor":2.0,"gold_loss":0.0,"damage_taken":0.0,"cards_obtained":["Doubt"]},{"damage_healed":0.0,"max_hp_gain":0.0,"max_hp_loss":0.0,"gold_gain":0.0,"event_name":"Lab","player_choice":"Got Potions","floor":4.0,"gold_loss":0.0,"damage_taken":0.0},{"damage_healed":0.0,"max_hp_gain":0.0,"max_hp_loss":0.0,"gold_gain":74.0,"event_name":"Golden Wing","player_choice":"Gained Gold","floor":12.0,"gold_loss":0.0,"damage_taken":0.0},{"damage_healed":0.0,"max_hp_gain":0.0,"max_hp_loss":0.0,"gold_gain":0.0,"event_name":"Cursed Tome","player_choice":"Ignored","floor":20.0,"gold_loss":0.0,"damage_taken":0.0},{"damage_healed":0.0,"max_hp_gain":5.0,"max_hp_loss":0.0,"gold_gain":0.0,"event_name":"Forgotten Altar","player_choice":"Shed Blood","floor":22.0,"gold_loss":0.0,"damage_taken":26.0}],"is_beta":true,"boss_relics":[{"not_picked":["Pandora\u0027s Box","Velvet Choker"],"picked":"Black Blood"}],"items_purged_floors":[3],"is_endless":false,"potions_floor_spawned":[1,8,13,16],"killed_by":"Book of Stabbing","ascension_level":20}