{"gold_per_floor":[109,109,15,15,31,60,60,95,170,182,196,214,214,232,232,232],"floor_reached":16,"playtime":720,"items_purged":[],"score":267,"play_id":"c4377497-fc6a-49f3-a8f7-975037290553","local_time":"20181220200954","is_ascension_mode":true,"campfire_choices":[{"data":"Discovery","floor":7.0,"key":"SMITH"},{"data":"Malaise","floor":13.0,"key":"SMITH"},{"data":"Backstab","floor":15.0,"key":"SMITH"}],"neow_cost":"NONE","seed_source_timestamp":40335091592807,"circlet_count":0,"master_deck":["AscendersBane","Defend_G","Defend_G","Defend_G","Defend_G","Defend_G","Strike_G","Strike_G","Strike_G","Strike_G","Survivor","Neutralize","Backstab+1","Discovery+1","Backflip","Malaise+1","Sucker Punch+1","Dagger Spray+1","PiercingWail","Poisoned Stab+1"],"special_seed":0,"relics":["Ring of the Snake","NeowsBlessing","Bottled Lightning","Blue Candle","Nunchaku","Molten Egg 2"],"potions_floor_usage":[16,16],"damage_taken":[{"damage":0.0,"enemies":"2 Louse","floor":1.0,"turns":1.0},{"damage":0.0,"enemies":"Cultist","floor":5.0,"turns":1.0},{"damage":0.0,"enemies":"Gremlin Nob","floor":6.0,"turns":1.0},{"damage":18.0,"enemies":"3 Sentries","floor":8.0,"turns":8.0},{"damage":2.0,"enemies":"Jaw Worm","floor":10.0,"turns":3.0},{"damage":7.0,"enemies":"Large Slime","floor":11.0,"turns":9.0},{"damage":1.0,"enemies":"Looter","floor":12.0,"turns":2.0},{"damage":0.0,"enemies":"Exordium Wildlife","floor":14.0,"turns":4.0},{"damage":39,"enemies":"Slime Boss","floor":16,"turns":14}],"seed_played":"-2848378272453432440","potions_obtained":[{"floor":1.0,"key":"EssenceOfSteel"},{"floor":5.0,"key":"Block Potion"},{"floor":8.0,"key":"Energy Potion"},{"floor":14.0,"key":"Regen Potion"}],"is_trial":false,"path_per_floor":["M","?","$","T","M","E","R","E","T","M","M","M","R","M","R","B"],"character_chosen":"THE_SILENT","items_purchased":["Discovery"],"campfire_rested":0,"item_purchase_floors":[3],"current_hp_per_floor":[59,59,59,59,59,59,59,41,41,39,32,31,31,31,31,7],"gold":232,"neow_bonus":"THREE_ENEMY_KILL","is_prod":false,"is_daily":false,"chose_seed":false,"campfire_upgraded":3,"win_rate":0,"timestamp":1545332994,"path_taken":["M","?","$","?","M","E","R","E","T","M","?","M","R","M","R","BOSS"],"build_version":"2018-12-19","purchased_purges":0,"victory":false,"max_hp_per_floor":[66,66,66,66,66,66,66,66,66,66,66,66,66,66,66,66],"card_choices":[{"not_picked":["Slice","Dagger Spray"],"picked":"Backstab","floor":1.0},{"not_picked":["Dagger Throw","Underhanded Strike","Skewer"],"picked":"SKIP","floor":5.0},{"not_picked":["Quick Slash","Underhanded Strike"],"picked":"Backflip","floor":6.0},{"not_picked":["Catalyst","Flying Knee"],"picked":"Malaise","floor":8.0},{"not_picked":["Quick Slash+1","Slice+1"],"picked":"Sucker Punch+1","floor":10.0},{"not_picked":["Deflect","Concentrate"],"picked":"Dagger Spray+1","floor":11.0},{"not_picked":["Prepared","All Out Attack+1"],"picked":"PiercingWail","floor":12.0},{"not_picked":["Deflect","Acrobatics"],"picked":"Poisoned Stab+1","floor":14.0}],"player_experience":846235,"relics_obtained":[{"floor":4.0,"key":"Bottled Lightning"},{"floor":6.0,"key":"Blue Candle"},{"floor":8.0,"key":"Nunchaku"},{"floor":9.0,"key":"Molten Egg 2"}],"event_choices":[{"cards_removed":["Strike_G"],"damage_healed":0.0,"max_hp_gain":0.0,"max_hp_loss":0.0,"gold_gain":0.0,"event_name":"Purifier","player_choice":"Purged","floor":2.0,"gold_loss":0.0,"damage_taken":0.0}],"is_beta":true,"boss_relics":[],"items_purged_floors":[],"is_endless":false,"potions_floor_spawned":[1,5,8,14],"killed_by":"Slime Boss","ascension_level":19}