{"gold_per_floor":[115,115,136,9,9,9,53,67,67,86,100,100,124,140,140,263,263,279,292,292,47,66,97,97,121,168,168,188,188,188,188,188,188],"floor_reached":33,"playtime":2395,"items_purged":["Strike_R","Strike_R"],"score":269,"play_id":"bbe7de6a-89f6-488c-bd4f-c6d186c60bca","local_time":"20190313081153","is_ascension_mode":false,"campfire_choices":[{"data":"Cleave","floor":6,"key":"SMITH"},{"data":"Heavy Blade","floor":15,"key":"SMITH"},{"floor":24,"key":"REST"},{"data":"Double Tap","floor":30,"key":"SMITH"},{"floor":32,"key":"REST"}],"neow_cost":"NONE","seed_source_timestamp":80106908352983,"circlet_count":0,"master_deck":["Strike_R+1","Defend_R+1","Defend_R+1","Defend_R+1","Defend_R+1","Bash","Cleave+1","Heavy Blade","Iron Wave","Rampage","Shrug It Off","Inflame+1","Heavy Blade+1","Disarm","Double Tap+1","Shrug It Off","Whirlwind"],"relics":["Burning Blood","Bronze Scales","Golden Idol","Mercury Hourglass","Gremlin Horn","Empty Cage","Ancient Tea Set","Anchor","Pen Nib"],"potions_floor_usage":[16,16,23,33,33,33,33,33,33],"damage_taken":[{"damage":16,"enemies":"Jaw Worm","floor":1,"turns":4},{"damage":0,"enemies":"Small Slimes","floor":3,"turns":3},{"damage":27,"enemies":"Gremlin Nob","floor":7,"turns":4},{"damage":0,"enemies":"2 Louse","floor":8,"turns":2},{"damage":4,"enemies":"Exordium Wildlife","floor":10,"turns":3},{"damage":6,"enemies":"Blue Slaver","floor":11,"turns":4},{"damage":1,"enemies":"3 Louse","floor":13,"turns":3},{"damage":15,"enemies":"Looter","floor":14,"turns":3},{"damage":41,"enemies":"The Guardian","floor":16,"turns":8},{"damage":10,"enemies":"3 Byrds","floor":18,"turns":3},{"damage":10,"enemies":"Spheric Guardian","floor":19,"turns":3},{"damage":11,"enemies":"Snecko","floor":22,"turns":4},{"damage":39,"enemies":"Gremlin Leader","floor":23,"turns":6},{"damage":0,"enemies":"Cultist and Chosen","floor":25,"turns":5},{"damage":18,"enemies":"Shelled Parasite and Fungi","floor":28,"turns":4},{"damage":92,"enemies":"Champ","floor":33,"turns":13}],"seed_played":"6829227484109608535","potions_obtained":[{"floor":1,"key":"SteroidPotion"},{"floor":8,"key":"GamblersBrew"},{"floor":13,"key":"Regen Potion"},{"floor":16,"key":"SteroidPotion"},{"floor":18,"key":"EntropicBrew"},{"floor":23,"key":"Swift Potion"}],"is_trial":false,"path_per_floor":["M","?","M","$","?","R","E","M","T","M","M","?","M","M","R","B",null,"M","M","?","$","M","E","R","M","T","?","M","?","R","?","R","B"],"character_chosen":"IRONCLAD","items_purchased":["Heavy Blade","Ancient Tea Set"],"campfire_rested":2,"item_purchase_floors":[4,21],"current_hp_per_floor":[70,50,56,56,80,80,59,65,65,67,67,67,72,63,63,42,80,76,72,72,72,67,34,58,64,64,64,52,52,52,52,76,0],"gold":188,"neow_bonus":"RANDOM_COMMON_RELIC","is_prod":false,"is_daily":false,"chose_seed":false,"campfire_upgraded":3,"win_rate":0.0,"timestamp":1552479113,"path_taken":["M","?","M","$","?","R","E","M","T","M","M","?","M","M","R","BOSS","M","M","?","$","M","E","R","M","T","?","M","?","R","?","R","BOSS"],"build_version":"2019-01-23","purchased_purges":2,"victory":false,"max_hp_per_floor":[80,80,80,80,80,80,80,80,80,80,80,80,80,80,80,80,80,80,80,80,80,80,80,80,80,80,80,80,80,80,80,80,80],"card_choices":[{"not_picked":["Searing Blow","Dropkick","Anger"],"picked":"SKIP","floor":1},{"not_picked":["Warcry","Pommel Strike"],"picked":"Cleave","floor":3},{"not_picked":["Warcry","Intimidate"],"picked":"Iron Wave","floor":7},{"not_picked":["Bludgeon","Headbutt"],"picked":"Rampage","floor":8},{"not_picked":["Entrench","Warcry"],"picked":"Shrug It Off","floor":10},{"not_picked":["Entrench","Spot Weakness"],"picked":"Inflame","floor":11},{"not_picked":["Shrug It Off","Clash"],"picked":"Heavy Blade","floor":13},{"not_picked":["Body Slam","Inflame"],"picked":"Disarm","floor":14},{"not_picked":["Fiend Fire","Barricade"],"picked":"Double Tap","floor":16},{"not_picked":["Perfected Strike+1","Sword Boomerang"],"picked":"Shrug It Off","floor":18},{"not_picked":["Anger","Body Slam+1","Armaments"],"picked":"SKIP","floor":19},{"not_picked":["Bloodletting+1","Rampage"],"picked":"Whirlwind","floor":22},{"not_picked":["Clash","Intimidate","Seeing Red"],"picked":"SKIP","floor":23},{"not_picked":["Blood for Blood+1","Rampage","Seeing Red"],"picked":"SKIP","floor":25},{"not_picked":["Perfected Strike","Seeing Red+1","Cleave"],"picked":"SKIP","floor":28}],"player_experience":23142,"relics_obtained":[{"floor":7,"key":"Mercury Hourglass"},{"floor":9,"key":"Gremlin Horn"},{"floor":23,"key":"Anchor"},{"floor":26,"key":"Pen Nib"}],"event_choices":[{"damage_healed":0,"gold_gain":0,"player_choice":"Take Damage","damage_taken":20,"relics_obtained":["Golden Idol"],"max_hp_gain":0,"max_hp_loss":0,"event_name":"Golden Idol","floor":2,"gold_loss":0},{"damage_healed":26,"gold_gain":0,"player_choice":"Banana","damage_taken":0,"max_hp_gain":0,"max_hp_loss":0,"event_name":"Big Fish","floor":5,"gold_loss":0},{"damage_healed":0,"gold_gain":0,"player_choice":"Grow","damage_taken":0,"max_hp_gain":0,"max_hp_loss":0,"event_name":"Living Wall","floor":12,"gold_loss":0,"cards_upgraded":["Inflame"]},{"damage_healed":0,"gold_gain":0,"player_choice":"Ignored","damage_taken":0,"max_hp_gain":0,"max_hp_loss":0,"event_name":"The Mausoleum","floor":20,"gold_loss":0},{"damage_healed":0,"gold_gain":0,"player_choice":"Ignored","damage_taken":0,"max_hp_gain":0,"max_hp_loss":0,"event_name":"Cursed Tome","floor":27,"gold_loss":0},{"damage_healed":0,"gold_gain":0,"player_choice":"Simplicity","damage_taken":0,"max_hp_gain":0,"max_hp_loss":0,"event_name":"Back to Basics","floor":29,"gold_loss":0,"cards_upgraded":["Strike_R","Defend_R","Defend_R","Defend_R","Defend_R"]},{"damage_healed":0,"gold_gain":0,"player_choice":"Ignored","damage_taken":0,"max_hp_gain":0,"max_hp_loss":0,"event_name":"Ghosts","floor":31,"gold_loss":0}],"is_beta":false,"boss_relics":[{"not_picked":["Cursed Key","Fusion Hammer"],"picked":"Empty Cage"}],"items_purged_floors":[4,21],"is_endless":false,"potions_floor_spawned":[1,8,13,16,18,22,23],"killed_by":"Champ","ascension_level":0}