{"gold_per_floor":[118,118,132,152,152,179,25,25,25,54,54,54,85,123,135,245,257,286,298,49,124,134,134,164,179,179,179,179,112,123,156,156,260,260,279,293,293,293,48,48,63,63,142,54,65,97,97,109,109,109],"floor_reached":51,"playtime":4738,"items_purged":["Decay"],"score":917,"play_id":"7a97c0f3-8622-4587-b297-af8beef65d03","local_time":"20190313003457","is_ascension_mode":true,"campfire_choices":[{"floor":8.0,"key":"REST"},{"floor":11.0,"key":"REST"},{"floor":15,"key":"REST"},{"floor":23,"key":"REST"},{"floor":27,"key":"REST"},{"floor":32,"key":"REST"},{"data":"After Image","floor":40,"key":"SMITH"},{"floor":47,"key":"REST"},{"data":"Footwork","floor":49,"key":"SMITH"}],"neow_cost":"NONE","seed_source_timestamp":0,"circlet_count":0,"master_deck":["Defend_G","Defend_G","Defend_G","Defend_G","Defend_G","Strike_G+1","Strike_G","Strike_G","Strike_G+1","Survivor","Neutralize+1","Well Laid Plans","Dash","Quick Slash+1","Terror","Adrenaline","Deflect+1","All Out Attack+1","Infinite Blades+1","Dash+1","Endless Agony+1","Malaise","Footwork+1","After Image+1","Finisher+1","Noxious Fumes","Good Instincts+1","Skewer+1"],"special_seed":0,"relics":["Black Star","Molten Egg 2","Question Card","Happy Flower","Torii","Regal Pillow","Bag of Marbles","Ancient Tea Set","Matryoshka","MawBank","Boot","Bag of Preparation","Sozu","Whetstone","Mummified Hand","Gremlin Horn","Smiling Mask","Pear","Toxic Egg 2","Singing Bowl","Busted Crown","Shuriken","Ornamental Fan","Girya","Oddly Smooth Stone"],"potions_floor_usage":[16,31],"damage_taken":[{"damage":12.0,"enemies":"Jaw Worm","floor":1.0,"turns":6.0},{"damage":1.0,"enemies":"2 Louse","floor":3.0,"turns":4.0},{"damage":0.0,"enemies":"Small Slimes","floor":4.0,"turns":5.0},{"damage":15.0,"enemies":"Gremlin Nob","floor":6.0,"turns":5.0},{"damage":14.0,"enemies":"3 Sentries","floor":10.0,"turns":13.0},{"damage":14.0,"enemies":"Lagavulin","floor":13.0,"turns":9.0},{"damage":52,"enemies":"Slime Boss","floor":16,"turns":14},{"damage":10,"enemies":"3 Byrds","floor":18,"turns":6},{"damage":7,"enemies":"2 Thieves","floor":22,"turns":4},{"damage":36,"enemies":"Slavers","floor":24,"turns":6},{"damage":18,"enemies":"Snecko","floor":25,"turns":5},{"damage":16,"enemies":"Centurion and Healer","floor":30,"turns":4},{"damage":1,"enemies":"Book of Stabbing","floor":31,"turns":5},{"damage":42,"enemies":"Automaton","floor":33,"turns":17},{"damage":17,"enemies":"3 Darklings","floor":35,"turns":5},{"damage":4,"enemies":"3 Shapes","floor":36,"turns":2},{"damage":17,"enemies":"Spire Growth","floor":41,"turns":5},{"damage":0,"enemies":"Maw","floor":45,"turns":7},{"damage":0,"enemies":"Giant Head","floor":46,"turns":8},{"damage":1,"enemies":"Jaw Worm Horde","floor":48,"turns":3},{"damage":0,"enemies":"Time Eater","floor":50,"turns":9}],"seed_played":"2438763409019287416","potions_obtained":[{"floor":1.0,"key":"Energy Potion"},{"floor":13.0,"key":"SkillPotion"},{"floor":16,"key":"FearPotion"}],"is_trial":false,"path_per_floor":["M","?","M","M","?","E","$","R","T","E","R","?","E","T","R","B",null,"M","?","$","?","M","R","E","M","T","R","?","$","M","E","R","B",null,"M","M","?","?","$","R","M","?","T","$","M","E","R","M","R","B",null],"character_chosen":"THE_SILENT","items_purchased":["Happy Flower","All Out Attack+1","Whetstone","Endless Agony+1","Shuriken","Good Instincts+1"],"campfire_rested":7,"item_purchase_floors":[7,20,20,29,39,44],"current_hp_per_floor":[58,58,57,57,57,42,42,63,63,49,70,67,53,53,70,18,70,60,60,60,53,46,70,34,16,26,65,65,65,49,48,80,38,80,63,59,59,59,59,59,44,44,44,44,46,48,82,81,81,81],"gold":109,"neow_bonus":"BOSS_RELIC","is_prod":false,"is_daily":false,"chose_seed":false,"campfire_upgraded":2,"win_rate":0,"timestamp":1552451697,"path_taken":["M","?","M","M","?","E","$","R","T","E","R","?","E","?","R","BOSS","M","?","$","?","?","R","E","M","T","R","?","?","M","E","R","BOSS","M","M","?","?","$","R","M","?","T","$","M","E","R","M","R","BOSS"],"build_version":"2019-01-23","purchased_purges":1,"victory":true,"max_hp_per_floor":[70,70,70,70,70,70,70,70,70,70,70,70,70,70,70,70,70,70,70,70,70,70,70,70,70,80,80,80,80,80,80,80,80,80,80,80,80,76,76,76,78,78,78,78,80,82,82,82,82,82],"card_choices":[{"not_picked":["Bouncing Flask","Cloak And Dagger"],"picked":"Well Laid Plans","floor":1.0},{"not_picked":["Calculated Gamble","Deadly Poison"],"picked":"Dash","floor":3.0},{"not_picked":["Outmaneuver","Masterful Stab","Sucker Punch"],"picked":"SKIP","floor":4.0},{"not_picked":["Prepared","Slice"],"picked":"Tactician","floor":6.0},{"not_picked":["Eviscerate+1","Calculated Gamble","Bane+1"],"picked":"Quick Slash+1","floor":10.0},{"not_picked":["Outmaneuver","Backflip","Escape Plan"],"picked":"Terror","floor":13.0},{"not_picked":["Burst","Die Die Die+1","A Thousand Cuts"],"picked":"Adrenaline","floor":16},{"not_picked":["Flying Knee+1","Slice+1","Eviscerate+1"],"picked":"Deflect+1","floor":18},{"not_picked":["Distraction+1","Backflip","Cloak And Dagger"],"picked":"Infinite Blades+1","floor":22},{"not_picked":["Poisoned Stab+1","Dodge and Roll","Cloak And Dagger","Tactician"],"picked":"SKIP","floor":24},{"not_picked":["Poisoned Stab+1","Leg Sweep","Tactician"],"picked":"Dash+1","floor":25},{"not_picked":["Masterful Stab+1","Distraction","Well Laid Plans"],"picked":"Malaise","floor":30},{"not_picked":["Well Laid Plans+1","Bane+1","Sucker Punch+1"],"picked":"Footwork","floor":31},{"not_picked":["Doppelganger+1","Storm of Steel+1","Unload+1"],"picked":"After Image","floor":33},{"not_picked":["Deadly Poison+1"],"picked":"Finisher+1","floor":35},{"not_picked":["Flying Knee+1"],"picked":"Noxious Fumes","floor":36},{"not_picked":["Riddle With Holes+1","PiercingWail+1"],"picked":"Singing Bowl","floor":41},{"not_picked":["Cloak And Dagger+1","Poisoned Stab+1"],"picked":"Singing Bowl","floor":45},{"not_picked":["Dagger Throw+1","Poisoned Stab+1"],"picked":"Singing Bowl","floor":46},{"not_picked":["Bane+1"],"picked":"Skewer+1","floor":48}],"player_experience":130045,"relics_obtained":[{"floor":6.0,"key":"Molten Egg 2"},{"floor":6.0,"key":"Question Card"},{"floor":9.0,"key":"Torii"},{"floor":10.0,"key":"Regal Pillow"},{"floor":10.0,"key":"Bag of Marbles"},{"floor":13.0,"key":"Matryoshka"},{"floor":13.0,"key":"MawBank"},{"floor":14.0,"key":"Boot"},{"floor":14.0,"key":"Bag of Preparation"},{"floor":24,"key":"Mummified Hand"},{"floor":24,"key":"Gremlin Horn"},{"floor":26,"key":"Smiling Mask"},{"floor":26,"key":"Pear"},{"floor":31,"key":"Toxic Egg 2"},{"floor":31,"key":"Singing Bowl"},{"floor":43,"key":"Ornamental Fan"},{"floor":46,"key":"Girya"},{"floor":46,"key":"Oddly Smooth Stone"}],"event_choices":[{"damage_healed":0.0,"max_hp_gain":0.0,"max_hp_loss":0.0,"gold_gain":0.0,"event_name":"Shining Light","player_choice":"Ignored","floor":2.0,"gold_loss":0.0,"damage_taken":0.0},{"damage_healed":0.0,"max_hp_gain":0.0,"max_hp_loss":0.0,"gold_gain":0.0,"event_name":"Living Wall","player_choice":"Grow","floor":5.0,"gold_loss":0.0,"damage_taken":0.0,"cards_upgraded":["Neutralize"]},{"damage_healed":0.0,"max_hp_gain":0.0,"max_hp_loss":0.0,"gold_gain":0.0,"event_name":"Scrap Ooze","player_choice":"Success","floor":12.0,"gold_loss":0.0,"damage_taken":3.0,"relics_obtained":["Ancient Tea Set"]},{"damage_healed":0,"gold_gain":0,"player_choice":"Smashed Altar","damage_taken":0,"max_hp_gain":0,"max_hp_loss":0,"event_name":"Forgotten Altar","floor":19,"gold_loss":0,"cards_obtained":["Decay"]},{"damage_healed":0,"gold_gain":75,"player_choice":"Touch","damage_taken":7,"max_hp_gain":0,"max_hp_loss":0,"event_name":"FaceTrader","floor":21,"gold_loss":0},{"cards_removed":["Tactician"],"damage_healed":0,"gold_gain":0,"player_choice":"Purged","damage_taken":0,"max_hp_gain":0,"max_hp_loss":0,"event_name":"Purifier","floor":28,"gold_loss":0},{"damage_healed":0,"gold_gain":0,"player_choice":"Ignored","damage_taken":0,"max_hp_gain":0,"max_hp_loss":0,"event_name":"Mysterious Sphere","floor":37,"gold_loss":0},{"damage_healed":0,"gold_gain":0,"player_choice":"Max HP","damage_taken":0,"max_hp_gain":0,"max_hp_loss":4,"event_name":"Winding Halls","floor":38,"gold_loss":0},{"cards_removed":["Strike_G"],"damage_healed":0,"gold_gain":0,"player_choice":"Purged","damage_taken":0,"max_hp_gain":0,"max_hp_loss":0,"event_name":"Purifier","floor":42,"gold_loss":0}],"is_beta":false,"boss_relics":[{"not_picked":["Coffee Dripper","Calling Bell"],"picked":"Sozu"},{"not_picked":["Fusion Hammer","HoveringKite"],"picked":"Busted Crown"}],"items_purged_floors":[20],"is_endless":false,"potions_floor_spawned":[1,13,16,24,25,36,41,48],"ascension_level":3}