{"gold_per_floor":[115,115,135,155,9,9,27,62,130,148,164,53,53,53,53,153,153,168,168,180,75,75,101,101,10,56,84,104,135,56,70,70,70],"floor_reached":33,"playtime":6287,"items_purged":[],"score":355,"play_id":"35734434-a4ea-41df-9b63-b15410b82a59","local_time":"20190305185208","is_ascension_mode":false,"campfire_choices":[{"data":"Dagger Spray","floor":6.0,"key":"SMITH"},{"floor":13.0,"key":"REST"},{"floor":15.0,"key":"REST"},{"floor":24,"key":"REST"},{"floor":32,"key":"REST"}],"neow_cost":"NONE","seed_source_timestamp":0,"circlet_count":0,"master_deck":["Defend_G","Defend_G","Defend_G","Defend_G","Strike_G","Strike_G","Strike_G","Strike_G","Strike_G","Survivor","Neutralize","Dagger Spray+1","Distraction","Backflip","Well Laid Plans","Noxious Fumes","Dagger Throw+1","Deflect+1","Footwork","Dash","Die Die Die","Dagger Throw+1","Ghostly","Ghostly","Ghostly","Ghostly","Deflect+1","Deadly Poison","Masterful Stab","Caltrops+1","Skewer","Acrobatics","Poisoned Stab","PiercingWail","Crippling Poison","Backstab","PiercingWail+1"],"special_seed":0,"relics":["Ring of the Snake","Vajra","The Specimen","Mercury Hourglass","Philosopher\u0027s Stone","Regal Pillow","Potion Belt","Centennial Puzzle","Blood Vial"],"potions_floor_usage":[27,27,33],"damage_taken":[{"damage":2.0,"enemies":"2 Louse","floor":1.0,"turns":4.0},{"damage":0.0,"enemies":"Cultist","floor":3.0,"turns":5.0},{"damage":0.0,"enemies":"Small Slimes","floor":4.0,"turns":4.0},{"damage":0.0,"enemies":"Blue Slaver","floor":7.0,"turns":4.0},{"damage":32.0,"enemies":"Lagavulin","floor":8.0,"turns":7.0},{"damage":3.0,"enemies":"Exordium Thugs","floor":10.0,"turns":5.0},{"damage":3.0,"enemies":"Red Slaver","floor":11.0,"turns":3.0},{"damage":34.0,"enemies":"Hexaghost","floor":16.0,"turns":10.0},{"damage":1.0,"enemies":"2 Thieves","floor":18.0,"turns":3.0},{"damage":2.0,"enemies":"Chosen","floor":20.0,"turns":4.0},{"damage":24,"enemies":"Slavers","floor":23,"turns":5},{"damage":10,"enemies":"Book of Stabbing","floor":27,"turns":5},{"damage":3,"enemies":"Snake Plant","floor":28,"turns":4},{"damage":25,"enemies":"Gremlin Leader","floor":29,"turns":7},{"damage":1,"enemies":"Cultist and Chosen","floor":31,"turns":5},{"damage":55,"enemies":"Champ","floor":33,"turns":14}],"seed_played":"-2254874688781944672","potions_obtained":[{"floor":1.0,"key":"LiquidBronze"},{"floor":8.0,"key":"SkillPotion"},{"floor":10.0,"key":"SkillPotion"},{"floor":20.0,"key":"Fruit Juice"},{"floor":23,"key":"Swift Potion"},{"floor":29,"key":"Regen Potion"}],"is_trial":false,"path_per_floor":["?","$","?","?","?","M","$"],"character_chosen":"THE_SILENT","items_purchased":["Vajra","Footwork","Dash","Deadly Poison","Masterful Stab","Skewer","Acrobatics","Backstab"],"campfire_rested":4,"item_purchase_floors":[5,12,12,21,21,25,25,30],"current_hp_per_floor":[75,75,75,75,75,75,75,43,43,40,37,37,60,45,68,34,77,76,38,41,41,43,19,43,43,43,33,30,5,5,6,33,0],"gold":70,"neow_bonus":"TEN_PERCENT_HP_BONUS","is_prod":false,"is_daily":false,"chose_seed":false,"campfire_upgraded":1,"win_rate":0.0,"timestamp":1551808328,"path_taken":["M","?","M","M","$","R","M","E","T","M","M","?","R","?","R","BOSS","M","?","M","$","?","E","R","$","T","E","?","E","?","M","R","BOSS"],"build_version":"2019-01-23","purchased_purges":0,"victory":false,"max_hp_per_floor":[77,77,77,77,77,77,77,77,77,77,77,77,77,77,77,77,77,77,38,43,43,43,43,43,43,43,43,43,43,43,43,43,43],"card_choices":[{"not_picked":["Reflex","Leg Sweep"],"picked":"Dagger Spray","floor":1.0},{"not_picked":["Flechettes","Dagger Throw"],"picked":"Distraction","floor":3.0},{"not_picked":["Slice","Expertise"],"picked":"Backflip","floor":4.0},{"not_picked":["Outmaneuver","Prepared"],"picked":"Well Laid Plans","floor":7.0},{"not_picked":["Terror","Masterful Stab"],"picked":"Noxious Fumes","floor":8.0},{"not_picked":["Quick Slash","Backflip"],"picked":"Dagger Throw","floor":10.0},{"not_picked":["Prepared","All Out Attack"],"picked":"Deflect","floor":11.0},{"not_picked":["Tools of the Trade","Wraith Form v2"],"picked":"Die Die Die","floor":16.0},{"not_picked":["Acrobatics+1","Skewer"],"picked":"Dagger Throw+1","floor":18.0},{"not_picked":["Eviscerate","Prepared"],"picked":"Deflect+1","floor":20.0},{"not_picked":["Footwork","Distraction"],"picked":"Caltrops+1","floor":23},{"not_picked":["Slice","Dash+1"],"picked":"Poisoned Stab","floor":27},{"not_picked":["Dodge and Roll","Underhanded Strike"],"picked":"PiercingWail","floor":28},{"not_picked":["Dagger Spray+1","Blur"],"picked":"Crippling Poison","floor":29},{"not_picked":["Quick Slash","Backflip"],"picked":"PiercingWail+1","floor":31}],"player_experience":4349,"relics_obtained":[{"floor":8.0,"key":"The Specimen"},{"floor":9.0,"key":"Mercury Hourglass"},{"floor":23,"key":"Regal Pillow"},{"floor":26,"key":"Potion Belt"},{"floor":27,"key":"Centennial Puzzle"},{"floor":29,"key":"Blood Vial"}],"event_choices":[{"cards_removed":["Defend_G"],"damage_healed":0.0,"max_hp_gain":0.0,"max_hp_loss":0.0,"gold_gain":0.0,"event_name":"Wheel of Change","player_choice":"Card Removal","floor":2.0,"gold_loss":0.0,"damage_taken":0.0},{"damage_healed":0.0,"max_hp_gain":0.0,"max_hp_loss":0.0,"gold_gain":0.0,"event_name":"Shining Light","player_choice":"Entered Light","floor":14.0,"gold_loss":0.0,"damage_taken":15.0,"cards_upgraded":["Deflect","Dagger Throw"]},{"damage_healed":0.0,"max_hp_gain":0.0,"max_hp_loss":39.0,"gold_gain":0.0,"event_name":"Ghosts","player_choice":"Became a Ghost","floor":19.0,"gold_loss":0.0,"damage_taken":0.0,"cards_obtained":["Ghostly","Ghostly","Ghostly","Ghostly","Ghostly"]},{"cards_removed":["Ghostly"],"damage_healed":5,"gold_gain":0,"player_choice":"Offered Special","damage_taken":0,"max_hp_gain":0,"max_hp_loss":0,"event_name":"Bonfire Elementals","floor":22,"gold_loss":0}],"is_beta":false,"boss_relics":[{"not_picked":["Orrery","Calling Bell"],"picked":"Philosopher\u0027s Stone"}],"items_purged_floors":[],"is_endless":false,"potions_floor_spawned":[1,8,10,20,23,29],"killed_by":"Champ","ascension_level":0}