{"gold_per_floor":[114,114,139,139,139,179,179,215,245,276,300,315,315,89,89,182,182,198,221,140,161,161,161,81,95,144,144],"floor_reached":27,"playtime":1133,"items_purged":[],"score":512,"play_id":"a7726f7c-9851-4631-91b5-9508e0776ce0","local_time":"20190305211059","is_ascension_mode":true,"campfire_choices":[{"data":"Apotheosis","floor":15.0,"key":"SMITH"},{"data":"Buffer","floor":23.0,"key":"SMITH"}],"neow_cost":"NONE","seed_source_timestamp":35157040126276,"circlet_count":0,"master_deck":["AscendersBane","Strike_B","Strike_B","Strike_B+1","Strike_B","Defend_B","Defend_B+1","Defend_B+1","Zap","Dualcast","Chill+1","Leap+1","Cold Snap","Core Surge","FTL+1","Apotheosis+1","Self Repair","Echo Form","Ball Lightning+1","Buffer+1","Capacitor+1","Conserve Battery"],"special_seed":0,"relics":["Cracked Core","NeowsBlessing","Golden Idol","Meat on the Bone","Orichalcum","Tiny Chest","War Paint","Philosopher\u0027s Stone","Frozen Egg 2","Lantern"],"potions_floor_usage":[27],"damage_taken":[{"damage":0.0,"enemies":"Cultist","floor":1.0,"turns":1.0},{"damage":0.0,"enemies":"Jaw Worm","floor":3.0,"turns":1.0},{"damage":0.0,"enemies":"Gremlin Nob","floor":6.0,"turns":1.0},{"damage":12.0,"enemies":"Lagavulin","floor":8.0,"turns":9.0},{"damage":27.0,"enemies":"Gremlin Nob","floor":10.0,"turns":5.0},{"damage":0.0,"enemies":"Small Slimes","floor":11.0,"turns":2.0},{"damage":0.0,"enemies":"3 Louse","floor":12.0,"turns":3.0},{"damage":34.0,"enemies":"Hexaghost","floor":16.0,"turns":12.0},{"damage":25.0,"enemies":"3 Byrds","floor":18.0,"turns":6.0},{"damage":15.0,"enemies":"Chosen","floor":19.0,"turns":5.0},{"damage":36.0,"enemies":"Shelled Parasite and Fungi","floor":21.0,"turns":6.0},{"damage":21.0,"enemies":"Chosen and Byrds","floor":25.0,"turns":8.0},{"damage":22,"enemies":"Gremlin Leader","floor":27,"turns":8}],"seed_played":"-922062685730449047","potions_obtained":[{"floor":1.0,"key":"SkillPotion"},{"floor":3.0,"key":"Dexterity Potion"},{"floor":6.0,"key":"Swift Potion"},{"floor":25.0,"key":"FearPotion"}],"is_trial":false,"path_per_floor":["M","?","M","?","?","E","?","E","T","E","M","M","?","$","R","B",null,"M","M","$","M","T","R","$","M","T","E"],"character_chosen":"DEFECT","items_purchased":["Apotheosis","Self Repair","Buffer","Capacitor+1"],"campfire_rested":0,"item_purchase_floors":[14,14,20,24],"current_hp_per_floor":[64,64,64,57,38,38,38,38,38,23,35,35,35,35,35,23,54,48,43,43,26,26,26,26,27,27,5],"gold":144,"neow_bonus":"THREE_ENEMY_KILL","is_prod":false,"is_daily":false,"chose_seed":false,"campfire_upgraded":2,"win_rate":0,"timestamp":1551816659,"path_taken":["M","?","M","?","?","E","?","E","T","E","?","M","?","$","R","BOSS","M","M","$","M","?","R","$","?","T","E"],"build_version":"2019-02-06","purchased_purges":0,"victory":false,"max_hp_per_floor":[71,64,64,64,64,64,64,64,64,64,64,64,64,64,64,64,64,64,64,64,64,64,64,64,64,64,64],"card_choices":[{"not_picked":["Genetic Algorithm","Rebound"],"picked":"Chill","floor":1.0},{"not_picked":["Stack","Turbo"],"picked":"Leap","floor":3.0},{"not_picked":["Melter","Turbo"],"picked":"Cold Snap","floor":6.0},{"not_picked":["Reinforced Body","Force Field"],"picked":"Core Surge","floor":8.0},{"not_picked":["Leap","Redo","Cold Snap"],"picked":"SKIP","floor":10.0},{"not_picked":["Rebound","Streamline","Sweeping Beam"],"picked":"SKIP","floor":11.0},{"not_picked":["Storm","Reprogram"],"picked":"FTL","floor":12.0},{"not_picked":["Buffer","Seek"],"picked":"Echo Form","floor":16.0},{"not_picked":["Chaos","Darkness","Streamline"],"picked":"SKIP","floor":18.0},{"not_picked":["Coolheaded","Sweeping Beam"],"picked":"Ball Lightning+1","floor":19.0},{"not_picked":["Streamline","Rip and Tear","Gash"],"picked":"SKIP","floor":21.0},{"not_picked":["Doom and Gloom","Rebound"],"picked":"Conserve Battery","floor":25.0}],"player_experience":995954,"relics_obtained":[{"floor":6.0,"key":"Meat on the Bone"},{"floor":8.0,"key":"Orichalcum"},{"floor":9.0,"key":"Tiny Chest"},{"floor":10.0,"key":"War Paint"},{"floor":22.0,"key":"Frozen Egg 2"},{"floor":26.0,"key":"Lantern"}],"event_choices":[{"damage_healed":0.0,"max_hp_gain":0.0,"max_hp_loss":7.0,"gold_gain":0.0,"event_name":"Golden Idol","player_choice":"Lose Max HP","floor":2.0,"gold_loss":0.0,"damage_taken":0.0,"relics_obtained":["Golden Idol"]},{"cards_removed":["Defend_B"],"damage_healed":0.0,"max_hp_gain":0.0,"max_hp_loss":0.0,"gold_gain":0.0,"event_name":"Golden Wing","player_choice":"Card Removal","floor":4.0,"gold_loss":0.0,"damage_taken":7.0},{"damage_healed":0.0,"max_hp_gain":0.0,"max_hp_loss":0.0,"gold_gain":0.0,"event_name":"Shining Light","player_choice":"Entered Light","floor":5.0,"gold_loss":0.0,"damage_taken":19.0,"cards_upgraded":["Strike_B","Defend_B"]},{"damage_healed":0.0,"max_hp_gain":0.0,"max_hp_loss":0.0,"gold_gain":0.0,"event_name":"Living Wall","player_choice":"Grow","floor":7.0,"gold_loss":0.0,"damage_taken":0.0,"cards_upgraded":["Chill"]},{"damage_healed":0.0,"max_hp_gain":0.0,"max_hp_loss":0.0,"gold_gain":0.0,"event_name":"Upgrade Shrine","player_choice":"Upgraded","floor":13.0,"gold_loss":0.0,"damage_taken":0.0,"cards_upgraded":["FTL"]}],"is_beta":true,"boss_relics":[{"not_picked":["Calling Bell","Ectoplasm"],"picked":"Philosopher\u0027s Stone"}],"items_purged_floors":[],"is_endless":false,"potions_floor_spawned":[1,3,6,25],"killed_by":"Gremlin Leader","ascension_level":20}