{"gold_per_floor":[118,118,118,136,148,483,483,513,513,513,542,542,553,565,565,565],"floor_reached":16,"playtime":672,"items_purged":[],"score":120,"play_id":"76309b71-989b-4b62-803c-694a1e7cc51b","local_time":"20190222224238","is_ascension_mode":false,"campfire_choices":[{"floor":7,"key":"REST"},{"floor":12,"key":"REST"},{"floor":15,"key":"REST"}],"neow_cost":"NONE","seed_source_timestamp":553467746693993,"circlet_count":0,"master_deck":["Strike_R","Strike_R","Strike_R","Strike_R","Strike_R","Defend_R","Defend_R","Defend_R","Flex","Anger","Reaper","Seeing Red","Intimidate"],"relics":["Burning Blood","NeowsBlessing","Dream Catcher","Old Coin","FossilizedHelix","Mercury Hourglass","Letter Opener"],"potions_floor_usage":[8,8,11,16],"damage_taken":[{"damage":0,"enemies":"2 Louse","floor":1,"turns":1},{"damage":0,"enemies":"Jaw Worm","floor":4,"turns":1},{"damage":0,"enemies":"Cultist","floor":5,"turns":1},{"damage":65,"enemies":"Lagavulin","floor":6,"turns":9},{"damage":30,"enemies":"3 Sentries","floor":8,"turns":12},{"damage":8,"enemies":"Gremlin Nob","floor":11,"turns":4},{"damage":7,"enemies":"Blue Slaver","floor":13,"turns":3},{"damage":0,"enemies":"Exordium Wildlife","floor":14,"turns":2},{"damage":88,"enemies":"Slime Boss","floor":16,"turns":13}],"seed_played":"-7496556595109423415","potions_obtained":[{"floor":4,"key":"EssenceOfSteel"},{"floor":6,"key":"Ancient Potion"},{"floor":8,"key":"AttackPotion"},{"floor":13,"key":"GamblersBrew"}],"is_trial":false,"path_per_floor":["M","?","?","M","M","E","R","E","T","?","E","R","M","M","R","B"],"character_chosen":"IRONCLAD","items_purchased":[],"campfire_rested":3,"item_purchase_floors":[],"current_hp_per_floor":[80,77,77,80,80,21,45,21,21,21,19,43,45,62,80,0],"gold":565,"neow_bonus":"THREE_ENEMY_KILL","is_prod":false,"is_daily":false,"chose_seed":false,"campfire_upgraded":0,"win_rate":0.0,"timestamp":1550904158,"path_taken":["M","?","?","?","M","E","R","E","T","?","E","R","M","M","R","BOSS"],"build_version":"2019-01-23","purchased_purges":0,"victory":false,"max_hp_per_floor":[80,80,80,80,80,80,80,80,80,80,80,80,80,80,80,80],"card_choices":[{"not_picked":["Headbutt","Thunderclap","Pommel Strike"],"picked":"SKIP","floor":1},{"not_picked":["Headbutt","Thunderclap","Pommel Strike"],"picked":"SKIP","floor":1},{"not_picked":["Armaments","Uppercut","Reckless Charge"],"picked":"SKIP","floor":4},{"not_picked":["Feel No Pain","Sword Boomerang"],"picked":"Flex","floor":5},{"not_picked":["Thunderclap","Barricade","Body Slam"],"picked":"SKIP","floor":6},{"not_picked":["Twin Strike","Armaments"],"picked":"Anger","floor":8},{"not_picked":["Sword Boomerang","Shockwave"],"picked":"Reaper","floor":11},{"not_picked":["Combust","Shrug It Off"],"picked":"Seeing Red","floor":12},{"not_picked":["Body Slam","Whirlwind","Clothesline"],"picked":"SKIP","floor":13},{"not_picked":["Cleave","Burning Pact","Thunderclap"],"picked":"SKIP","floor":14},{"not_picked":["Warcry","Perfected Strike"],"picked":"Intimidate","floor":15}],"player_experience":3241,"relics_obtained":[{"floor":6,"key":"Old Coin"},{"floor":8,"key":"FossilizedHelix"},{"floor":9,"key":"Mercury Hourglass"},{"floor":11,"key":"Letter Opener"}],"event_choices":[{"damage_healed":0,"gold_gain":0,"player_choice":"Success","damage_taken":3,"relics_obtained":["Dream Catcher"],"max_hp_gain":0,"max_hp_loss":0,"event_name":"Scrap Ooze","floor":2,"gold_loss":0},{"cards_removed":["Bash"],"damage_healed":0,"gold_gain":0,"player_choice":"Offered Basic","damage_taken":0,"max_hp_gain":0,"max_hp_loss":0,"event_name":"Bonfire Elementals","floor":3,"gold_loss":0},{"cards_removed":["Defend_R"],"damage_healed":0,"gold_gain":0,"player_choice":"Forget","damage_taken":0,"max_hp_gain":0,"max_hp_loss":0,"event_name":"Living Wall","floor":10,"gold_loss":0}],"is_beta":false,"boss_relics":[],"items_purged_floors":[],"is_endless":false,"potions_floor_spawned":[4,6,8,13],"killed_by":"Slime Boss","ascension_level":0}