{"gold_per_floor":[117,192,192,27,44,44,75,89,89,101,136,149,161,195,195,272,272,285,285,304,324,105,140,140,167,193,108,88,98,126,126,126,200,200,211,256,274,274,291,317,334,352,352,377,377,395,430,448,448,448],"floor_reached":50,"playtime":4190,"items_purged":["Writhe"],"score":1328,"play_id":"1b8c95f0-b6ba-407d-a347-e301be7965aa","local_time":"20190312103010","is_ascension_mode":true,"campfire_choices":[{"data":"Buffer","floor":6.0,"key":"SMITH"},{"data":"Defragment","floor":15.0,"key":"SMITH"},{"floor":24.0,"key":"REST"},{"floor":32.0,"key":"REST"},{"floor":49,"key":"RECALL"}],"neow_cost":"NONE","seed_source_timestamp":3191092000194,"circlet_count":0,"master_deck":["AscendersBane","Strike_B","Strike_B","Strike_B","Strike_B","Defend_B","Defend_B","Defend_B","Defend_B+1","Zap","Dualcast+1","Conserve Battery","Core Surge","Buffer+1","Gash","Coolheaded","Cold Snap","Defragment+1","Static Discharge","Chill","Doom and Gloom","Biased Cognition","Hologram","Backflip+1","After Image","PiercingWail+1","Sucker Punch+1","Doom and Gloom+1","Spot Weakness","White Noise","Disarm"],"special_seed":0,"relics":["Cracked Core","NeowsBlessing","Meat on the Bone","Pear","Happy Flower","Mummified Hand","Velvet Choker","PrismaticShard","Centennial Puzzle","Regal Pillow","Juzu Bracelet","Molten Egg 2","Bag of Preparation","Enchiridion","Inserter","Du-Vu Doll","Gremlin Horn","Ice Cream","War Paint"],"potions_floor_usage":[],"damage_taken":[{"damage":0.0,"enemies":"Small Slimes","floor":1.0,"turns":1.0},{"damage":0.0,"enemies":"2 Louse","floor":5.0,"turns":1.0},{"damage":0.0,"enemies":"Gremlin Nob","floor":7.0,"turns":1.0},{"damage":0.0,"enemies":"Cultist","floor":8.0,"turns":3.0},{"damage":3.0,"enemies":"Exordium Thugs","floor":10.0,"turns":6.0},{"damage":12.0,"enemies":"3 Sentries","floor":11.0,"turns":17.0},{"damage":6.0,"enemies":"2 Fungi Beasts","floor":12.0,"turns":3.0},{"damage":3.0,"enemies":"3 Louse","floor":13.0,"turns":4.0},{"damage":0.0,"enemies":"Lagavulin","floor":14.0,"turns":7.0},{"damage":27.0,"enemies":"The Guardian","floor":16.0,"turns":13.0},{"damage":14.0,"enemies":"Shell Parasite","floor":18.0,"turns":9.0},{"damage":0.0,"enemies":"Chosen","floor":20.0,"turns":6.0},{"damage":0.0,"enemies":"3 Cultists","floor":21.0,"turns":6.0},{"damage":21.0,"enemies":"Slavers","floor":23.0,"turns":6.0},{"damage":44.0,"enemies":"Book of Stabbing","floor":25.0,"turns":6.0},{"damage":0.0,"enemies":"Snecko","floor":29.0,"turns":4.0},{"damage":23.0,"enemies":"Slavers","floor":30.0,"turns":7.0},{"damage":37.0,"enemies":"Champ","floor":33.0,"turns":11.0},{"damage":0.0,"enemies":"Orb Walker","floor":35.0,"turns":3.0},{"damage":18.0,"enemies":"2 Orb Walkers","floor":36.0,"turns":7.0},{"damage":7.0,"enemies":"3 Darklings","floor":37.0,"turns":10.0},{"damage":0.0,"enemies":"Maw","floor":39.0,"turns":8.0},{"damage":53.0,"enemies":"Reptomancer","floor":40.0,"turns":9.0},{"damage":6.0,"enemies":"Transient","floor":41.0,"turns":6.0},{"damage":10.0,"enemies":"Jaw Worm Horde","floor":42.0,"turns":5.0},{"damage":20.0,"enemies":"Giant Head","floor":44.0,"turns":10.0},{"damage":7.0,"enemies":"4 Shapes","floor":46.0,"turns":3.0},{"damage":31.0,"enemies":"Nemesis","floor":47.0,"turns":7.0},{"damage":13,"enemies":"Sphere and 2 Shapes","floor":48,"turns":4},{"damage":0,"enemies":"Awakened One","floor":50,"turns":1}],"seed_played":"-2088887205091939940","potions_obtained":[{"floor":5.0,"key":"FairyPotion"},{"floor":8.0,"key":"Fire Potion"},{"floor":11.0,"key":"FocusPotion"},{"floor":25.0,"key":"AttackPotion"},{"floor":33.0,"key":"Block Potion"},{"floor":41.0,"key":"FearPotion"},{"floor":42.0,"key":"Block Potion"},{"floor":47.0,"key":"SpeedPotion"},{"floor":48,"key":"SteroidPotion"}],"is_trial":false,"path_per_floor":["M","?","?","$","M","R","E","M","T","M","E","M","M","E","R","B",null,"M","?","M","M","$","E","R","E","T","?","?","M","E","?","R","B",null,"M","?","M","?","M","E","M","M","T","E","?","M","E","M","R","B"],"character_chosen":"DEFECT","items_purchased":["Buffer","PrismaticShard"],"campfire_rested":2,"item_purchase_floors":[4,22],"current_hp_per_floor":[64,53,53,53,53,53,53,53,63,60,48,42,51,51,51,36,70,56,33,45,45,45,36,61,29,29,29,29,41,30,9,49,24,71,71,53,46,46,46,20,26,28,28,20,67,60,41,40,40,40],"gold":448,"neow_bonus":"THREE_ENEMY_KILL","is_prod":false,"is_daily":false,"chose_seed":false,"campfire_upgraded":2,"win_rate":0,"timestamp":1552383010,"path_taken":["M","?","?","$","M","R","E","M","T","?","E","M","M","E","R","BOSS","M","?","M","M","$","E","R","E","T","?","?","M","E","?","R","BOSS","M","?","M","?","M","E","M","M","T","E","?","M","E","M","R","BOSS"],"build_version":"2019-02-06","purchased_purges":1,"victory":false,"max_hp_per_floor":[71,71,71,71,71,71,71,71,81,81,81,81,81,81,81,81,81,81,86,86,86,86,86,86,86,86,86,86,86,86,86,86,86,86,86,86,86,82,82,82,82,82,82,82,67,67,67,67,67,67],"card_choices":[{"not_picked":["Gash","Melter"],"picked":"Conserve Battery","floor":1.0},{"not_picked":["Aggregate","Conserve Battery"],"picked":"Gash","floor":5.0},{"not_picked":["Stack","Conserve Battery"],"picked":"Coolheaded","floor":7.0},{"not_picked":["Redo","Scrape"],"picked":"Cold Snap","floor":8.0},{"not_picked":["Hello World","Sunder"],"picked":"Defragment","floor":10.0},{"not_picked":["Leap","Streamline"],"picked":"Static Discharge","floor":11.0},{"not_picked":["Sweeping Beam","Redo"],"picked":"Chill","floor":12.0},{"not_picked":["Thunder Strike","Doom and Gloom","Sunder"],"picked":"SKIP","floor":13.0},{"not_picked":["Thunder Strike","Sunder"],"picked":"Doom and Gloom","floor":13.0},{"not_picked":["Beam Cell","Sweeping Beam","Rip and Tear"],"picked":"SKIP","floor":14.0},{"not_picked":["Buffer","Thunder Strike"],"picked":"Biased Cognition","floor":16.0},{"not_picked":["Gash","Stack"],"picked":"Hologram","floor":18.0},{"not_picked":["Redo","Go for the Eyes","Stack"],"picked":"SKIP","floor":20.0},{"not_picked":["Redo","Go for the Eyes","Stack"],"picked":"SKIP","floor":20.0},{"not_picked":["Steam Power","Beam Cell+1","Force Field+1"],"picked":"SKIP","floor":21.0},{"not_picked":["Perfected Strike","Poisoned Stab","Reprogram+1"],"picked":"SKIP","floor":23.0},{"not_picked":["Envenom","Panacea"],"picked":"Backflip+1","floor":25.0},{"not_picked":["Blade Dance","Prepared","Shrug It Off"],"picked":"SKIP","floor":29.0},{"not_picked":["Dropkick+1","Poisoned Stab+1","Fusion"],"picked":"SKIP","floor":30.0},{"not_picked":["Brutality","Exhume"],"picked":"After Image","floor":33.0},{"not_picked":["Sword Boomerang+1","Gash+1"],"picked":"PiercingWail+1","floor":35.0},{"not_picked":["Quick Slash+1","Carnage+1","Deep Breath"],"picked":"SKIP","floor":37.0},{"not_picked":["Conserve Battery","Anger+1"],"picked":"Sucker Punch+1","floor":39.0},{"not_picked":["Deflect","Rampage+1"],"picked":"Doom and Gloom+1","floor":40.0},{"not_picked":["Dagger Spray+1","Compile Driver+1"],"picked":"Spot Weakness","floor":41.0},{"not_picked":["Sword Boomerang+1","Stack+1"],"picked":"White Noise","floor":42.0},{"not_picked":["Seeing Red","Compile Driver+1","Pommel Strike+1"],"picked":"SKIP","floor":44.0},{"not_picked":["Catalyst","Secret Weapon","Anger+1"],"picked":"SKIP","floor":46.0},{"not_picked":["Poisoned Stab+1","Night Terror","Deadly Poison"],"picked":"SKIP","floor":47.0},{"not_picked":["Outmaneuver+1","Acrobatics"],"picked":"Disarm","floor":48}],"player_experience":1009132,"relics_obtained":[{"floor":7.0,"key":"Meat on the Bone"},{"floor":9.0,"key":"Pear"},{"floor":11.0,"key":"Happy Flower"},{"floor":14.0,"key":"Mummified Hand"},{"floor":23.0,"key":"Centennial Puzzle"},{"floor":25.0,"key":"Regal Pillow"},{"floor":26.0,"key":"Juzu Bracelet"},{"floor":30.0,"key":"Bag of Preparation"},{"floor":31.0,"key":"Enchiridion"},{"floor":36.0,"key":"Du-Vu Doll"},{"floor":40.0,"key":"Gremlin Horn"},{"floor":44.0,"key":"Ice Cream"},{"floor":47.0,"key":"War Paint"}],"event_choices":[{"damage_healed":0.0,"max_hp_gain":0.0,"max_hp_loss":0.0,"gold_gain":75.0,"event_name":"World of Goop","player_choice":"Gather Gold","floor":2.0,"gold_loss":0.0,"damage_taken":11.0},{"damage_healed":0.0,"max_hp_gain":0.0,"max_hp_loss":0.0,"gold_gain":0.0,"event_name":"Match and Keep!","player_choice":"2 cards matched","floor":3.0,"gold_loss":0.0,"damage_taken":0.0,"cards_obtained":["Core Surge","Writhe"]},{"damage_healed":0.0,"max_hp_gain":5.0,"max_hp_loss":0.0,"gold_gain":0.0,"event_name":"Forgotten Altar","player_choice":"Shed Blood","floor":19.0,"gold_loss":0.0,"damage_taken":28.0},{"damage_healed":0.0,"max_hp_gain":0.0,"max_hp_loss":0.0,"gold_gain":0.0,"event_name":"Addict","player_choice":"Obtained Relic","floor":27.0,"gold_loss":85.0,"damage_taken":0.0,"relics_obtained":["Molten Egg 2"]},{"damage_healed":0.0,"max_hp_gain":0.0,"max_hp_loss":0.0,"gold_gain":0.0,"event_name":"The Woman in Blue","player_choice":"Bought 1 Potion","floor":28.0,"gold_loss":0.0,"damage_taken":0.0},{"damage_healed":0.0,"max_hp_gain":0.0,"max_hp_loss":0.0,"gold_gain":0.0,"event_name":"Cursed Tome","player_choice":"Obtained Book","floor":31.0,"gold_loss":0.0,"damage_taken":21.0},{"damage_healed":0.0,"max_hp_gain":0.0,"max_hp_loss":0.0,"gold_gain":0.0,"event_name":"Mysterious Sphere","player_choice":"Fight","floor":36.0,"gold_loss":0.0,"damage_taken":0.0},{"damage_healed":0.0,"max_hp_gain":0.0,"max_hp_loss":4.0,"gold_gain":0.0,"event_name":"Winding Halls","player_choice":"Max HP","floor":38.0,"gold_loss":0.0,"damage_taken":0.0},{"damage_healed":67.0,"max_hp_gain":0.0,"max_hp_loss":15.0,"gold_gain":0.0,"event_name":"The Moai Head","player_choice":"Heal","floor":45.0,"gold_loss":0.0,"damage_taken":0.0}],"is_beta":true,"boss_relics":[{"not_picked":["Busted Crown","Eternal Feather"],"picked":"Velvet Choker"},{"not_picked":["Runic Pyramid","White Beast Statue"],"picked":"Inserter"}],"items_purged_floors":[4],"is_endless":false,"potions_floor_spawned":[5,8,11,12,14,18,25,33,35,41,42,47,48],"killed_by":"Awakened One","ascension_level":20}