{"gold_per_floor":[116,216,228,247,262,297,297,297,297,317,328,363,378,397,397,496,496,516,530,545,420,435,435,463,482,482,135,135,152,152,152,152,253,253,268,268,284,284,100,100],"floor_reached":40,"playtime":8176,"items_purged":["Scrape+1","Defend_B"],"score":447,"play_id":"787f5e1a-365e-4449-9857-f02a90795787","local_time":"20190308160106","is_ascension_mode":false,"campfire_choices":[{"floor":8,"key":"REST"},{"floor":15,"key":"REST"},{"data":"Tempest","floor":23,"key":"SMITH"},{"data":"White Noise","floor":28,"key":"SMITH"},{"data":"Redo","floor":30,"key":"SMITH"},{"data":"Dualcast","floor":32,"key":"SMITH"}],"neow_cost":"PERCENT_DAMAGE","seed_source_timestamp":12313681795591,"circlet_count":0,"master_deck":["Strike_B","Strike_B","Defend_B","Defend_B","Defend_B","Zap","Dualcast+1","Genetic Algorithm","Ball Lightning","Darkness","Auto Shields","Hologram","White Noise+1","Stack","BootSequence","Echo Form","Electrodynamics+1","Steam Power+1","Redo+1","Tempest+1","Beam Cell","Rebound","Self Repair","Redo+1","Multi-Cast","Tempest+1","Lockon"],"relics":["Cracked Core","Mango","Regal Pillow","Shuriken","Nunchaku","Astrolabe","Gambling Chip","Pen Nib","Lee\u0027s Waffle","Anchor","Philosopher\u0027s Stone","Happy Flower"],"potions_floor_usage":[5,10,16,16,24,33,35],"damage_taken":[{"damage":0,"enemies":"2 Louse","floor":1,"turns":2},{"damage":0,"enemies":"Cultist","floor":3,"turns":3},{"damage":4,"enemies":"Small Slimes","floor":4,"turns":3},{"damage":7,"enemies":"Gremlin Gang","floor":5,"turns":5},{"damage":21,"enemies":"Gremlin Nob","floor":6,"turns":4},{"damage":21,"enemies":"Lots of Slimes","floor":10,"turns":5},{"damage":7,"enemies":"Blue Slaver","floor":11,"turns":3},{"damage":13,"enemies":"Lagavulin","floor":12,"turns":7},{"damage":18,"enemies":"Exordium Thugs","floor":13,"turns":4},{"damage":0,"enemies":"Looter","floor":14,"turns":3},{"damage":12,"enemies":"Hexaghost","floor":16,"turns":9},{"damage":4,"enemies":"Shell Parasite","floor":18,"turns":6},{"damage":5,"enemies":"2 Thieves","floor":19,"turns":3},{"damage":7,"enemies":"Snake Plant","floor":20,"turns":4},{"damage":0,"enemies":"Cultist and Chosen","floor":22,"turns":4},{"damage":56,"enemies":"Book of Stabbing","floor":24,"turns":6},{"damage":0,"enemies":"3 Cultists","floor":25,"turns":4},{"damage":16,"enemies":"Snake Plant","floor":29,"turns":3},{"damage":60,"enemies":"Collector","floor":33,"turns":8},{"damage":24,"enemies":"3 Darklings","floor":35,"turns":4},{"damage":12,"enemies":"3 Shapes","floor":37,"turns":3},{"damage":110,"enemies":"Reptomancer","floor":40,"turns":4}],"seed_played":"-6358802069911622006","potions_obtained":[{"floor":1,"key":"GamblersBrew"},{"floor":10,"key":"Fruit Juice"},{"floor":13,"key":"Weak Potion"},{"floor":14,"key":"AttackPotion"},{"floor":18,"key":"Block Potion"},{"floor":24,"key":"GamblersBrew"},{"floor":33,"key":"Fire Potion"}],"is_trial":false,"path_per_floor":["?","M","?","M","$","M","?","?","?"],"character_chosen":"DEFECT","items_purchased":["Beam Cell","Lee\u0027s Waffle","PowerPotion","Happy Flower","Lockon"],"campfire_rested":2,"item_purchase_floors":[21,27,27,39,39],"current_hp_per_floor":[68,68,68,64,57,36,36,77,77,61,54,41,23,23,66,54,94,90,85,78,78,78,78,22,29,29,101,101,92,92,92,92,32,101,77,77,65,101,101,0],"gold":100,"neow_bonus":"ONE_RARE_RELIC","is_prod":false,"is_daily":false,"chose_seed":false,"campfire_upgraded":4,"win_rate":0.0,"timestamp":1552057266,"path_taken":["M","?","M","?","M","E","?","R","T","M","M","E","M","M","R","BOSS","M","M","?","?","M","R","E","?","T","$","R","M","R","?","R","BOSS","M","?","M","?","$","E"],"build_version":"2019-01-23","purchased_purges":2,"victory":false,"max_hp_per_floor":[89,89,89,89,89,89,89,89,89,94,94,94,94,94,94,94,94,94,94,94,94,94,94,94,94,94,101,101,101,101,101,101,101,101,101,101,101,101,101,101],"card_choices":[{"not_picked":["Scrape","Hologram"],"picked":"Genetic Algorithm","floor":1},{"not_picked":["Tempest","Chaos"],"picked":"Ball Lightning","floor":3},{"not_picked":["Ball Lightning","Sweeping Beam"],"picked":"Darkness","floor":4},{"not_picked":["Compile Driver","Redo"],"picked":"Auto Shields","floor":5},{"not_picked":["Gash","Coolheaded"],"picked":"Hologram","floor":6},{"not_picked":["Doom and Gloom","Chaos"],"picked":"Ball Lightning","floor":10},{"not_picked":["Go for the Eyes","Steam"],"picked":"White Noise","floor":11},{"not_picked":["Blizzard","Leap"],"picked":"Stack","floor":12},{"not_picked":["Storm","Leap"],"picked":"Reprogram","floor":13},{"not_picked":["Undo","Rainbow"],"picked":"BootSequence","floor":14},{"not_picked":["Buffer","Rainbow"],"picked":"Echo Form","floor":16},{"not_picked":["Double Energy","Go for the Eyes"],"picked":"Redo+1","floor":18},{"not_picked":["Barrage","Leap+1"],"picked":"Tempest","floor":19},{"not_picked":["Steam","Barrage","Sweeping Beam+1"],"picked":"SKIP","floor":20},{"not_picked":["Storm","Darkness"],"picked":"Rebound","floor":22},{"not_picked":["Tempest","Beam Cell"],"picked":"Self Repair","floor":24},{"not_picked":["Streamline","Stack"],"picked":"Redo","floor":25},{"not_picked":["Blizzard","Gash+1","Chaos"],"picked":"SKIP","floor":29},{"not_picked":["Creative AI","Fission"],"picked":"Multi-Cast","floor":33},{"not_picked":["Hologram","Reprogram+1","Gash+1"],"picked":"SKIP","floor":35},{"not_picked":["Go for the Eyes","Gash"],"picked":"Tempest+1","floor":37}],"player_experience":45668,"relics_obtained":[{"floor":6,"key":"Regal Pillow"},{"floor":9,"key":"Shuriken"},{"floor":12,"key":"Nunchaku"},{"floor":24,"key":"Gambling Chip"},{"floor":26,"key":"Pen Nib"}],"event_choices":[{"damage_healed":0,"gold_gain":100,"player_choice":"Pray","damage_taken":0,"max_hp_gain":0,"max_hp_loss":0,"event_name":"Golden Shrine","floor":2,"gold_loss":0},{"damage_healed":0,"gold_gain":0,"player_choice":"1 cards matched","damage_taken":0,"max_hp_gain":0,"max_hp_loss":0,"event_name":"Match and Keep!","floor":7,"gold_loss":0,"cards_obtained":["Blizzard"]},{"damage_healed":0,"gold_gain":0,"player_choice":"1 cards matched","damage_taken":0,"max_hp_gain":0,"max_hp_loss":0,"event_name":"Match and Keep!","floor":7,"gold_loss":0,"cards_obtained":["Blizzard"]},{"damage_healed":0,"gold_gain":0,"player_choice":"Gave Potion","damage_taken":0,"relics_obtained":["Anchor"],"max_hp_gain":0,"max_hp_loss":0,"event_name":"WeMeetAgain","floor":31,"gold_loss":0},{"cards_removed":["Ball Lightning"],"damage_healed":0,"gold_gain":0,"player_choice":"Removed Attack","damage_taken":0,"max_hp_gain":0,"max_hp_loss":0,"event_name":"Falling","floor":36,"gold_loss":0},{"cards_removed":["Reprogram"],"damage_healed":36,"gold_gain":0,"player_choice":"Offered Uncommon","damage_taken":0,"max_hp_gain":0,"max_hp_loss":0,"event_name":"Bonfire Elementals","floor":38,"gold_loss":0}],"is_beta":false,"boss_relics":[{"not_picked":["Tiny House","Busted Crown"],"picked":"Astrolabe"},{"not_picked":["Black Star","Orrery"],"picked":"Philosopher\u0027s Stone"}],"items_purged_floors":[21,27],"is_endless":false,"potions_floor_spawned":[1,10,13,14,18,24,33],"killed_by":"Reptomancer","ascension_level":0}