{"gold_per_floor":[112,112,37,48,48,48,81,81,133,152,27,353,370,4,4,75,75,75,75,75,75,75],"floor_reached":22,"playtime":910,"items_purged":["Strike_B","Strike_B"],"score":438,"play_id":"8b9716fc-0249-4a64-b850-07a1a1af75f7","local_time":"20190302191926","is_ascension_mode":true,"campfire_choices":[{"data":"Genetic Algorithm","floor":6.0,"key":"SMITH"},{"data":"Chill","floor":8.0,"key":"SMITH"},{"data":"White Noise","floor":15.0,"key":"SMITH"}],"neow_cost":"NONE","seed_source_timestamp":28568989736486,"circlet_count":0,"master_deck":["AscendersBane","Defend_B","Defend_B","Defend_B","Defend_B","Zap","Dualcast","Genetic Algorithm+1","FTL","Chill+1","Conserve Battery","Capacitor","Go for the Eyes","White Noise+1","Creative AI","Compile Driver","Coolheaded"],"special_seed":0,"relics":["Cracked Core","NeowsBlessing","Question Card","Smiling Mask","Old Coin","StoneCalendar","Ectoplasm"],"potions_floor_usage":[],"damage_taken":[{"damage":0.0,"enemies":"Jaw Worm","floor":1.0,"turns":1.0},{"damage":0.0,"enemies":"Small Slimes","floor":4.0,"turns":1.0},{"damage":0.0,"enemies":"3 Sentries","floor":7.0,"turns":1.0},{"damage":0.0,"enemies":"2 Louse","floor":10.0,"turns":2.0},{"damage":18.0,"enemies":"Lagavulin","floor":12.0,"turns":9.0},{"damage":2.0,"enemies":"Lots of Slimes","floor":13.0,"turns":7.0},{"damage":20.0,"enemies":"The Guardian","floor":16.0,"turns":14.0},{"damage":1.0,"enemies":"Chosen","floor":18.0,"turns":7.0},{"damage":5.0,"enemies":"Spheric Guardian","floor":19.0,"turns":5.0},{"damage":9.0,"enemies":"Centurion and Healer","floor":21.0,"turns":7.0},{"damage":68,"enemies":"3 Cultists","floor":22,"turns":6}],"seed_played":"4004934933774590402","potions_obtained":[{"floor":5.0,"key":"Fruit Juice"},{"floor":5.0,"key":"GamblersBrew"},{"floor":7.0,"key":"Ancient Potion"},{"floor":21.0,"key":"SpeedPotion"}],"is_trial":false,"path_per_floor":["M","?","?","M","?","R","E","R","T","M","$","E","M","$","R","B",null,"M","M","?","M","M"],"character_chosen":"DEFECT","items_purchased":["Capacitor","StoneCalendar"],"campfire_rested":0,"item_purchase_floors":[11,14],"current_hp_per_floor":[64,57,57,57,62,62,62,62,62,62,62,44,42,42,42,22,63,62,57,57,48,0],"gold":75,"neow_bonus":"THREE_ENEMY_KILL","is_prod":false,"is_daily":false,"chose_seed":false,"campfire_upgraded":3,"win_rate":0,"timestamp":1551550766,"path_taken":["M","?","?","M","?","R","E","R","T","M","$","E","?","$","R","BOSS","M","?","?","M","M"],"build_version":"2019-02-06","purchased_purges":2,"victory":false,"max_hp_per_floor":[71,71,71,71,76,76,76,76,76,76,76,76,76,76,76,76,76,76,76,76,76,76],"card_choices":[{"not_picked":["Cold Snap","Auto Shields"],"picked":"Genetic Algorithm","floor":1.0},{"not_picked":["Double Energy","Doom and Gloom"],"picked":"FTL","floor":4.0},{"not_picked":["Barrage","Undo"],"picked":"Chill","floor":7.0},{"not_picked":["Stack","Heatsinks","Undo"],"picked":"Conserve Battery","floor":10.0},{"not_picked":["Ball Lightning","Gash","Stack"],"picked":"Go for the Eyes","floor":12.0},{"not_picked":["Cold Snap","Conserve Battery","Static Discharge"],"picked":"White Noise","floor":13.0},{"not_picked":["Seek","Rainbow","Core Surge"],"picked":"Creative AI","floor":16.0},{"not_picked":["Streamline","Reinforced Body","Doom and Gloom"],"picked":"Compile Driver","floor":18.0},{"not_picked":["Turbo","Chaos","Hologram","Go for the Eyes"],"picked":"SKIP","floor":19.0},{"not_picked":["Steam","Reprogram","Sunder"],"picked":"Coolheaded","floor":21.0}],"player_experience":969711,"relics_obtained":[{"floor":7.0,"key":"Question Card"},{"floor":9.0,"key":"Smiling Mask"},{"floor":12.0,"key":"Old Coin"}],"event_choices":[{"cards_removed":["Strike_B"],"damage_healed":0.0,"max_hp_gain":0.0,"max_hp_loss":0.0,"gold_gain":0.0,"event_name":"Golden Wing","player_choice":"Card Removal","floor":2.0,"gold_loss":0.0,"damage_taken":7.0},{"cards_removed":["Strike_B"],"damage_healed":0.0,"max_hp_gain":0.0,"max_hp_loss":0.0,"gold_gain":0.0,"event_name":"The Cleric","player_choice":"Card Removal","floor":3.0,"gold_loss":75.0,"damage_taken":0.0},{"damage_healed":0.0,"max_hp_gain":0.0,"max_hp_loss":0.0,"gold_gain":0.0,"event_name":"Lab","player_choice":"Got Potions","floor":5.0,"gold_loss":0.0,"damage_taken":0.0},{"damage_healed":0.0,"max_hp_gain":0.0,"max_hp_loss":0.0,"gold_gain":0.0,"event_name":"Beggar","player_choice":"Ignored","floor":20.0,"gold_loss":0.0,"damage_taken":0.0}],"is_beta":true,"boss_relics":[{"not_picked":["Fusion Hammer","FrozenCore"],"picked":"Ectoplasm"}],"items_purged_floors":[11,14],"is_endless":false,"potions_floor_spawned":[7,13,16,21],"killed_by":"3 Cultists","ascension_level":20}