{"gold_per_floor":[117,117,137,148,73,73,131,131,185,216,230,258,258],"floor_reached":13,"playtime":394,"items_purged":["Regret"],"score":206,"play_id":"46d7b017-5cfb-4da0-ba7a-124da69e4888","local_time":"20190305220448","is_ascension_mode":true,"campfire_choices":[{"floor":6,"key":"REST"},{"floor":8,"key":"REST"}],"neow_cost":"PERCENT_DAMAGE","seed_source_timestamp":39395591863772,"circlet_count":0,"master_deck":["AscendersBane","Strike_B","Strike_B","Strike_B","Strike_B","Defend_B","Defend_B","Defend_B","Defend_B","Zap","Dualcast","Rainbow","Go for the Eyes","Steam","Loop","Conserve Battery","Creative AI"],"relics":["Cracked Core","PreservedInsect","Tiny Chest","Lantern","Oddly Smooth Stone","Mummified Hand"],"potions_floor_usage":[12],"damage_taken":[{"damage":5,"enemies":"Jaw Worm","floor":1,"turns":4},{"damage":11,"enemies":"Small Slimes","floor":3,"turns":3},{"damage":13,"enemies":"Cultist","floor":4,"turns":4},{"damage":8,"enemies":"Lagavulin","floor":7,"turns":6},{"damage":28,"enemies":"3 Sentries","floor":10,"turns":7},{"damage":10,"enemies":"3 Louse","floor":11,"turns":3},{"damage":9,"enemies":"Lagavulin","floor":12,"turns":6},{"damage":0,"enemies":"Exordium Wildlife","floor":13,"turns":2}],"seed_played":"-1554760249176192440","potions_obtained":[{"floor":10,"key":"Weak Potion"},{"floor":12,"key":"LiquidBronze"}],"is_trial":false,"path_per_floor":["M","?","M","M","$","R","E","R","T","E","M","E","M"],"character_chosen":"DEFECT","items_purchased":[],"campfire_rested":2,"item_purchase_floors":[],"current_hp_per_floor":[41,41,30,17,17,38,30,51,51,23,13,4,4],"gold":258,"neow_bonus":"THREE_RARE_CARDS","is_prod":false,"is_daily":false,"chose_seed":false,"campfire_upgraded":0,"win_rate":0,"timestamp":1551819888,"path_taken":["M","?","M","M","$","R","E","R","T","E","M","E","M"],"build_version":"2019-02-06","purchased_purges":1,"victory":false,"max_hp_per_floor":[71,71,71,71,71,71,71,71,71,71,71,71,71],"card_choices":[{"not_picked":["Fission","Machine Learning"],"picked":"Rainbow","floor":0},{"not_picked":["Turbo","Redo","Gash"],"picked":"SKIP","floor":1},{"not_picked":["Rebound","Sweeping Beam"],"picked":"Go for the Eyes","floor":3},{"not_picked":["Storm","Barrage"],"picked":"Steam","floor":4},{"not_picked":["Sweeping Beam","Steam"],"picked":"Loop","floor":7},{"not_picked":["Gash","Redo","Steam"],"picked":"SKIP","floor":10},{"not_picked":["Redo","Stack"],"picked":"Conserve Battery","floor":11},{"not_picked":["Consume","Self Repair"],"picked":"Creative AI","floor":12}],"player_experience":997087,"relics_obtained":[{"floor":7,"key":"Tiny Chest"},{"floor":9,"key":"Lantern"},{"floor":10,"key":"Oddly Smooth Stone"},{"floor":12,"key":"Mummified Hand"}],"event_choices":[{"damage_healed":0,"gold_gain":0,"player_choice":"Box","damage_taken":0,"relics_obtained":["PreservedInsect"],"max_hp_gain":0,"max_hp_loss":0,"event_name":"Big Fish","floor":2,"gold_loss":0,"cards_obtained":["Regret"]}],"is_beta":true,"boss_relics":[],"items_purged_floors":[5],"is_endless":false,"potions_floor_spawned":[10,12],"killed_by":"Exordium Wildlife","ascension_level":20}