{"gold_per_floor":[117,192,202,202,202,202,246,246,272,306,322,322,335,373,373,373],"floor_reached":16,"playtime":1362,"items_purged":[],"score":108,"play_id":"26993ad2-a7a0-49e7-b394-6bfaaae21bc5","local_time":"20190312130600","is_ascension_mode":false,"campfire_choices":[{"floor":6,"key":"REST"},{"floor":8,"key":"REST"},{"floor":12,"key":"REST"},{"floor":15,"key":"REST"}],"neow_cost":"NONE","seed_source_timestamp":12387499441871,"circlet_count":0,"master_deck":["Strike_B","Strike_B","Strike_B","Defend_B+1","Defend_B","Defend_B","Defend_B+1","Zap","Dualcast","Storm","Gash","Amplify+1","Conserve Battery","Genetic Algorithm","Conserve Battery","Leap","Conserve Battery"],"relics":["Cracked Core","Golden Idol","War Paint","Lantern","Pantograph","Odd Mushroom"],"potions_floor_usage":[10,16],"damage_taken":[{"damage":0,"enemies":"Small Slimes","floor":1,"turns":4},{"damage":7,"enemies":"2 Louse","floor":3,"turns":4},{"damage":35,"enemies":"Lagavulin","floor":7,"turns":7},{"damage":19,"enemies":"3 Sentries","floor":10,"turns":9},{"damage":2,"enemies":"Jaw Worm","floor":11,"turns":4},{"damage":1,"enemies":"Large Slime","floor":13,"turns":8},{"damage":15,"enemies":"The Mushroom Lair","floor":14,"turns":5},{"damage":77,"enemies":"Slime Boss","floor":16,"turns":15}],"seed_played":"-2683587284964230719","potions_obtained":[{"floor":1,"key":"FearPotion"},{"floor":3,"key":"Block Potion"},{"floor":10,"key":"SmokeBomb"}],"is_trial":false,"path_per_floor":["M","?","M","?","?","R","E","R","T","E","M","R","M","?","R","B"],"character_chosen":"DEFECT","items_purchased":[],"campfire_rested":4,"item_purchase_floors":[],"current_hp_per_floor":[75,64,57,57,39,61,26,48,48,29,27,49,48,33,55,0],"gold":373,"neow_bonus":"UPGRADE_CARD","is_prod":false,"is_daily":false,"chose_seed":false,"campfire_upgraded":0,"win_rate":0.0,"timestamp":1552410360,"path_taken":["M","?","M","?","?","R","E","R","T","E","M","R","M","?","R","BOSS"],"build_version":"2019-01-23","purchased_purges":0,"victory":false,"max_hp_per_floor":[75,75,75,75,75,75,75,75,75,75,75,75,75,75,75,75],"card_choices":[{"not_picked":["Barrage","Sweeping Beam"],"picked":"Storm","floor":1},{"not_picked":["Hologram","Go for the Eyes"],"picked":"Gash","floor":3},{"not_picked":["FTL","Compile Driver"],"picked":"Conserve Battery","floor":7},{"not_picked":["Barrage","Cold Snap"],"picked":"Genetic Algorithm","floor":10},{"not_picked":["Static Discharge","Darkness"],"picked":"Conserve Battery","floor":11},{"not_picked":["Stack","Ball Lightning"],"picked":"Leap","floor":13},{"not_picked":["Streamline","Skim"],"picked":"Conserve Battery","floor":14}],"player_experience":5917,"relics_obtained":[{"floor":7,"key":"War Paint"},{"floor":9,"key":"Lantern"},{"floor":10,"key":"Pantograph"},{"floor":14,"key":"Odd Mushroom"}],"event_choices":[{"damage_healed":0,"gold_gain":75,"player_choice":"Gather Gold","damage_taken":11,"max_hp_gain":0,"max_hp_loss":0,"event_name":"World of Goop","floor":2,"gold_loss":0},{"damage_healed":0,"gold_gain":0,"cards_transformed":["Strike_B"],"player_choice":"Change","damage_taken":0,"max_hp_gain":0,"max_hp_loss":0,"event_name":"Living Wall","floor":4,"gold_loss":0,"cards_obtained":["Amplify"]},{"damage_healed":0,"gold_gain":0,"player_choice":"Take Damage","damage_taken":18,"relics_obtained":["Golden Idol"],"max_hp_gain":0,"max_hp_loss":0,"event_name":"Golden Idol","floor":5,"gold_loss":0},{"damage_healed":0,"gold_gain":0,"player_choice":"Fought Mushrooms","damage_taken":0,"max_hp_gain":0,"max_hp_loss":0,"event_name":"Mushrooms","floor":14,"gold_loss":0}],"is_beta":false,"boss_relics":[],"items_purged_floors":[],"is_endless":false,"potions_floor_spawned":[1,3,10],"killed_by":"Slime Boss","ascension_level":0}