{"gold_per_floor":[110,110,110,122,197,216,391,391,460,460,492,6,18,44,44,147,147,164,179,191,208,15,41,41,51,51,85,85,95,108,121,121,220,220,233,250,261,42,42,42,58,58,58,58,72,122,122,156,156,156],"floor_reached":50,"playtime":10780,"items_purged":["Doubt"],"score":649,"play_id":"c219210e-beef-482f-be25-b6eb619f7e0d","local_time":"20190309003709","is_ascension_mode":false,"campfire_choices":[{"data":"Sunder","floor":8,"key":"SMITH"},{"floor":10,"key":"REST"},{"data":"Seek","floor":15,"key":"SMITH"},{"data":"Genetic Algorithm","floor":24,"key":"SMITH"},{"data":"Electrodynamics","floor":32,"key":"SMITH"},{"data":"Heatsinks","floor":40,"key":"SMITH"},{"data":"Beam Cell","floor":42,"key":"SMITH"},{"data":"Capacitor","floor":44,"key":"SMITH"},{"data":"Lockon","floor":47,"key":"SMITH"},{"floor":49,"key":"REST"}],"neow_cost":"TEN_PERCENT_HP_LOSS","seed_source_timestamp":40668792110449,"circlet_count":0,"master_deck":["Strike_B+1","Strike_B+1","Strike_B+1","Defend_B","Defend_B","Defend_B","Zap","Dualcast","Redo","Redo","Sunder+1","Auto Shields","Double Energy","Leap","Stack","Seek+1","Biased Cognition","Coolheaded+1","Genetic Algorithm+1","Conserve Battery","Cold Snap+1","Leap+1","Turbo","Redo+1","Capacitor+1","The Bomb","Barrage+1","Sweeping Beam+1","Electrodynamics+1","Hologram","Conserve Battery+1","Ball Lightning","Conserve Battery+1","Ball Lightning","Beam Cell+1","Streamline","Buffer","BootSequence+1","Consume+1","FTL","Barrage+1","Glacier","Leap","Heatsinks+1","Consume+1","Loop+1","Lockon+1","Hologram+1","Leap+1","Redo+1"],"relics":["Cracked Core","FossilizedHelix","Question Card","Prayer Wheel","Calipers","Bird Faced Urn","Nuclear Battery","Happy Flower","Mummified Hand","Whetstone","Sozu","Lantern","Bottled Tornado","Girya","Oddly Smooth Stone"],"potions_floor_usage":[14,16,19,23,27,31,33,33],"damage_taken":[{"damage":0,"enemies":"2 Louse","floor":1,"turns":3},{"damage":0,"enemies":"Jaw Worm","floor":4,"turns":3},{"damage":0,"enemies":"Small Slimes","floor":6,"turns":3},{"damage":8,"enemies":"Lagavulin","floor":11,"turns":6},{"damage":6,"enemies":"2 Fungi Beasts","floor":13,"turns":3},{"damage":4,"enemies":"3 Sentries","floor":14,"turns":6},{"damage":51,"enemies":"Hexaghost","floor":16,"turns":12},{"damage":9,"enemies":"Shell Parasite","floor":18,"turns":6},{"damage":0,"enemies":"2 Thieves","floor":19,"turns":4},{"damage":0,"enemies":"3 Cultists","floor":20,"turns":5},{"damage":8,"enemies":"Centurion and Healer","floor":21,"turns":9},{"damage":21,"enemies":"Slavers","floor":23,"turns":6},{"damage":0,"enemies":"Cultist and Chosen","floor":25,"turns":8},{"damage":6,"enemies":"Book of Stabbing","floor":27,"turns":7},{"damage":0,"enemies":"Snake Plant","floor":29,"turns":3},{"damage":0,"enemies":"Centurion and Healer","floor":30,"turns":3},{"damage":0,"enemies":"Chosen and Byrds","floor":31,"turns":5},{"damage":4,"enemies":"Automaton","floor":33,"turns":10},{"damage":0,"enemies":"Orb Walker","floor":35,"turns":3},{"damage":0,"enemies":"3 Darklings","floor":36,"turns":4},{"damage":9,"enemies":"Maw","floor":37,"turns":7},{"damage":6,"enemies":"Transient","floor":41,"turns":5},{"damage":0,"enemies":"Sphere and 2 Shapes","floor":45,"turns":3},{"damage":0,"enemies":"2 Orb Walkers","floor":46,"turns":4},{"damage":52,"enemies":"Giant Head","floor":48,"turns":10},{"damage":58,"enemies":"Time Eater","floor":50,"turns":11}],"seed_played":"5607739903241897085","potions_obtained":[{"floor":13,"key":"Regen Potion"},{"floor":16,"key":"Dexterity Potion"},{"floor":18,"key":"SkillPotion"},{"floor":20,"key":"Energy Potion"},{"floor":25,"key":"SkillPotion"},{"floor":27,"key":"Fire Potion"},{"floor":30,"key":"Block Potion"}],"is_trial":false,"path_per_floor":["?","?","?","?","M","M","M","M","?","M","?","M","?"],"character_chosen":"DEFECT","items_purchased":["Calipers","Double Energy","LiquidBronze","The Bomb","Lantern","Heatsinks"],"campfire_rested":2,"item_purchase_floors":[12,12,12,22,38,38],"current_hp_per_floor":[68,54,47,47,36,36,36,36,36,56,48,48,42,52,52,1,68,59,61,63,57,57,40,40,44,44,42,42,46,50,54,54,56,68,68,68,59,59,53,53,47,47,47,47,53,61,61,16,36,0],"gold":156,"neow_bonus":"ONE_RARE_RELIC","is_prod":false,"is_daily":false,"chose_seed":false,"campfire_upgraded":8,"win_rate":0.0,"timestamp":1552088229,"path_taken":["M","?","?","M","?","M","?","R","T","R","E","$","?","E","R","BOSS","M","?","?","?","$","E","R","M","T","E","?","?","M","M","R","BOSS","M","M","M","$","?","R","?","R","T","R","M","?","R","E","R","BOSS"],"build_version":"2019-01-23","purchased_purges":1,"victory":false,"max_hp_per_floor":[68,68,68,68,68,68,68,68,68,68,68,68,68,68,68,68,68,68,68,68,68,68,68,68,68,68,68,68,68,68,68,68,68,68,68,68,68,68,68,68,68,68,68,68,68,68,68,68,68,68],"card_choices":[{"not_picked":["Rebound","Cold Snap"],"picked":"Redo","floor":1},{"not_picked":["Compile Driver","Undo"],"picked":"Redo","floor":4},{"not_picked":["Storm","Aggregate"],"picked":"Sunder","floor":6},{"not_picked":["Cold Snap","Hello World","Beam Cell"],"picked":"Auto Shields","floor":11},{"not_picked":["Go for the Eyes","Coolheaded","Steam Power"],"picked":"Leap","floor":13},{"not_picked":["Rebound","Defragment","Blizzard"],"picked":"Stack","floor":13},{"not_picked":["Sunder","Lockon","Static Discharge"],"picked":"Seek","floor":14},{"not_picked":["Echo Form","Meteor Strike","Seek"],"picked":"Biased Cognition","floor":16},{"not_picked":["Barrage","Self Repair+1","BootSequence"],"picked":"Coolheaded+1","floor":18},{"not_picked":["Redo","Heatsinks","Darkness+1"],"picked":"Genetic Algorithm","floor":18},{"not_picked":["Go for the Eyes","Compile Driver","All For One"],"picked":"Conserve Battery","floor":19},{"not_picked":["Turbo","Beam Cell","Multi-Cast"],"picked":"Cold Snap+1","floor":19},{"not_picked":["Storm+1","Ball Lightning","Rebound"],"picked":"Leap+1","floor":20},{"not_picked":["Stack+1","Ball Lightning","Steam"],"picked":"Turbo","floor":20},{"not_picked":["Reprogram","Hello World","Leap"],"picked":"Redo+1","floor":21},{"not_picked":["Rebound","Barrage","Blizzard"],"picked":"Capacitor","floor":21},{"not_picked":["Steam","Darkness","Stack"],"picked":"Barrage","floor":23},{"not_picked":["Stack","Fusion","Ball Lightning"],"picked":"Sweeping Beam+1","floor":25},{"not_picked":["Coolheaded","Turbo+1","Beam Cell"],"picked":"Electrodynamics","floor":25},{"not_picked":["Gash","Conserve Battery","All For One"],"picked":"Hologram","floor":27},{"not_picked":["Genetic Algorithm","Stack","Turbo"],"picked":"Conserve Battery+1","floor":29},{"not_picked":["BootSequence+1","All For One","Stack"],"picked":"Ball Lightning","floor":29},{"not_picked":["Turbo","Compile Driver","Cold Snap"],"picked":"Conserve Battery+1","floor":30},{"not_picked":["Cold Snap+1","Coolheaded","Stack"],"picked":"Ball Lightning","floor":30},{"not_picked":["Steam+1","Seek","Storm"],"picked":"Beam Cell","floor":31},{"not_picked":["Self Repair","Steam Power","Storm+1"],"picked":"Streamline","floor":31},{"not_picked":["Fission","Reboot","Meteor Strike"],"picked":"Buffer","floor":33},{"not_picked":["Steam Power+1","Fusion+1","Sweeping Beam"],"picked":"BootSequence+1","floor":35},{"not_picked":["Steam","Go for the Eyes+1","Chaos+1"],"picked":"Consume+1","floor":35},{"not_picked":["Storm","Gash+1","Sweeping Beam"],"picked":"FTL","floor":36},{"not_picked":["Creative AI","Redo","Go for the Eyes+1"],"picked":"Barrage+1","floor":36},{"not_picked":["Go for the Eyes+1","Streamline+1","Auto Shields+1"],"picked":"Glacier","floor":37},{"not_picked":["Redo+1","Hologram+1","Cold Snap"],"picked":"Leap","floor":37},{"not_picked":["Gash+1","Coolheaded","Darkness+1"],"picked":"Consume+1","floor":41},{"not_picked":["Force Field+1","Fission","Ball Lightning"],"picked":"Loop+1","floor":41},{"not_picked":["Barrage+1","Glacier+1","Force Field+1"],"picked":"Lockon","floor":45},{"not_picked":["Sweeping Beam","Turbo+1","Gash"],"picked":"Hologram+1","floor":45},{"not_picked":["Auto Shields","Hello World+1","Cold Snap"],"picked":"Leap+1","floor":46},{"not_picked":["Compile Driver+1","Cold Snap","Meteor Strike"],"picked":"Redo+1","floor":48}],"player_experience":60852,"relics_obtained":[{"floor":9,"key":"Question Card"},{"floor":11,"key":"Prayer Wheel"},{"floor":14,"key":"Bird Faced Urn"},{"floor":23,"key":"Happy Flower"},{"floor":26,"key":"Mummified Hand"},{"floor":27,"key":"Whetstone"},{"floor":43,"key":"Bottled Tornado"},{"floor":46,"key":"Girya"},{"floor":48,"key":"Oddly Smooth Stone"}],"event_choices":[{"damage_healed":0,"gold_gain":0,"player_choice":"Entered Light","damage_taken":14,"max_hp_gain":0,"max_hp_loss":0,"event_name":"Shining Light","floor":2,"gold_loss":0,"cards_upgraded":["Strike_B","Strike_B"]},{"cards_removed":["Strike_B"],"damage_healed":0,"gold_gain":0,"player_choice":"Card Removal","damage_taken":7,"max_hp_gain":0,"max_hp_loss":0,"event_name":"Golden Wing","floor":3,"gold_loss":0},{"damage_healed":0,"gold_gain":75,"player_choice":"Gather Gold","damage_taken":11,"max_hp_gain":0,"max_hp_loss":0,"event_name":"World of Goop","floor":5,"gold_loss":0},{"damage_healed":0,"gold_gain":175,"player_choice":"AGREE","damage_taken":0,"max_hp_gain":0,"max_hp_loss":0,"event_name":"Liars Game","floor":7,"gold_loss":0,"cards_obtained":["Doubt"]},{"cards_removed":["Defend_B"],"damage_healed":0,"gold_gain":0,"player_choice":"Purged","damage_taken":0,"max_hp_gain":0,"max_hp_loss":0,"event_name":"Purifier","floor":28,"gold_loss":0},{"damage_healed":0,"gold_gain":0,"player_choice":"Damaged","damage_taken":6,"max_hp_gain":0,"max_hp_loss":0,"event_name":"Wheel of Change","floor":39,"gold_loss":0},{"damage_healed":0,"gold_gain":0,"player_choice":"Fight","damage_taken":0,"max_hp_gain":0,"max_hp_loss":0,"event_name":"Mysterious Sphere","floor":46,"gold_loss":0}],"is_beta":false,"boss_relics":[{"not_picked":["Empty Cage","Cursed Key"],"picked":"Nuclear Battery"},{"not_picked":["Lizard Tail","Astrolabe"],"picked":"Sozu"}],"items_purged_floors":[12],"is_endless":false,"potions_floor_spawned":[13,16,18,20,25,27,30,36,41,46],"killed_by":"Time Eater","ascension_level":0}