{"gold_per_floor":[115,125,300,316,316,316,351,351,351,367,179,191,216,116,116,214,214,229,144,19,34,34,62,62,81,104,134,134,150,0,0,0,102,102,115,115,0,0,100,100,131,145,172,197,208,208,208,57,57,57,57,57,57,86,86],"floor_reached":55,"playtime":5080,"items_purged":["Doubt","Strike_R","Strike_R","Strike_R"],"score":769,"play_id":"0e0c6217-75d9-4317-aaf8-64a3cb2e06d6","local_time":"20190313004350","is_ascension_mode":false,"campfire_choices":[{"data":"Immolate","floor":6.0,"key":"SMITH"},{"data":"Searing Blow","floor":8.0,"key":"SMITH"},{"data":"Searing Blow+1","floor":15.0,"key":"SMITH"},{"data":"Searing Blow+2","floor":24.0,"key":"SMITH"},{"data":"Searing Blow+3","floor":28.0,"key":"SMITH"},{"data":"Searing Blow+4","floor":32.0,"key":"SMITH"},{"data":"Searing Blow+5","floor":40.0,"key":"SMITH"},{"floor":47,"key":"RECALL"},{"data":"Searing Blow+7","floor":49,"key":"SMITH"},{"data":"Searing Blow+8","floor":52,"key":"SMITH"}],"neow_cost":"PERCENT_DAMAGE","seed_source_timestamp":0,"circlet_count":0,"master_deck":["Strike_R","Strike_R","Defend_R","Defend_R","Defend_R","Defend_R","Bash","Immolate+1","Anger","Thunderclap+1","Ghostly Armor","Searing Blow+9","True Grit","Flame Barrier","Corruption+1","Headbutt","Flame Barrier","Demon Form+1","Heavy Blade+1","Shrug It Off","Feel No Pain+1","Shrug It Off","Writhe","Dark Embrace+1","Sword Boomerang+1","Madness","Impervious"],"special_seed":0,"relics":["Burning Blood","Gremlin Horn","Oddly Smooth Stone","Frozen Egg 2","Anchor","Sozu","Peace Pipe","Bag of Preparation","Pocketwatch","Juzu Bracelet","Eternal Feather","Red Mask","Du-Vu Doll","Potion Belt","Bag of Marbles","Whetstone","Bronze Scales","Self Forming Clay"],"potions_floor_usage":[41],"damage_taken":[{"damage":18.0,"enemies":"Jaw Worm","floor":1.0,"turns":4.0},{"damage":0.0,"enemies":"Cultist","floor":2.0,"turns":2.0},{"damage":0.0,"enemies":"2 Louse","floor":4.0,"turns":1.0},{"damage":6.0,"enemies":"Gremlin Nob","floor":7.0,"turns":3.0},{"damage":0.0,"enemies":"2 Fungi Beasts","floor":10.0,"turns":1.0},{"damage":0.0,"enemies":"3 Louse","floor":12.0,"turns":2.0},{"damage":48.0,"enemies":"Lagavulin","floor":13.0,"turns":7.0},{"damage":2.0,"enemies":"Slime Boss","floor":16.0,"turns":7.0},{"damage":0.0,"enemies":"Chosen","floor":18.0,"turns":3.0},{"damage":6.0,"enemies":"Shell Parasite","floor":21.0,"turns":5.0},{"damage":0.0,"enemies":"Book of Stabbing","floor":23.0,"turns":4.0},{"damage":0.0,"enemies":"Snake Plant","floor":25.0,"turns":3.0},{"damage":4.0,"enemies":"Gremlin Leader","floor":27.0,"turns":4.0},{"damage":0.0,"enemies":"Chosen and Byrds","floor":29.0,"turns":4.0},{"damage":46.0,"enemies":"Automaton","floor":33.0,"turns":8.0},{"damage":0.0,"enemies":"3 Shapes","floor":35.0,"turns":2.0},{"damage":2.0,"enemies":"Mind Bloom Boss Battle","floor":39.0,"turns":4.0},{"damage":13,"enemies":"Nemesis","floor":41,"turns":5},{"damage":0,"enemies":"Orb Walker","floor":42,"turns":4},{"damage":40,"enemies":"Giant Head","floor":44,"turns":7},{"damage":0,"enemies":"Spire Growth","floor":45,"turns":3},{"damage":36,"enemies":"Time Eater","floor":50,"turns":6},{"damage":29,"enemies":"Shield and Spear","floor":54,"turns":4},{"damage":59,"enemies":"The Heart","floor":55,"turns":3}],"seed_played":"-7660005332029175709","potions_obtained":[{"floor":2.0,"key":"BloodPotion"},{"floor":4.0,"key":"Ancient Potion"},{"floor":10.0,"key":"Ancient Potion"},{"floor":12.0,"key":"Swift Potion"},{"floor":16.0,"key":"Strength Potion"}],"is_trial":false,"path_per_floor":["?","T","$","?","?","?","?","?","?","?"],"character_chosen":"IRONCLAD","items_purchased":["Flame Barrier","Corruption+1","Bronze Scales"],"campfire_rested":0,"item_purchase_floors":[11,11,48],"current_hp_per_floor":[44,50,50,56,56,56,56,56,56,62,62,68,34,34,34,38,80,80,80,80,80,80,80,80,80,80,80,80,80,80,80,80,40,80,80,80,80,80,80,80,73,79,79,45,51,51,66,66,80,50,80,80,80,57,0],"gold":86,"neow_bonus":"THREE_RARE_CARDS","is_prod":false,"is_daily":false,"chose_seed":false,"campfire_upgraded":9,"win_rate":0,"timestamp":1552434230,"path_taken":["M","M","?","M","?","R","E","R","T","M","?","M","E","$","R","BOSS","M","?","$","M","?","E","R","M","T","E","R","M","$","?","R","BOSS","M","?","?","$","?","R","E","M","T","E","M","?","R","$","R","BOSS","R","$","E","BOSS"],"build_version":"2019-01-23","purchased_purges":4,"victory":false,"max_hp_per_floor":[80,80,80,80,80,80,80,80,80,80,80,80,80,80,80,80,80,80,80,80,80,80,80,80,80,80,80,80,80,80,80,80,80,80,80,80,80,80,80,80,80,80,80,80,80,80,80,80,80,80,80,80,80,80,80],"card_choices":[{"not_picked":["Limit Break","Fiend Fire"],"picked":"Immolate","floor":0.0},{"not_picked":["Clothesline","Sword Boomerang"],"picked":"Anger","floor":1.0},{"not_picked":["Cleave","Fire Breathing"],"picked":"Thunderclap","floor":2.0},{"not_picked":["Havoc","Limit Break"],"picked":"Ghostly Armor","floor":4.0},{"not_picked":["Spot Weakness","Whirlwind"],"picked":"Searing Blow","floor":7.0},{"not_picked":["Clothesline","Seeing Red"],"picked":"True Grit","floor":10.0},{"not_picked":["Iron Wave","Burning Pact"],"picked":"Headbutt","floor":12.0},{"not_picked":["Clash","Warcry"],"picked":"Flame Barrier","floor":13.0},{"not_picked":["Berserk+1","Reaper"],"picked":"Demon Form+1","floor":16.0},{"not_picked":["Twin Strike+1","Iron Wave"],"picked":"Heavy Blade+1","floor":18.0},{"not_picked":["Hemokinesis","Sword Boomerang"],"picked":"Shrug It Off","floor":21.0},{"not_picked":["Rupture+1","Rage"],"picked":"Feel No Pain+1","floor":23.0},{"not_picked":["Evolve+1","Anger"],"picked":"Shrug It Off","floor":25.0},{"not_picked":["Reckless Charge","Anger","Iron Wave"],"picked":"SKIP","floor":27.0},{"not_picked":["Cleave+1","Seeing Red","Body Slam+1"],"picked":"SKIP","floor":29.0},{"not_picked":["Offering","Limit Break"],"picked":"Dark Embrace+1","floor":33.0},{"not_picked":["Body Slam+1","Clothesline"],"picked":"Sword Boomerang+1","floor":35.0},{"not_picked":["Jack Of All Trades","Sadistic Nature+1"],"picked":"Madness","floor":36.0},{"not_picked":["Seeing Red","Rampage","Ghostly Armor"],"picked":"SKIP","floor":41},{"not_picked":["Heavy Blade+1","Power Through+1"],"picked":"Twin Strike+1","floor":42},{"not_picked":["Dark Embrace+1","Rupture+1","Dropkick"],"picked":"SKIP","floor":44},{"not_picked":["True Grit","Sentinel","Clothesline"],"picked":"SKIP","floor":45},{"not_picked":["Anger+1","Wild Strike"],"picked":"Impervious","floor":54}],"player_experience":192332,"relics_obtained":[{"floor":5.0,"key":"Gremlin Horn"},{"floor":7.0,"key":"Oddly Smooth Stone"},{"floor":9.0,"key":"Frozen Egg 2"},{"floor":13.0,"key":"Anchor"},{"floor":23.0,"key":"Bag of Preparation"},{"floor":27.0,"key":"Pocketwatch"},{"floor":39.0,"key":"Du-Vu Doll"},{"floor":41,"key":"Potion Belt"},{"floor":43,"key":"Bag of Marbles"},{"floor":44,"key":"Whetstone"},{"floor":54,"key":"Self Forming Clay"}],"event_choices":[{"damage_healed":0.0,"max_hp_gain":0.0,"max_hp_loss":0.0,"gold_gain":175.0,"event_name":"Liars Game","player_choice":"AGREE","floor":3.0,"gold_loss":0.0,"damage_taken":0.0,"cards_obtained":["Doubt"]},{"damage_healed":0.0,"max_hp_gain":0.0,"max_hp_loss":0.0,"gold_gain":0.0,"event_name":"Addict","player_choice":"Obtained Relic","floor":19.0,"gold_loss":85.0,"damage_taken":0.0,"relics_obtained":["Peace Pipe"]},{"damage_healed":0.0,"max_hp_gain":0.0,"max_hp_loss":0.0,"gold_gain":0.0,"event_name":"Vampires","player_choice":"Ignored","floor":22.0,"gold_loss":0.0,"damage_taken":0.0},{"damage_healed":0.0,"max_hp_gain":0.0,"max_hp_loss":0.0,"gold_gain":0.0,"event_name":"The Mausoleum","player_choice":"Opened","floor":31.0,"gold_loss":0.0,"damage_taken":0.0,"relics_obtained":["Juzu Bracelet"],"cards_obtained":["Writhe"]},{"damage_healed":0.0,"max_hp_gain":0.0,"max_hp_loss":0.0,"gold_gain":0.0,"event_name":"SensoryStone","player_choice":"Memory 1","floor":36.0,"gold_loss":0.0,"damage_taken":0.0},{"damage_healed":0.0,"max_hp_gain":0.0,"max_hp_loss":0.0,"gold_gain":0.0,"event_name":"Tomb of Lord Red Mask","player_choice":"Paid","floor":37.0,"gold_loss":115.0,"damage_taken":0.0,"relics_obtained":["Red Mask"]},{"damage_healed":0.0,"max_hp_gain":0.0,"max_hp_loss":0.0,"gold_gain":0.0,"event_name":"MindBloom","player_choice":"Fight","floor":39.0,"gold_loss":0.0,"damage_taken":0.0},{"cards_removed":["Twin Strike"],"damage_healed":0,"gold_gain":0,"player_choice":"Removed Attack","damage_taken":0,"max_hp_gain":0,"max_hp_loss":0,"event_name":"Falling","floor":46,"gold_loss":0}],"is_beta":false,"boss_relics":[{"not_picked":["Fusion Hammer","Astrolabe"],"picked":"Sozu"},{"not_picked":["Snecko Eye","Tiny House"],"picked":"Eternal Feather"}],"items_purged_floors":[11,14,20,30],"is_endless":false,"potions_floor_spawned":[2,4,10,12,16,21,25,27,33,39,41,42],"killed_by":"The Heart","ascension_level":0}