{"gold_per_floor":[109,109,122,197,197,229,229,260,285,305,305],"floor_reached":11,"playtime":294,"items_purged":[],"score":212,"play_id":"9b53838c-d8b3-4f3e-a60d-163d93b4b16b","local_time":"20190314022654","is_ascension_mode":true,"campfire_choices":[{"data":"Sunder","floor":7.0,"key":"SMITH"}],"neow_cost":"NONE","seed_source_timestamp":43722840433665,"circlet_count":0,"master_deck":["AscendersBane","Strike_B","Strike_B","Defend_B","Defend_B","Defend_B","Defend_B","Zap","Dualcast","Loop","Capacitor","Sunder+1","FTL"],"special_seed":0,"relics":["Cracked Core","NeowsBlessing","Juzu Bracelet","DataDisk","Strawberry"],"potions_floor_usage":[8,11],"damage_taken":[{"damage":0.0,"enemies":"Small Slimes","floor":1.0,"turns":1.0},{"damage":0.0,"enemies":"Jaw Worm","floor":3.0,"turns":1.0},{"damage":0.0,"enemies":"Gremlin Nob","floor":6.0,"turns":1.0},{"damage":10,"enemies":"Lagavulin","floor":8,"turns":4},{"damage":0,"enemies":"Cultist","floor":10,"turns":3},{"damage":65,"enemies":"Gremlin Nob","floor":11,"turns":4}],"seed_played":"-4953207526465936858","potions_obtained":[{"floor":1.0,"key":"FearPotion"},{"floor":10,"key":"Strength Potion"}],"is_trial":false,"path_per_floor":["M","?","M","?","?","E","R","E","T","M","E"],"character_chosen":"DEFECT","items_purchased":[],"campfire_rested":0,"item_purchase_floors":[],"current_hp_per_floor":[64,57,57,46,46,46,46,36,43,43,0],"gold":305,"neow_bonus":"THREE_ENEMY_KILL","is_prod":false,"is_daily":false,"chose_seed":false,"campfire_upgraded":1,"win_rate":0,"timestamp":1552526814,"path_taken":["M","?","M","?","?","E","R","E","T","M","E"],"build_version":"2019-02-06","purchased_purges":0,"victory":false,"max_hp_per_floor":[71,71,71,71,71,71,71,71,78,78,78],"card_choices":[{"not_picked":["Sweeping Beam","Chaos"],"picked":"Loop","floor":1.0},{"not_picked":["Leap","Stack"],"picked":"Capacitor","floor":3.0},{"not_picked":["Streamline","Cold Snap"],"picked":"Sunder","floor":6.0},{"not_picked":["Gash","Aggregate","Lockon"],"picked":"SKIP","floor":8},{"not_picked":["Gash","Aggregate","Lockon"],"picked":"SKIP","floor":8},{"not_picked":["Rebound","Barrage"],"picked":"FTL","floor":10}],"player_experience":1028116,"relics_obtained":[{"floor":6.0,"key":"Juzu Bracelet"},{"floor":8,"key":"DataDisk"},{"floor":9,"key":"Strawberry"}],"event_choices":[{"cards_removed":["Strike_B"],"damage_healed":0.0,"max_hp_gain":0.0,"max_hp_loss":0.0,"gold_gain":0.0,"event_name":"Golden Wing","player_choice":"Card Removal","floor":2.0,"gold_loss":0.0,"damage_taken":7.0},{"damage_healed":0.0,"max_hp_gain":0.0,"max_hp_loss":0.0,"gold_gain":75.0,"event_name":"World of Goop","player_choice":"Gather Gold","floor":4.0,"gold_loss":0.0,"damage_taken":11.0},{"cards_removed":["Strike_B"],"damage_healed":0.0,"max_hp_gain":0.0,"max_hp_loss":0.0,"gold_gain":0.0,"event_name":"Bonfire Elementals","player_choice":"Offered Basic","floor":5.0,"gold_loss":0.0,"damage_taken":0.0}],"is_beta":true,"boss_relics":[],"items_purged_floors":[],"is_endless":false,"potions_floor_spawned":[1,10],"killed_by":"Gremlin Nob","ascension_level":20}