{"gold_per_floor":[367,383,62,74,86,132,132,148,148,162,162,181,201,201,201,201],"floor_reached":16,"playtime":944,"items_purged":[],"score":212,"play_id":"f52c5e87-1d12-4f2e-8106-e9e431d0aca0","local_time":"20190311224129","is_ascension_mode":true,"campfire_choices":[{"data":"Defragment","floor":7.0,"key":"SMITH"},{"floor":11.0,"key":"REST"},{"floor":15.0,"key":"REST"}],"neow_cost":"TEN_PERCENT_HP_LOSS","seed_source_timestamp":433774092165172,"circlet_count":0,"master_deck":["AscendersBane","Strike_B","Strike_B","Strike_B","Strike_B","Defend_B","Defend_B","Defend_B","Defend_B","Zap","Dualcast","Gash","Gash","Conserve Battery","Coolheaded","Ball Lightning","Defragment+1","Defragment"],"special_seed":0,"relics":["Cracked Core","Toolbox","Sundial","Strawberry","Ancient Tea Set"],"potions_floor_usage":[16],"damage_taken":[{"damage":0.0,"enemies":"Cultist","floor":1.0,"turns":3.0},{"damage":1.0,"enemies":"Small Slimes","floor":2.0,"turns":3.0},{"damage":7.0,"enemies":"Jaw Worm","floor":4.0,"turns":3.0},{"damage":0.0,"enemies":"Exordium Wildlife","floor":5.0,"turns":4.0},{"damage":12.0,"enemies":"3 Sentries","floor":6.0,"turns":6.0},{"damage":39.0,"enemies":"Gremlin Gang","floor":8.0,"turns":4.0},{"damage":0.0,"enemies":"Looter","floor":10.0,"turns":4.0},{"damage":1.0,"enemies":"Blue Slaver","floor":12.0,"turns":2.0},{"damage":7.0,"enemies":"2 Fungi Beasts","floor":13.0,"turns":3.0},{"damage":47,"enemies":"Slime Boss","floor":16,"turns":7}],"seed_played":"3570160706976656829","potions_obtained":[{"floor":1.0,"key":"Explosive Potion"},{"floor":6.0,"key":"SteroidPotion"},{"floor":10.0,"key":"GamblersBrew"}],"is_trial":false,"path_per_floor":["M","M","$","M","M","E","R","M","T","M","R","M","M","?","R","B"],"character_chosen":"DEFECT","items_purchased":["Gash","Conserve Battery","Toolbox"],"campfire_rested":2,"item_purchase_floors":[3,3,3],"current_hp_per_floor":[64,63,63,56,56,44,44,5,12,12,33,32,25,25,46,0],"gold":201,"neow_bonus":"TWO_FIFTY_GOLD","is_prod":false,"is_daily":false,"chose_seed":false,"campfire_upgraded":1,"win_rate":0,"timestamp":1552344089,"path_taken":["M","M","$","M","M","E","R","M","T","M","R","M","?","?","R","BOSS"],"build_version":"2019-01-23","purchased_purges":0,"victory":false,"max_hp_per_floor":[64,64,64,64,64,64,64,64,71,71,71,71,71,71,71,71],"card_choices":[{"not_picked":["Fusion","Turbo","Skim"],"picked":"SKIP","floor":1.0},{"not_picked":["Rip and Tear","Turbo"],"picked":"Gash","floor":2.0},{"not_picked":["Fusion","Chaos"],"picked":"Coolheaded","floor":4.0},{"not_picked":["Beam Cell","Sunder"],"picked":"Ball Lightning","floor":5.0},{"not_picked":["Rebound","Gash"],"picked":"Defragment","floor":6.0},{"not_picked":["Doom and Gloom","Reprogram","Turbo"],"picked":"SKIP","floor":8.0},{"not_picked":["Hello World","Turbo","Compile Driver"],"picked":"SKIP","floor":10.0},{"not_picked":["Streamline","Aggregate","Barrage"],"picked":"SKIP","floor":12.0},{"not_picked":["Steam Power","Sweeping Beam"],"picked":"Defragment","floor":13.0}],"player_experience":1354990,"relics_obtained":[{"floor":6.0,"key":"Sundial"},{"floor":9.0,"key":"Strawberry"}],"event_choices":[{"damage_healed":0.0,"max_hp_gain":0.0,"max_hp_loss":0.0,"gold_gain":0.0,"event_name":"Dead Adventurer","player_choice":"Searched \u00271\u0027 times","floor":14.0,"gold_loss":0.0,"damage_taken":0.0,"relics_obtained":["Ancient Tea Set"]}],"is_beta":false,"boss_relics":[],"items_purged_floors":[],"is_endless":false,"potions_floor_spawned":[1,6,10],"killed_by":"Slime Boss","ascension_level":20}