{"gold_per_floor":[109,126,137,152,72,85,113,188,265,285,349,368,385,395,395,395],"floor_reached":16,"playtime":4349,"items_purged":[],"score":108,"play_id":"da986dd4-85a1-4617-be22-12b34cb42d53","local_time":"20190305150151","is_ascension_mode":false,"campfire_choices":[{"floor":15,"key":"REST"}],"neow_cost":"","seed_source_timestamp":8943450071168,"circlet_count":0,"master_deck":["Strike_R","Strike_R","Strike_R","Strike_R","Strike_R","Defend_R","Defend_R","Defend_R","Defend_R","Bash","Sever Soul","Ghostly Armor","Metallicize","Power Through","Rampage","Perfected Strike","Reaper","Perfected Strike","Second Wind","Perfected Strike","Anger"],"relics":["Burning Blood","Ginger","Bottled Flame"],"potions_floor_usage":[4,14,16,16],"damage_taken":[{"damage":8,"enemies":"Cultist","floor":1,"turns":5},{"damage":5,"enemies":"Small Slimes","floor":2,"turns":5},{"damage":10,"enemies":"Jaw Worm","floor":3,"turns":4},{"damage":7,"enemies":"2 Fungi Beasts","floor":4,"turns":5},{"damage":11,"enemies":"Lots of Slimes","floor":6,"turns":6},{"damage":30,"enemies":"Gremlin Nob","floor":7,"turns":5},{"damage":4,"enemies":"Blue Slaver","floor":10,"turns":3},{"damage":10,"enemies":"Large Slime","floor":12,"turns":6},{"damage":13,"enemies":"Exordium Wildlife","floor":13,"turns":3},{"damage":5,"enemies":"Looter","floor":14,"turns":3},{"damage":69,"enemies":"The Guardian","floor":16,"turns":9}],"seed_played":"-3866674176034722974","potions_obtained":[{"floor":3,"key":"LiquidBronze"},{"floor":4,"key":"Poison Potion"},{"floor":7,"key":"Strength Potion"},{"floor":10,"key":"Explosive Potion"}],"is_trial":false,"path_per_floor":["M","?","?"],"character_chosen":"IRONCLAD","items_purchased":["Rampage"],"campfire_rested":1,"item_purchase_floors":[5],"current_hp_per_floor":[78,79,75,74,74,69,45,34,34,36,36,35,36,41,65,0],"gold":395,"neow_bonus":"","is_prod":false,"is_daily":false,"chose_seed":false,"campfire_upgraded":0,"win_rate":0.0,"timestamp":1551794511,"path_taken":["M","M","M","?","$","M","E","?","T","M","?","M","M","M","R","BOSS"],"build_version":"2019-01-23","purchased_purges":0,"victory":false,"max_hp_per_floor":[80,80,80,80,80,80,80,80,80,80,80,80,80,80,80,80],"card_choices":[{"not_picked":["Warcry","Twin Strike"],"picked":"Sever Soul","floor":1},{"not_picked":["Sword Boomerang","Thunderclap"],"picked":"Ghostly Armor","floor":2},{"not_picked":["Body Slam","Headbutt"],"picked":"Metallicize","floor":3},{"not_picked":["Impervious","Blood for Blood"],"picked":"Power Through","floor":4},{"not_picked":["Thunderclap","Headbutt"],"picked":"Perfected Strike","floor":6},{"not_picked":["Second Wind","Pommel Strike"],"picked":"Reaper","floor":7},{"not_picked":["Burning Pact","Shrug It Off"],"picked":"Perfected Strike","floor":10},{"not_picked":["True Grit","Searing Blow"],"picked":"Second Wind","floor":12},{"not_picked":["Combust","Body Slam"],"picked":"Perfected Strike","floor":13},{"not_picked":["Corruption","Perfected Strike"],"picked":"Anger","floor":14}],"player_experience":0,"relics_obtained":[{"floor":7,"key":"Ginger"},{"floor":9,"key":"Bottled Flame"}],"event_choices":[{"damage_healed":0,"gold_gain":75,"player_choice":"Gather Gold","damage_taken":11,"max_hp_gain":0,"max_hp_loss":0,"event_name":"World of Goop","floor":8,"gold_loss":0},{"damage_healed":0,"gold_gain":64,"player_choice":"Gained Gold","damage_taken":0,"max_hp_gain":0,"max_hp_loss":0,"event_name":"Golden Wing","floor":11,"gold_loss":0}],"is_beta":false,"boss_relics":[],"items_purged_floors":[],"is_endless":false,"potions_floor_spawned":[3,4,7,10],"killed_by":"The Guardian","ascension_level":0}