{"gold_per_floor":[112,73,73,38,57,83,83,103,158,175,17,49,49,65,65,140,140,156,167,15,15,15,15,47,47,101,101,101,101,113,113,113,113],"floor_reached":33,"playtime":2088,"items_purged":["Strike_G"],"score":542,"play_id":"4bb2608e-7f28-4547-af18-535407d3efdf","local_time":"20190310230844","is_ascension_mode":true,"campfire_choices":[{"data":"Noxious Fumes","floor":13.0,"key":"SMITH"},{"floor":15.0,"key":"REST"},{"data":"Leg Sweep","floor":23.0,"key":"SMITH"},{"floor":29,"key":"REST"},{"floor":32,"key":"REST"}],"neow_cost":"NONE","seed_source_timestamp":24504616350500,"circlet_count":0,"master_deck":["AscendersBane","Defend_G","Defend_G","Defend_G","Defend_G","Defend_G","Strike_G+1","Survivor+1","Neutralize","Adrenaline","Predator","Blur","Poisoned Stab","Deflect","Slice","Noxious Fumes+1","Escape Plan","After Image","Catalyst","Backflip","Leg Sweep+1","Slice","Tools of the Trade","Backflip"],"special_seed":0,"relics":["Ring of the Snake","Juzu Bracelet","PreservedInsect","Snake Skull","Torii","Eternal Feather","Mango","Happy Flower"],"potions_floor_usage":[33,33,33,33],"damage_taken":[{"damage":3.0,"enemies":"Cultist","floor":1.0,"turns":5.0},{"damage":1.0,"enemies":"Small Slimes","floor":5.0,"turns":4.0},{"damage":25.0,"enemies":"3 Sentries","floor":6.0,"turns":14.0},{"damage":0.0,"enemies":"Jaw Worm","floor":8.0,"turns":7.0},{"damage":0.0,"enemies":"2 Fungi Beasts","floor":10.0,"turns":4.0},{"damage":8.0,"enemies":"Gremlin Nob","floor":12.0,"turns":3.0},{"damage":1.0,"enemies":"3 Louse","floor":14.0,"turns":3.0},{"damage":10.0,"enemies":"The Guardian","floor":16.0,"turns":10.0},{"damage":10.0,"enemies":"Spheric Guardian","floor":18.0,"turns":6.0},{"damage":11.0,"enemies":"Shell Parasite","floor":19.0,"turns":8.0},{"damage":42,"enemies":"Slavers","floor":24,"turns":6},{"damage":24,"enemies":"3 Cultists","floor":30,"turns":8},{"damage":72,"enemies":"Champ","floor":33,"turns":15}],"seed_played":"-6374218046205406822","potions_obtained":[{"floor":5.0,"key":"Poison Potion"},{"floor":8.0,"key":"Regen Potion"},{"floor":12.0,"key":"AttackPotion"},{"floor":24,"key":"EssenceOfSteel"},{"floor":28,"key":"SkillPotion"},{"floor":30,"key":"EntropicBrew"}],"is_trial":false,"path_per_floor":["M","$","?","?","M","E","?","M","T","M","$","E","R","M","R","B",null,"M","M","$","?","?","R","E","?","T","?","?","R","M","?","R","B"],"character_chosen":"THE_SILENT","items_purchased":["Blur","Snake Skull","Leg Sweep"],"campfire_rested":3,"item_purchase_floors":[2,11,20],"current_hp_per_floor":[56,56,36,52,51,26,26,26,26,26,26,27,27,26,45,35,58,48,37,37,37,37,49,21,21,21,21,21,57,33,33,69,0],"gold":113,"neow_bonus":"TRANSFORM_CARD","is_prod":false,"is_daily":false,"chose_seed":false,"campfire_upgraded":2,"win_rate":0,"timestamp":1552273724,"path_taken":["M","?","?","?","?","E","?","M","T","M","$","E","R","M","R","BOSS","M","M","$","?","?","R","E","?","T","?","?","R","M","?","R","BOSS"],"build_version":"2019-01-23","purchased_purges":1,"victory":false,"max_hp_per_floor":[66,66,66,66,66,66,66,66,66,66,66,66,66,66,66,66,66,66,66,66,66,66,66,80,80,80,80,80,80,80,80,80,80],"card_choices":[{"not_picked":["Backflip","Quick Slash"],"picked":"Predator","floor":1.0},{"not_picked":["Dodge and Roll","Caltrops"],"picked":"Poisoned Stab","floor":5.0},{"not_picked":["Heel Hook","Quick Slash"],"picked":"Deflect","floor":6.0},{"not_picked":["Endless Agony","Deadly Poison"],"picked":"Slice","floor":8.0},{"not_picked":["Acrobatics","Slice","Underhanded Strike"],"picked":"SKIP","floor":10.0},{"not_picked":["Reflex","Concentrate"],"picked":"Noxious Fumes","floor":12.0},{"not_picked":["Acrobatics","Setup"],"picked":"Escape Plan","floor":14.0},{"not_picked":["Adrenaline","Venomology"],"picked":"After Image","floor":16.0},{"not_picked":["Concentrate","Quick Slash"],"picked":"Catalyst","floor":18.0},{"not_picked":["Prepared","Dagger Throw+1"],"picked":"Backflip","floor":19.0},{"not_picked":["Bane","Choke","Sucker Punch"],"picked":"SKIP","floor":24},{"not_picked":["Choke","Blur"],"picked":"Backflip","floor":30}],"player_experience":1306039,"relics_obtained":[{"floor":6.0,"key":"Juzu Bracelet"},{"floor":9.0,"key":"PreservedInsect"},{"floor":12.0,"key":"Torii"},{"floor":24,"key":"Mango"},{"floor":26,"key":"Happy Flower"}],"event_choices":[{"damage_healed":0.0,"max_hp_gain":0.0,"max_hp_loss":0.0,"gold_gain":0.0,"event_name":"Shining Light","player_choice":"Entered Light","floor":3.0,"gold_loss":0.0,"damage_taken":20.0,"cards_upgraded":["Survivor","Strike_G"]},{"damage_healed":16.0,"max_hp_gain":0.0,"max_hp_loss":0.0,"gold_gain":0.0,"event_name":"The Cleric","player_choice":"Healed","floor":4.0,"gold_loss":35.0,"damage_taken":0.0},{"damage_healed":0.0,"max_hp_gain":0.0,"max_hp_loss":0.0,"gold_gain":0.0,"event_name":"Liars Game","player_choice":"Ignored","floor":7.0,"gold_loss":0.0,"damage_taken":0.0},{"damage_healed":0.0,"max_hp_gain":0.0,"max_hp_loss":0.0,"gold_gain":0.0,"event_name":"The Mausoleum","player_choice":"Ignored","floor":22.0,"gold_loss":0.0,"damage_taken":0.0},{"damage_healed":0,"gold_gain":0,"player_choice":"Ignored","damage_taken":0,"max_hp_gain":0,"max_hp_loss":0,"event_name":"Ghosts","floor":25,"gold_loss":0},{"damage_healed":0,"gold_gain":0,"cards_transformed":["Strike_G","Strike_G"],"player_choice":"Became Test Subject","damage_taken":0,"max_hp_gain":0,"max_hp_loss":0,"event_name":"Drug Dealer","floor":27,"gold_loss":0,"cards_obtained":["Slice","Tools of the Trade"]},{"damage_healed":0,"gold_gain":0,"player_choice":"Got Potions","damage_taken":0,"max_hp_gain":0,"max_hp_loss":0,"event_name":"Lab","floor":28,"gold_loss":0},{"damage_healed":0,"gold_gain":0,"player_choice":"Leave","damage_taken":0,"max_hp_gain":0,"max_hp_loss":0,"event_name":"FaceTrader","floor":31,"gold_loss":0}],"is_beta":false,"boss_relics":[{"not_picked":["Velvet Choker","Lizard Tail"],"picked":"Eternal Feather"}],"items_purged_floors":[20],"is_endless":false,"potions_floor_spawned":[5,8,12,24,30],"killed_by":"Champ","ascension_level":20}