{"gold_per_floor":[363,61,73,83,98,133,146,165,465,465,476,488,502,39,39,136,136,91,91,15,15,15,15,15,15,15,15,15,15,15,15,15,15,15,15,15,15,15,15,15,15,15,15,15,15,15,15,15,15,15,15,15,15,15,15],"floor_reached":55,"playtime":8259,"items_purged":["Strike_G"],"score":768,"play_id":"63c606c5-6ba3-4b38-a9c2-ad7aed05bea2","local_time":"20190312090926","is_ascension_mode":false,"campfire_choices":[{"floor":15.0,"key":"REST"},{"data":"Apotheosis","floor":23.0,"key":"SMITH"},{"data":"Caltrops","floor":32.0,"key":"SMITH"},{"floor":40,"key":"REST"},{"floor":42,"key":"REST"},{"floor":44,"key":"RECALL"},{"floor":47,"key":"REST"},{"floor":49,"key":"REST"},{"data":"Terror","floor":52,"key":"SMITH"}],"neow_cost":"PERCENT_DAMAGE","seed_source_timestamp":0,"circlet_count":0,"master_deck":["Defend_G","Defend_G","Defend_G","Defend_G","Survivor+1","Neutralize","Terror+1","Masterful Stab","Backflip","Riddle With Holes","Cloak And Dagger","Distraction","Poisoned Stab+1","Bouncing Flask","Night Terror","Glass Knife","Cloak And Dagger","Flying Knee","Apotheosis+1","Envenom","Prepared","Writhe","Caltrops+1","Infinite Blades+1","RitualDagger","Footwork","Bite","Bite","Bite","Bite","Bite+1","Sucker Punch","Dodge and Roll","Caltrops","Well Laid Plans","Corpse Explosion+1","Crippling Poison+1","Dash","Deflect+1"],"special_seed":0,"relics":["Ring of the Snake","Strawberry","Oddly Smooth Stone","Old Coin","Juzu Bracelet","Boot","Ectoplasm","Dodecahedron","Bottled Tornado","Paper Crane","Unceasing Top","Busted Crown","WingedGreaves","Snake Skull","Ice Cream","Whetstone","War Paint"],"potions_floor_usage":[37,46,54,54],"damage_taken":[{"damage":3.0,"enemies":"Jaw Worm","floor":1.0,"turns":7.0},{"damage":0.0,"enemies":"Cultist","floor":3.0,"turns":3.0},{"damage":0.0,"enemies":"2 Louse","floor":4.0,"turns":2.0},{"damage":9.0,"enemies":"Exordium Wildlife","floor":5.0,"turns":3.0},{"damage":30.0,"enemies":"Gremlin Nob","floor":6.0,"turns":4.0},{"damage":0.0,"enemies":"2 Fungi Beasts","floor":7.0,"turns":4.0},{"damage":0.0,"enemies":"3 Louse","floor":8.0,"turns":1.0},{"damage":0.0,"enemies":"Exordium Thugs","floor":11.0,"turns":4.0},{"damage":2.0,"enemies":"2 Fungi Beasts","floor":12.0,"turns":3.0},{"damage":0.0,"enemies":"Large Slime","floor":13.0,"turns":2.0},{"damage":1.0,"enemies":"Hexaghost","floor":16.0,"turns":7.0},{"damage":11.0,"enemies":"2 Thieves","floor":18.0,"turns":3.0},{"damage":1.0,"enemies":"3 Byrds","floor":21.0,"turns":3.0},{"damage":17.0,"enemies":"Book of Stabbing","floor":24.0,"turns":4.0},{"damage":8.0,"enemies":"Snake Plant","floor":27.0,"turns":4.0},{"damage":15.0,"enemies":"Snecko","floor":28.0,"turns":3.0},{"damage":3.0,"enemies":"Chosen and Byrds","floor":29.0,"turns":4.0},{"damage":2.0,"enemies":"Snake Plant","floor":30.0,"turns":3.0},{"damage":3.0,"enemies":"Slavers","floor":31.0,"turns":5.0},{"damage":21.0,"enemies":"Automaton","floor":33.0,"turns":8.0},{"damage":0,"enemies":"Orb Walker","floor":35,"turns":3},{"damage":10,"enemies":"3 Shapes","floor":36,"turns":6},{"damage":50,"enemies":"2 Orb Walkers","floor":37,"turns":5},{"damage":20,"enemies":"Sphere and 2 Shapes","floor":38,"turns":4},{"damage":0,"enemies":"Mind Bloom Boss Battle","floor":45,"turns":6},{"damage":31,"enemies":"Reptomancer","floor":46,"turns":6},{"damage":33,"enemies":"3 Darklings","floor":48,"turns":4},{"damage":44,"enemies":"Awakened One","floor":50,"turns":13},{"damage":28,"enemies":"Shield and Spear","floor":54,"turns":6},{"damage":47,"enemies":"The Heart","floor":55,"turns":2}],"seed_played":"6696186592406542869","potions_obtained":[{"floor":3.0,"key":"Ancient Potion"},{"floor":5.0,"key":"Dexterity Potion"},{"floor":7.0,"key":"Explosive Potion"},{"floor":8.0,"key":"SteroidPotion"},{"floor":13.0,"key":"SteroidPotion"},{"floor":16.0,"key":"Explosive Potion"},{"floor":18.0,"key":"Poison Potion"},{"floor":24.0,"key":"Regen Potion"},{"floor":28.0,"key":"AttackPotion"},{"floor":30.0,"key":"GhostInAJar"},{"floor":31.0,"key":"Energy Potion"},{"floor":33.0,"key":"Regen Potion"},{"floor":35,"key":"Strength Potion"},{"floor":37,"key":"SteroidPotion"},{"floor":48,"key":"SkillPotion"}],"is_trial":false,"path_per_floor":["?","M","M","?","?","?","?","T","?","?"],"character_chosen":"THE_SILENT","items_purchased":["Masterful Stab","Strawberry","Apotheosis","Juzu Bracelet","Boot","Caltrops"],"campfire_rested":5,"item_purchase_floors":[2,2,14,14,14,20],"current_hp_per_floor":[46,53,53,53,44,14,14,14,14,14,14,12,12,12,35,34,77,66,66,66,65,59,59,42,42,42,53,41,50,51,53,53,44,53,53,51,21,7,7,22,22,37,37,37,53,34,49,21,36,33,53,53,53,35,0],"gold":15,"neow_bonus":"TWO_FIFTY_GOLD","is_prod":false,"is_daily":false,"chose_seed":false,"campfire_upgraded":3,"win_rate":0,"timestamp":1552378166,"path_taken":["M","$","M","M","M","E","M","M","T","?","M","?","?","$","R","BOSS","M","?","$","M","?","R","E","?","T","M","M","M","M","E","R","BOSS","M","M","?","M","?","R","?","R","T","R","?","E","R","M","R","BOSS","R","$","E","BOSS"],"build_version":"2019-01-23","purchased_purges":1,"victory":false,"max_hp_per_floor":[70,77,77,77,77,77,77,77,77,77,77,77,77,77,77,77,77,77,77,77,77,77,77,77,53,53,53,53,53,53,53,53,53,53,53,53,53,53,53,53,53,53,53,53,53,53,53,53,53,53,53,53,53,53,53],"card_choices":[{"not_picked":["Dagger Throw","Tactician"],"picked":"Terror","floor":1.0},{"not_picked":["Acrobatics","Deadly Poison"],"picked":"Backflip","floor":3.0},{"not_picked":["Bane","Outmaneuver"],"picked":"Riddle With Holes","floor":4.0},{"not_picked":["Choke","Endless Agony"],"picked":"Cloak And Dagger","floor":5.0},{"not_picked":["Outmaneuver","Dagger Spray"],"picked":"Distraction","floor":6.0},{"not_picked":["Deadly Poison","Endless Agony"],"picked":"Poisoned Stab","floor":7.0},{"not_picked":["Well Laid Plans","Cloak And Dagger"],"picked":"Bouncing Flask","floor":8.0},{"not_picked":["Terror","Dagger Spray"],"picked":"Glass Knife","floor":11.0},{"not_picked":["Deflect","Dash"],"picked":"Cloak And Dagger","floor":12.0},{"not_picked":["Outmaneuver","Quick Slash"],"picked":"Flying Knee","floor":13.0},{"not_picked":["Bullet Time","Unload"],"picked":"Envenom","floor":16.0},{"not_picked":["Flying Knee","Dagger Throw"],"picked":"Prepared","floor":18.0},{"not_picked":["Distraction","PiercingWail"],"picked":"Infinite Blades+1","floor":21.0},{"not_picked":["Flechettes","Deadly Poison"],"picked":"Footwork","floor":24.0},{"not_picked":["Escape Plan+1","Calculated Gamble"],"picked":"Sucker Punch","floor":27.0},{"not_picked":["Dash","Envenom"],"picked":"Dodge and Roll","floor":28.0},{"not_picked":["Acrobatics","Backstab"],"picked":"Caltrops","floor":29.0},{"not_picked":["Quick Slash+1","Bane+1"],"picked":"Well Laid Plans","floor":30.0},{"not_picked":["Slice","Reflex","All Out Attack"],"picked":"SKIP","floor":31.0},{"not_picked":["Bullet Time","Phantasmal Killer"],"picked":"Corpse Explosion","floor":33.0},{"not_picked":["Dagger Spray"],"picked":"SKIP","floor":35},{"not_picked":["Deadly Poison"],"picked":"SKIP","floor":36},{"not_picked":[],"picked":"Crippling Poison+1","floor":38},{"not_picked":["Sucker Punch"],"picked":"SKIP","floor":46},{"not_picked":[],"picked":"Dash","floor":48},{"not_picked":[],"picked":"Deflect+1","floor":54}],"player_experience":168314,"relics_obtained":[{"floor":6.0,"key":"Oddly Smooth Stone"},{"floor":9.0,"key":"Old Coin"},{"floor":24.0,"key":"Bottled Tornado"},{"floor":26.0,"key":"Paper Crane"},{"floor":31.0,"key":"Unceasing Top"},{"floor":37,"key":"WingedGreaves"},{"floor":39,"key":"Snake Skull"},{"floor":45,"key":"Ice Cream"},{"floor":46,"key":"Whetstone"},{"floor":54,"key":"War Paint"}],"event_choices":[{"damage_healed":0.0,"max_hp_gain":0.0,"max_hp_loss":0.0,"gold_gain":0.0,"cards_transformed":["Defend_G"],"event_name":"Transmorgrifier","player_choice":"Transformed","floor":10.0,"gold_loss":0.0,"damage_taken":0.0,"cards_obtained":["Night Terror"]},{"damage_healed":0.0,"max_hp_gain":0.0,"max_hp_loss":0.0,"gold_gain":0.0,"event_name":"The Mausoleum","player_choice":"Opened","floor":19.0,"gold_loss":0.0,"damage_taken":0.0,"relics_obtained":["Dodecahedron"],"cards_obtained":["Writhe"]},{"damage_healed":0.0,"max_hp_gain":0.0,"max_hp_loss":0.0,"gold_gain":0.0,"event_name":"Nest","player_choice":"Joined the Cult","floor":22.0,"gold_loss":0.0,"damage_taken":6.0,"cards_obtained":["RitualDagger"]},{"damage_healed":0.0,"max_hp_gain":0.0,"max_hp_loss":24.0,"gold_gain":0.0,"event_name":"Vampires","player_choice":"Became a vampire","floor":25.0,"gold_loss":0.0,"damage_taken":0.0,"cards_obtained":["Bite","Bite","Bite","Bite","Bite"]},{"damage_healed":0,"gold_gain":0,"player_choice":"Fight","damage_taken":0,"max_hp_gain":0,"max_hp_loss":0,"event_name":"Mysterious Sphere","floor":37,"gold_loss":0},{"damage_healed":0,"gold_gain":0,"player_choice":"Memory 1","damage_taken":0,"max_hp_gain":0,"max_hp_loss":0,"event_name":"SensoryStone","floor":41,"gold_loss":0},{"damage_healed":0,"gold_gain":0,"player_choice":"Fight","damage_taken":0,"max_hp_gain":0,"max_hp_loss":0,"event_name":"MindBloom","floor":45,"gold_loss":0}],"is_beta":false,"boss_relics":[{"not_picked":["Pandora\u0027s Box","Calling Bell"],"picked":"Ectoplasm"},{"not_picked":["White Beast Statue","Astrolabe"],"picked":"Busted Crown"}],"items_purged_floors":[2],"is_endless":false,"potions_floor_spawned":[3,5,7,8,13,16,18,24,28,30,31,33,35,37,48],"killed_by":"The Heart","ascension_level":0}