{"gold_per_floor":[113,37,48,48,65,94,94,122,122,397,397,423,436,448,448,553,553,566,579,595,153,173,173],"floor_reached":23,"playtime":3674,"items_purged":["Regret"],"score":263,"play_id":"55e1e0e7-8419-4bf5-aa6b-e6e7f800d837","local_time":"20190311004844","is_ascension_mode":false,"campfire_choices":[{"data":"Footwork","floor":7.0,"key":"SMITH"},{"data":"Neutralize","floor":11.0,"key":"SMITH"},{"data":"Bullet Time","floor":15.0,"key":"SMITH"}],"neow_cost":"NONE","seed_source_timestamp":0,"circlet_count":0,"master_deck":["Survivor","Neutralize+1","Well Laid Plans","Footwork+1","Deadly Poison","Dash","Backflip","Leg Sweep","Masterful Stab","Bullet Time+1","Night Terror","Heel Hook","Tactician","Corpse Explosion","Dagger Throw","Tools of the Trade","Eviscerate","PiercingWail","Accuracy","All Out Attack","Phantasmal Killer","Sucker Punch","Caltrops+1","Noxious Fumes","Trip","Dodge and Roll"],"special_seed":0,"relics":["Velvet Choker","Bag of Marbles","Letter Opener","Regal Pillow","Question Card","Pandora\u0027s Box","Kunai"],"potions_floor_usage":[19],"damage_taken":[{"damage":2.0,"enemies":"Small Slimes","floor":1.0,"turns":4.0},{"damage":0.0,"enemies":"Cultist","floor":3.0,"turns":5.0},{"damage":0.0,"enemies":"2 Louse","floor":5.0,"turns":3.0},{"damage":4.0,"enemies":"Lagavulin","floor":6.0,"turns":8.0},{"damage":7.0,"enemies":"3 Sentries","floor":8.0,"turns":11.0},{"damage":11.0,"enemies":"Gremlin Nob","floor":12.0,"turns":5.0},{"damage":2.0,"enemies":"Looter","floor":13.0,"turns":4.0},{"damage":2.0,"enemies":"3 Louse","floor":14.0,"turns":4.0},{"damage":0.0,"enemies":"The Guardian","floor":16.0,"turns":13.0},{"damage":13,"enemies":"Shell Parasite","floor":18,"turns":4},{"damage":11,"enemies":"2 Thieves","floor":19,"turns":3},{"damage":19,"enemies":"Shelled Parasite and Fungi","floor":20,"turns":5},{"damage":14,"enemies":"Sentry and Sphere","floor":22,"turns":5},{"damage":15,"enemies":"Book of Stabbing","floor":23,"turns":3}],"seed_played":"6136846939501079362","potions_obtained":[{"floor":1.0,"key":"Ancient Potion"},{"floor":5.0,"key":"Swift Potion"},{"floor":6.0,"key":"Poison Potion"},{"floor":13.0,"key":"Fire Potion"},{"floor":16.0,"key":"SkillPotion"},{"floor":18,"key":"SteroidPotion"}],"is_trial":false,"path_per_floor":["?","?","M"],"character_chosen":"THE_SILENT","items_purchased":["Footwork","Kunai","Noxious Fumes","Trip"],"campfire_rested":0,"item_purchase_floors":[2,21,21,21],"current_hp_per_floor":[68,68,68,68,68,64,64,57,57,57,57,46,44,42,42,42,70,57,46,27,27,13,0],"gold":173,"neow_bonus":"BOSS_RELIC","is_prod":false,"is_daily":false,"chose_seed":false,"campfire_upgraded":3,"win_rate":0,"timestamp":1552261724,"path_taken":["M","$","M","?","M","E","R","E","T","?","R","E","M","M","R","BOSS","M","?","M","$","M","E"],"build_version":"2019-01-23","purchased_purges":1,"victory":false,"max_hp_per_floor":[70,70,70,70,70,70,70,70,70,70,70,70,70,70,70,70,70,70,70,70,70,70,70],"card_choices":[{"not_picked":["Accuracy","Sucker Punch"],"picked":"Well Laid Plans","floor":1.0},{"not_picked":["Dagger Spray","Outmaneuver","Dagger Throw"],"picked":"SKIP","floor":3.0},{"not_picked":["Sucker Punch","Accuracy"],"picked":"Deadly Poison","floor":5.0},{"not_picked":["Well Laid Plans","Blade Dance"],"picked":"Dash","floor":6.0},{"not_picked":["Flying Knee","Infinite Blades"],"picked":"Backflip","floor":8.0},{"not_picked":["A Thousand Cuts","Dash"],"picked":"Leg Sweep","floor":12.0},{"not_picked":["Outmaneuver","Dagger Throw","PiercingWail"],"picked":"Masterful Stab","floor":13.0},{"not_picked":["Dagger Throw","Outmaneuver","Dash"],"picked":"Bullet Time","floor":14.0},{"not_picked":["Unload","Burst","After Image"],"picked":"Night Terror","floor":16.0},{"not_picked":["Bane","Reflex","Slice","Riddle With Holes+1"],"picked":"SKIP","floor":18},{"not_picked":["Deadly Poison","Choke+1","PiercingWail"],"picked":"Sucker Punch","floor":19},{"not_picked":["Poisoned Stab","Deadly Poison+1","Acrobatics"],"picked":"Caltrops+1","floor":20},{"not_picked":["Tactician","Escape Plan","Dagger Spray+1"],"picked":"Dodge and Roll","floor":22}],"player_experience":135742,"relics_obtained":[{"floor":6.0,"key":"Bag of Marbles"},{"floor":8.0,"key":"Letter Opener"},{"floor":9.0,"key":"Regal Pillow"},{"floor":12.0,"key":"Question Card"}],"event_choices":[{"damage_healed":0.0,"max_hp_gain":0.0,"max_hp_loss":0.0,"gold_gain":0.0,"event_name":"The Cleric","player_choice":"Leave","floor":4.0,"gold_loss":0.0,"damage_taken":0.0},{"damage_healed":0.0,"max_hp_gain":0.0,"max_hp_loss":0.0,"gold_gain":275.0,"event_name":"Golden Shrine","player_choice":"Desecrate","floor":10.0,"gold_loss":0.0,"damage_taken":0.0,"cards_obtained":["Regret"]}],"is_beta":false,"boss_relics":[{"not_picked":["WristBlade","Empty Cage"],"picked":"Pandora\u0027s Box"}],"items_purged_floors":[21],"is_endless":false,"potions_floor_spawned":[1,5,6,13,16,18],"killed_by":"Book of Stabbing","ascension_level":0}