{"gold_per_floor":[112,131,131,131,141,175,175,193,193,210,226,252,252,252,252,352,352,365,378,378,398,398],"floor_reached":22,"playtime":6094,"items_purged":[],"score":190,"play_id":"2349d29f-5755-45ac-bb87-ea07b66ace97","local_time":"20190309181553","is_ascension_mode":false,"campfire_choices":[{"floor":7,"key":"REST"},{"floor":15,"key":"REST"}],"neow_cost":"NONE","seed_source_timestamp":108889466210090,"circlet_count":0,"master_deck":["Defend_G","Defend_G","Defend_G+1","Strike_G","Strike_G","Strike_G","Strike_G","Strike_G","Survivor","Neutralize","Catalyst","Bane+1","Regret","Flying Knee","Caltrops","Terror","Bane","Envenom","Crippling Poison","Dagger Spray+1","Bane+1"],"relics":["Ring of the Snake","NeowsBlessing","Ancient Tea Set","Tough Bandages","Shuriken","Ornamental Fan","Empty Cage","Molten Egg 2"],"potions_floor_usage":[6,10,14,18],"damage_taken":[{"damage":0,"enemies":"Cultist","floor":1,"turns":1},{"damage":0,"enemies":"Jaw Worm","floor":2,"turns":1},{"damage":0,"enemies":"2 Louse","floor":5,"turns":1},{"damage":54,"enemies":"3 Sentries","floor":6,"turns":13},{"damage":1,"enemies":"Blue Slaver","floor":8,"turns":3},{"damage":5,"enemies":"Looter","floor":10,"turns":4},{"damage":5,"enemies":"Lots of Slimes","floor":11,"turns":6},{"damage":0,"enemies":"Gremlin Gang","floor":14,"turns":1},{"damage":32,"enemies":"The Guardian","floor":16,"turns":10},{"damage":37,"enemies":"Spheric Guardian","floor":18,"turns":6},{"damage":5,"enemies":"3 Byrds","floor":19,"turns":3},{"damage":27,"enemies":"Snecko","floor":21,"turns":6},{"damage":7,"enemies":"Centurion and Healer","floor":22,"turns":1}],"seed_played":"-6223381580811175700","potions_obtained":[{"floor":1,"key":"SmokeBomb"},{"floor":2,"key":"Energy Potion"},{"floor":10,"key":"Fruit Juice"},{"floor":11,"key":"Swift Potion"},{"floor":19,"key":"SmokeBomb"}],"is_trial":false,"path_per_floor":["M","?","?","T","T","?","M"],"character_chosen":"THE_SILENT","items_purchased":[],"campfire_rested":2,"item_purchase_floors":[],"current_hp_per_floor":[70,70,70,56,56,2,23,22,22,22,17,17,17,17,39,7,75,38,33,33,6,0],"gold":398,"neow_bonus":"THREE_ENEMY_KILL","is_prod":false,"is_daily":false,"chose_seed":false,"campfire_upgraded":0,"win_rate":0,"timestamp":1552151753,"path_taken":["M","?","?","?","M","E","R","M","T","M","M","?","?","M","R","BOSS","M","M","?","?","M"],"build_version":"2019-01-23","purchased_purges":0,"victory":false,"max_hp_per_floor":[70,70,70,70,70,70,70,70,70,75,75,75,75,75,75,75,75,75,75,75,75,75],"card_choices":[{"not_picked":["Footwork","Reflex"],"picked":"Catalyst","floor":1},{"not_picked":["Skewer","Dagger Spray"],"picked":"Bane","floor":2},{"not_picked":["Outmaneuver","Dagger Throw"],"picked":"Flying Knee","floor":5},{"not_picked":["Quick Slash","Sucker Punch"],"picked":"Caltrops","floor":6},{"not_picked":["Sucker Punch","Finisher","Infinite Blades"],"picked":"SKIP","floor":8},{"not_picked":["Wraith Form v2","Sucker Punch"],"picked":"Terror","floor":10},{"not_picked":["Endless Agony","Dash"],"picked":"Bane","floor":11},{"not_picked":["Wraith Form v2","Corpse Explosion"],"picked":"Envenom","floor":16},{"not_picked":["Predator","Blade Dance"],"picked":"Crippling Poison","floor":18},{"not_picked":["Bouncing Flask","PiercingWail"],"picked":"Dagger Spray+1","floor":19},{"not_picked":["Blur","Dagger Throw+1"],"picked":"Bane+1","floor":21}],"player_experience":90424,"relics_obtained":[{"floor":6,"key":"Tough Bandages"},{"floor":9,"key":"Shuriken"},{"floor":13,"key":"Ornamental Fan"}],"event_choices":[{"damage_healed":0,"gold_gain":0,"player_choice":"Box","damage_taken":0,"relics_obtained":["Ancient Tea Set"],"max_hp_gain":0,"max_hp_loss":0,"event_name":"Big Fish","floor":3,"gold_loss":0,"cards_obtained":["Regret"]},{"damage_healed":0,"gold_gain":0,"player_choice":"Entered Light","damage_taken":14,"max_hp_gain":0,"max_hp_loss":0,"event_name":"Shining Light","floor":4,"gold_loss":0,"cards_upgraded":["Bane","Defend_G"]},{"damage_healed":0,"gold_gain":0,"player_choice":"Gave Potion","damage_taken":0,"relics_obtained":["Molten Egg 2"],"max_hp_gain":0,"max_hp_loss":0,"event_name":"WeMeetAgain","floor":20,"gold_loss":0}],"is_beta":false,"boss_relics":[{"not_picked":["Snecko Eye","Coffee Dripper"],"picked":"Empty Cage"}],"items_purged_floors":[],"is_endless":false,"potions_floor_spawned":[1,2,10,11,19],"killed_by":"Centurion and Healer","ascension_level":0}