{"gold_per_floor":[360,373,385,385,114,114,126,126,126,145,155,189,199,212,212,315,315,335,20,30,42,56,91,91,106,156,156,184,184,99,113,113,214,214,224,243,82,101,101,101,134,134,134,147,147,157,181,191,191,191,191,191,71,97,97],"floor_reached":55,"playtime":6611,"items_purged":["Parasite","Strike_R","Strike_R","Strike_R"],"score":820,"play_id":"a3a4b700-0b97-48ee-9f91-c5cda14264d8","local_time":"20190312124210","is_ascension_mode":false,"campfire_choices":[{"data":"Metamorphosis","floor":6.0,"key":"SMITH"},{"data":"Bash","floor":8.0,"key":"SMITH"},{"data":"Armaments","floor":15.0,"key":"SMITH"},{"data":"Twin Strike","floor":24.0,"key":"SMITH"},{"floor":29.0,"key":"REST"},{"data":"Thunderclap","floor":32.0,"key":"SMITH"},{"floor":40,"key":"RECALL"},{"floor":45,"key":"REST"},{"floor":49,"key":"REST"},{"floor":52,"key":"REST"}],"neow_cost":"CURSE","seed_source_timestamp":0,"circlet_count":0,"master_deck":["Strike_R","Defend_R+1","Defend_R+1","Defend_R","Defend_R","Bash+1","Anger","Rage+1","Clash","Metamorphosis+1","Offering","Armaments+1","Anger","True Grit+1","Flame Barrier+1","Spot Weakness+1","Limit Break+1","Dual Wield+1","Shrug It Off+1","Twin Strike+1","Flex+1","Thunderclap+1","Rage+1","Seeing Red+1","True Grit+1","Demon Form","Uppercut+1","Heavy Blade+1","Double Tap+1","Shrug It Off+1","Shockwave+1","Flame Barrier+1"],"special_seed":0,"relics":["Burning Blood","The Courier","Toxic Egg 2","Sozu","Bronze Scales","Pen Nib","Vajra","Darkstone Periapt","Oddly Smooth Stone","Fusion Hammer","Mango","War Paint","Boot"],"potions_floor_usage":[],"damage_taken":[{"damage":1.0,"enemies":"Cultist","floor":1.0,"turns":4.0},{"damage":5.0,"enemies":"Small Slimes","floor":2.0,"turns":3.0},{"damage":1.0,"enemies":"2 Louse","floor":3.0,"turns":3.0},{"damage":7.0,"enemies":"2 Fungi Beasts","floor":7.0,"turns":3.0},{"damage":4.0,"enemies":"Blue Slaver","floor":10.0,"turns":3.0},{"damage":1.0,"enemies":"Exordium Thugs","floor":11.0,"turns":3.0},{"damage":34.0,"enemies":"3 Sentries","floor":12.0,"turns":6.0},{"damage":10.0,"enemies":"Looter","floor":13.0,"turns":3.0},{"damage":2.0,"enemies":"Blue Slaver","floor":14.0,"turns":3.0},{"damage":6.0,"enemies":"Slime Boss","floor":16.0,"turns":7.0},{"damage":6.0,"enemies":"2 Thieves","floor":18.0,"turns":3.0},{"damage":6.0,"enemies":"Shell Parasite","floor":20.0,"turns":3.0},{"damage":16.0,"enemies":"3 Cultists","floor":21.0,"turns":4.0},{"damage":2.0,"enemies":"Shelled Parasite and Fungi","floor":22.0,"turns":3.0},{"damage":13.0,"enemies":"Book of Stabbing","floor":23.0,"turns":4.0},{"damage":30.0,"enemies":"Sentry and Sphere","floor":25.0,"turns":5.0},{"damage":11.0,"enemies":"Colosseum Slavers","floor":27.0,"turns":3.0},{"damage":6.0,"enemies":"Slavers","floor":28.0,"turns":3.0},{"damage":6.0,"enemies":"3 Cultists","floor":31.0,"turns":5.0},{"damage":48.0,"enemies":"Collector","floor":33.0,"turns":8.0},{"damage":5,"enemies":"3 Shapes","floor":35,"turns":4},{"damage":1,"enemies":"Orb Walker","floor":36,"turns":4},{"damage":19,"enemies":"Jaw Worm Horde","floor":38,"turns":5},{"damage":16,"enemies":"Nemesis","floor":41,"turns":7},{"damage":6,"enemies":"Spire Growth","floor":44,"turns":3},{"damage":36,"enemies":"Writhing Mass","floor":46,"turns":4},{"damage":10,"enemies":"Maw","floor":48,"turns":6},{"damage":62,"enemies":"Time Eater","floor":50,"turns":8},{"damage":30,"enemies":"Shield and Spear","floor":54,"turns":6},{"damage":69,"enemies":"The Heart","floor":55,"turns":3}],"seed_played":"-2437026682854200003","potions_obtained":[{"floor":1.0,"key":"Poison Potion"},{"floor":7.0,"key":"SpeedPotion"},{"floor":13.0,"key":"GamblersBrew"},{"floor":16.0,"key":"Swift Potion"}],"is_trial":false,"path_per_floor":["M","M","?","?","?","?","?","T"],"character_chosen":"IRONCLAD","items_purchased":["Metamorphosis","Bronze Scales","Dual Wield+1","Shrug It Off+1","Twin Strike","Double Tap+1"],"campfire_rested":4,"item_purchase_floors":[5,19,19,19,19,37],"current_hp_per_floor":[80,80,80,80,77,77,76,76,76,77,77,49,45,49,49,49,77,77,77,77,67,71,64,64,40,40,35,35,58,58,58,58,16,77,77,77,77,64,64,64,68,68,68,68,91,61,61,57,84,28,91,91,91,67,0],"gold":97,"neow_bonus":"TWO_FIFTY_GOLD","is_prod":false,"is_daily":false,"chose_seed":false,"campfire_upgraded":5,"win_rate":0,"timestamp":1552390930,"path_taken":["M","?","?","?","$","R","M","R","T","M","M","E","M","M","R","BOSS","M","$","M","M","M","E","R","M","T","?","E","R","?","M","R","BOSS","M","M","$","M","?","R","E","?","T","M","R","M","?","M","R","BOSS","R","$","E","BOSS"],"build_version":"2019-01-23","purchased_purges":4,"victory":false,"max_hp_per_floor":[80,80,80,80,77,77,77,77,77,77,77,77,77,77,77,77,77,77,77,77,77,77,77,77,77,77,77,77,77,77,77,77,77,77,77,77,77,77,77,77,91,91,91,91,91,91,91,91,91,91,91,91,91,91,91],"card_choices":[{"not_picked":["Uppercut","Clothesline"],"picked":"Anger","floor":1.0},{"not_picked":["Dual Wield","Sword Boomerang"],"picked":"Rage","floor":2.0},{"not_picked":["Reckless Charge","Rupture"],"picked":"Clash","floor":3.0},{"not_picked":["Carnage","Havoc"],"picked":"Offering","floor":7.0},{"not_picked":["Blood for Blood","Sentinel"],"picked":"Armaments","floor":10.0},{"not_picked":["Carnage","Blood for Blood"],"picked":"Anger","floor":11.0},{"not_picked":["Flex","Iron Wave"],"picked":"True Grit","floor":12.0},{"not_picked":["Iron Wave","Pommel Strike"],"picked":"Flame Barrier+1","floor":13.0},{"not_picked":["Pummel","Evolve"],"picked":"Spot Weakness+1","floor":14.0},{"not_picked":["Feed","Offering+1"],"picked":"Limit Break+1","floor":16.0},{"not_picked":["Clothesline","Uppercut","Iron Wave"],"picked":"SKIP","floor":18.0},{"not_picked":["Bloodletting+1","Body Slam"],"picked":"Flex+1","floor":20.0},{"not_picked":["Flex+1","Armaments+1"],"picked":"Thunderclap","floor":21.0},{"not_picked":["Perfected Strike+1","Bloodletting+1","Havoc+1"],"picked":"SKIP","floor":22.0},{"not_picked":["Anger","Clothesline","Fiend Fire"],"picked":"SKIP","floor":23.0},{"not_picked":["Pommel Strike","Flame Barrier+1"],"picked":"Rage+1","floor":25.0},{"not_picked":["Evolve","Flame Barrier+1"],"picked":"Seeing Red+1","floor":28.0},{"not_picked":["Carnage+1","Shrug It Off+1"],"picked":"True Grit+1","floor":31.0},{"not_picked":["Brutality","Limit Break+1"],"picked":"Demon Form","floor":33.0},{"not_picked":["Cleave+1","Flex+1"],"picked":"Uppercut+1","floor":35},{"not_picked":["Corruption+1","Headbutt+1"],"picked":"Heavy Blade+1","floor":36},{"not_picked":["Pommel Strike+1","Headbutt+1"],"picked":"Shrug It Off+1","floor":38},{"not_picked":["Intimidate+1","Wild Strike"],"picked":"Shockwave+1","floor":41},{"not_picked":["Carnage+1","Dark Embrace","Havoc+1"],"picked":"SKIP","floor":44},{"not_picked":["Twin Strike","Cleave+1"],"picked":"Flame Barrier+1","floor":46},{"not_picked":["Cleave","Power Through+1","Fire Breathing"],"picked":"SKIP","floor":48},{"not_picked":["Wild Strike+1","Shrug It Off+1","Cleave"],"picked":"SKIP","floor":54}],"player_experience":176573,"relics_obtained":[{"floor":9.0,"key":"The Courier"},{"floor":12.0,"key":"Toxic Egg 2"},{"floor":23.0,"key":"Pen Nib"},{"floor":26.0,"key":"Vajra"},{"floor":28.0,"key":"Darkstone Periapt"},{"floor":41,"key":"Mango"},{"floor":47,"key":"War Paint"},{"floor":54,"key":"Boot"}],"event_choices":[{"damage_healed":0.0,"max_hp_gain":0.0,"max_hp_loss":0.0,"gold_gain":0.0,"event_name":"Upgrade Shrine","player_choice":"Upgraded","floor":4.0,"gold_loss":0.0,"damage_taken":0.0,"cards_upgraded":["Rage"]},{"damage_healed":0.0,"max_hp_gain":0.0,"max_hp_loss":0.0,"gold_gain":0.0,"event_name":"Colosseum","player_choice":"Fight","floor":27.0,"gold_loss":0.0,"damage_taken":0.0},{"damage_healed":0.0,"max_hp_gain":0.0,"max_hp_loss":0.0,"gold_gain":0.0,"event_name":"Colosseum","player_choice":"Fled From Nobs","floor":27.0,"gold_loss":0.0,"damage_taken":0.0},{"damage_healed":0.0,"max_hp_gain":0.0,"max_hp_loss":0.0,"gold_gain":0.0,"event_name":"Addict","player_choice":"Obtained Relic","floor":30.0,"gold_loss":85.0,"damage_taken":0.0,"relics_obtained":["Oddly Smooth Stone"]},{"damage_healed":0,"gold_gain":0,"player_choice":"Ignored","damage_taken":0,"max_hp_gain":0,"max_hp_loss":0,"event_name":"Tomb of Lord Red Mask","floor":39,"gold_loss":0},{"cards_removed":["Strike_R"],"damage_healed":0,"gold_gain":0,"player_choice":"Removed Attack","damage_taken":0,"max_hp_gain":0,"max_hp_loss":0,"event_name":"Falling","floor":42,"gold_loss":0}],"is_beta":false,"boss_relics":[{"not_picked":["Busted Crown","Mark of Pain"],"picked":"Sozu"},{"not_picked":["Coffee Dripper","Black Blood"],"picked":"Fusion Hammer"}],"items_purged_floors":[5,19,37,53],"is_endless":false,"potions_floor_spawned":[1,7,13,16,20,21,27,28,31,33,36,46,54],"killed_by":"The Heart","ascension_level":0}