{"gold_per_floor":[116,127,277,163,163,163,190,190,245,245,295,306,335,347,347,423,423,435,58,58,108,124,155,155,188,215,32,32,62,80,80,80,157,157,173,173,173,193,208,235,253,253,253,303,316,350,350,369,369,369,369],"floor_reached":52,"playtime":2603,"items_purged":["Doubt","Force Field"],"score":1952,"play_id":"5dcda080-7787-4b0a-945d-f89786e77940","local_time":"20190314032003","is_ascension_mode":true,"campfire_choices":[{"data":"Genetic Algorithm","floor":6.0,"key":"SMITH"},{"data":"Zap","floor":8.0,"key":"SMITH"},{"data":"Defragment","floor":15.0,"key":"SMITH"},{"floor":24.0,"key":"REST"},{"data":"Turbo","floor":28.0,"key":"SMITH"},{"data":"Defragment","floor":32.0,"key":"SMITH"},{"floor":47.0,"key":"REST"},{"floor":49.0,"key":"REST"}],"neow_cost":"NONE","seed_source_timestamp":44354731568415,"circlet_count":0,"master_deck":["AscendersBane","Zap+1","Dualcast+1","Genetic Algorithm+1","Auto Shields","Capacitor+1","Barrage+1","BootSequence","Coolheaded","Defragment+1","Echo Form","Skim","Compile Driver","Biased Cognition","Coolheaded","Loop","Turbo+1","Cold Snap+1","Defragment+1","Echo Form","Electrodynamics","Coolheaded","Leap","Conserve Battery+1"],"special_seed":0,"relics":["Cracked Core","NeowsBlessing","Oddly Smooth Stone","Vajra","War Paint","Letter Opener","Pandora\u0027s Box","Regal Pillow","Matryoshka","Bottled Tornado","The Courier","ClockworkSouvenir","Orichalcum","Busted Crown","Pantograph","Whetstone","Dream Catcher","Bronze Scales"],"potions_floor_usage":[],"damage_taken":[{"damage":0.0,"enemies":"2 Louse","floor":1.0,"turns":1.0},{"damage":0.0,"enemies":"Small Slimes","floor":2.0,"turns":1.0},{"damage":0.0,"enemies":"Gremlin Nob","floor":7.0,"turns":1.0},{"damage":0.0,"enemies":"Cultist","floor":12.0,"turns":4.0},{"damage":15.0,"enemies":"Lagavulin","floor":13.0,"turns":9.0},{"damage":0.0,"enemies":"2 Fungi Beasts","floor":14.0,"turns":3.0},{"damage":10.0,"enemies":"Hexaghost","floor":16.0,"turns":12.0},{"damage":26.0,"enemies":"3 Byrds","floor":18.0,"turns":3.0},{"damage":0.0,"enemies":"Spheric Guardian","floor":22.0,"turns":5.0},{"damage":5.0,"enemies":"Book of Stabbing","floor":23.0,"turns":5.0},{"damage":1.0,"enemies":"Gremlin Leader","floor":25.0,"turns":7.0},{"damage":28.0,"enemies":"Slavers","floor":29.0,"turns":6.0},{"damage":0.0,"enemies":"Snecko","floor":30.0,"turns":6.0},{"damage":18.0,"enemies":"Champ","floor":33.0,"turns":9.0},{"damage":3.0,"enemies":"Orb Walker","floor":35.0,"turns":5.0},{"damage":28.0,"enemies":"3 Darklings","floor":38.0,"turns":3.0},{"damage":27.0,"enemies":"Sphere and 2 Shapes","floor":39.0,"turns":4.0},{"damage":2.0,"enemies":"Nemesis","floor":40.0,"turns":7.0},{"damage":1.0,"enemies":"Transient","floor":41.0,"turns":6.0},{"damage":0.0,"enemies":"4 Shapes","floor":45.0,"turns":2.0},{"damage":2.0,"enemies":"Giant Head","floor":46.0,"turns":6.0},{"damage":2.0,"enemies":"Jaw Worm Horde","floor":48.0,"turns":3.0},{"damage":21,"enemies":"Time Eater","floor":50,"turns":9},{"damage":29,"enemies":"Awakened One","floor":51,"turns":9}],"seed_played":"6588784065497054215","potions_obtained":[{"floor":2.0,"key":"Weak Potion"},{"floor":7.0,"key":"GamblersBrew"},{"floor":22.0,"key":"Energy Potion"},{"floor":25.0,"key":"SteroidPotion"},{"floor":29.0,"key":"Regen Potion"},{"floor":33.0,"key":"Poison Potion"},{"floor":39.0,"key":"GamblersBrew"},{"floor":45.0,"key":"FearPotion"},{"floor":48.0,"key":"SteroidPotion"}],"is_trial":false,"path_per_floor":["M","M","?","$","?","R","E","R","T","?","?","M","E","M","R","B",null,"M","$","?","?","M","E","R","E","T","$","R","E","M","?","R","B",null,"M","?","?","M","M","E","M","?","T","?","M","E","R","M","R","B","B",null],"character_chosen":"DEFECT","items_purchased":["Capacitor","Fruit Juice","Regal Pillow","ClockworkSouvenir"],"campfire_rested":3,"item_purchase_floors":[4,19,19,27],"current_hp_per_floor":[64,64,64,64,57,57,57,57,57,46,46,46,31,31,31,21,59,33,38,38,38,38,33,70,69,69,69,69,41,41,41,41,38,67,64,64,64,36,9,7,6,6,6,6,6,4,41,39,76,55,47],"gold":369,"neow_bonus":"THREE_ENEMY_KILL","is_prod":false,"is_daily":false,"chose_seed":false,"campfire_upgraded":5,"win_rate":0,"timestamp":1552530003,"path_taken":["M","M","?","$","?","R","E","R","T","?","?","M","E","M","R","BOSS","M","$","?","?","M","E","R","E","T","$","R","E","M","?","R","BOSS","M","?","?","M","?","E","M","?","T","?","M","E","R","M","R","BOSS","BOSS"],"build_version":"2019-02-06","purchased_purges":2,"victory":true,"max_hp_per_floor":[71,71,71,71,71,71,71,71,71,71,71,71,71,71,71,71,71,71,76,76,76,76,76,76,76,76,76,76,76,76,76,76,76,76,76,76,76,76,76,76,76,76,76,76,76,76,76,76,76,76,76],"card_choices":[{"not_picked":["Sweeping Beam","Hello World"],"picked":"Genetic Algorithm","floor":1.0},{"not_picked":["Barrage","Storm"],"picked":"Auto Shields","floor":2.0},{"not_picked":["Steam Power","Storm"],"picked":"Barrage","floor":7.0},{"not_picked":["Reinforced Body","Barrage"],"picked":"BootSequence","floor":12.0},{"not_picked":["Sweeping Beam","Storm"],"picked":"Coolheaded","floor":13.0},{"not_picked":["Ball Lightning","Rip and Tear"],"picked":"Defragment","floor":14.0},{"not_picked":["Core Surge","Buffer"],"picked":"Echo Form","floor":16.0},{"not_picked":["Compile Driver","Rip and Tear","Scrape"],"picked":"SKIP","floor":18.0},{"not_picked":["Heatsinks","Turbo"],"picked":"Cold Snap","floor":22.0},{"not_picked":["Rip and Tear","Steam Power"],"picked":"Cold Snap","floor":23.0},{"not_picked":["Steam","Stack"],"picked":"Defragment","floor":25.0},{"not_picked":["Skim","Cold Snap"],"picked":"Echo Form","floor":29.0},{"not_picked":["Blizzard","Consume","Auto Shields"],"picked":"SKIP","floor":30.0},{"not_picked":["Rainbow","Thunder Strike"],"picked":"Electrodynamics","floor":33.0},{"not_picked":["Streamline"],"picked":"SKIP","floor":35.0},{"not_picked":["Hologram"],"picked":"SKIP","floor":38.0},{"not_picked":[],"picked":"Coolheaded","floor":39.0},{"not_picked":["Turbo+1"],"picked":"SKIP","floor":40.0},{"not_picked":["Leap"],"picked":"SKIP","floor":41.0},{"not_picked":[],"picked":"Leap","floor":41.0},{"not_picked":["Hello World"],"picked":"SKIP","floor":45.0},{"not_picked":["Recycle"],"picked":"SKIP","floor":46.0},{"not_picked":[],"picked":"Conserve Battery+1","floor":47.0},{"not_picked":["Reprogram"],"picked":"SKIP","floor":48.0}],"player_experience":1028667,"relics_obtained":[{"floor":7.0,"key":"Oddly Smooth Stone"},{"floor":9.0,"key":"Vajra"},{"floor":13.0,"key":"Letter Opener"},{"floor":23.0,"key":"Matryoshka"},{"floor":25.0,"key":"Bottled Tornado"},{"floor":26.0,"key":"The Courier"},{"floor":29.0,"key":"Orichalcum"},{"floor":40.0,"key":"Pantograph"},{"floor":43.0,"key":"Whetstone"},{"floor":43.0,"key":"Dream Catcher"},{"floor":46.0,"key":"Bronze Scales"}],"event_choices":[{"damage_healed":0.0,"max_hp_gain":0.0,"max_hp_loss":0.0,"gold_gain":150.0,"event_name":"Liars Game","player_choice":"AGREE","floor":3.0,"gold_loss":0.0,"damage_taken":0.0,"cards_obtained":["Doubt"]},{"cards_removed":["Strike_B"],"damage_healed":0.0,"max_hp_gain":0.0,"max_hp_loss":0.0,"gold_gain":0.0,"event_name":"Golden Wing","player_choice":"Card Removal","floor":5.0,"gold_loss":0.0,"damage_taken":7.0},{"damage_healed":0.0,"max_hp_gain":0.0,"max_hp_loss":0.0,"gold_gain":0.0,"event_name":"Scrap Ooze","player_choice":"Success","floor":10.0,"gold_loss":0.0,"damage_taken":11.0,"relics_obtained":["War Paint"]},{"damage_healed":0.0,"max_hp_gain":0.0,"max_hp_loss":0.0,"gold_gain":50.0,"event_name":"Golden Shrine","player_choice":"Pray","floor":11.0,"gold_loss":0.0,"damage_taken":0.0},{"damage_healed":0.0,"max_hp_gain":0.0,"max_hp_loss":0.0,"gold_gain":0.0,"event_name":"Vampires","player_choice":"Ignored","floor":20.0,"gold_loss":0.0,"damage_taken":0.0},{"damage_healed":0.0,"max_hp_gain":0.0,"max_hp_loss":0.0,"gold_gain":50.0,"event_name":"Nest","player_choice":"Stole From Cult","floor":21.0,"gold_loss":0.0,"damage_taken":0.0},{"damage_healed":0.0,"max_hp_gain":0.0,"max_hp_loss":0.0,"gold_gain":0.0,"event_name":"Beggar","player_choice":"Ignored","floor":31.0,"gold_loss":0.0,"damage_taken":0.0},{"cards_removed":["Cold Snap"],"damage_healed":0.0,"max_hp_gain":0.0,"max_hp_loss":0.0,"gold_gain":0.0,"event_name":"Falling","player_choice":"Removed Attack","floor":36.0,"gold_loss":0.0,"damage_taken":0.0},{"damage_healed":0.0,"max_hp_gain":0.0,"max_hp_loss":0.0,"gold_gain":0.0,"event_name":"Upgrade Shrine","player_choice":"Upgraded","floor":37.0,"gold_loss":0.0,"damage_taken":0.0,"cards_upgraded":["Capacitor"]},{"damage_healed":0.0,"max_hp_gain":0.0,"max_hp_loss":0.0,"gold_gain":0.0,"event_name":"Mysterious Sphere","player_choice":"Ignored","floor":42.0,"gold_loss":0.0,"damage_taken":0.0},{"damage_healed":0.0,"max_hp_gain":0.0,"max_hp_loss":0.0,"gold_gain":50.0,"event_name":"Golden Shrine","player_choice":"Pray","floor":44.0,"gold_loss":0.0,"damage_taken":0.0}],"is_beta":true,"boss_relics":[{"not_picked":["Lizard Tail","Philosopher\u0027s Stone"],"picked":"Pandora\u0027s Box"},{"not_picked":["Nuclear Battery","Coffee Dripper"],"picked":"Busted Crown"}],"items_purged_floors":[4,19],"is_endless":false,"potions_floor_spawned":[2,7,14,22,25,29,33,38,39,45,48],"ascension_level":20}