{"gold_per_floor":[113,163,177,188,200,200,200,200,278,290,66,66,93,104,104,104],"floor_reached":16,"playtime":1102,"items_purged":[],"score":204,"play_id":"be6cb20d-a066-4ad5-8bd2-ea5495a3173b","local_time":"20190312154542","is_ascension_mode":true,"campfire_choices":[{"data":"Sucker Punch","floor":6.0,"key":"SMITH"},{"floor":15,"key":"REST"}],"neow_cost":"NONE","seed_source_timestamp":799427754100,"circlet_count":0,"master_deck":["AscendersBane","Defend_G","Defend_G","Defend_G","Defend_G","Defend_G","Strike_G","Strike_G","Strike_G","Strike_G","Strike_G","Survivor","Neutralize+1","Quick Slash","Sucker Punch+1","Deflect","Caltrops","Glass Knife","Crippling Poison","Poisoned Stab+1","Infinite Blades"],"special_seed":0,"relics":["Ring of the Snake","Regal Pillow","Ornamental Fan","Molten Egg 2"],"potions_floor_usage":[16,16],"damage_taken":[{"damage":1.0,"enemies":"Small Slimes","floor":1.0,"turns":4.0},{"damage":0.0,"enemies":"Cultist","floor":3.0,"turns":3.0},{"damage":4.0,"enemies":"Jaw Worm","floor":4.0,"turns":7.0},{"damage":0.0,"enemies":"Looter","floor":5.0,"turns":4.0},{"damage":1,"enemies":"Exordium Wildlife","floor":10,"turns":4},{"damage":35,"enemies":"3 Sentries","floor":13,"turns":12},{"damage":7,"enemies":"Large Slime","floor":14,"turns":6},{"damage":53,"enemies":"Slime Boss","floor":16,"turns":8}],"seed_played":"-7022608241830491277","potions_obtained":[{"floor":4.0,"key":"Dexterity Potion"},{"floor":10,"key":"Ancient Potion"},{"floor":14,"key":"AttackPotion"}],"is_trial":false,"path_per_floor":["M","?","M","M","M","R","?","?","T","M","$","?","E","M","R","B"],"character_chosen":"THE_SILENT","items_purchased":["Glass Knife","Crippling Poison"],"campfire_rested":1,"item_purchase_floors":[11,11],"current_hp_per_floor":[58,58,58,54,54,54,54,59,59,58,58,58,23,16,52,0],"gold":104,"neow_bonus":"UPGRADE_CARD","is_prod":false,"is_daily":false,"chose_seed":false,"campfire_upgraded":1,"win_rate":0,"timestamp":1552419942,"path_taken":["M","?","?","M","M","R","?","?","T","M","$","?","E","M","R","BOSS"],"build_version":"2019-01-23","purchased_purges":0,"victory":false,"max_hp_per_floor":[66,66,66,66,66,66,66,71,71,71,71,71,71,71,71,71],"card_choices":[{"not_picked":["Flying Knee","Catalyst"],"picked":"Quick Slash","floor":1.0},{"not_picked":["Prepared","Underhanded Strike"],"picked":"Sucker Punch","floor":3.0},{"not_picked":["Escape Plan","Underhanded Strike"],"picked":"Deflect","floor":4.0},{"not_picked":["Finisher","Sucker Punch","Dagger Throw"],"picked":"SKIP","floor":5.0},{"not_picked":["Poisoned Stab","Underhanded Strike"],"picked":"Caltrops","floor":10},{"not_picked":["Dagger Throw","All Out Attack"],"picked":"Poisoned Stab","floor":13},{"not_picked":["Well Laid Plans","Endless Agony+1"],"picked":"Infinite Blades","floor":14}],"player_experience":1308550,"relics_obtained":[{"floor":9.0,"key":"Ornamental Fan"},{"floor":13,"key":"Molten Egg 2"}],"event_choices":[{"damage_healed":0.0,"max_hp_gain":0.0,"max_hp_loss":0.0,"gold_gain":50.0,"event_name":"Golden Shrine","player_choice":"Pray","floor":2.0,"gold_loss":0.0,"damage_taken":0.0},{"damage_healed":0.0,"max_hp_gain":0.0,"max_hp_loss":0.0,"gold_gain":0.0,"event_name":"Dead Adventurer","player_choice":"Searched \u00271\u0027 times","floor":7.0,"gold_loss":0.0,"damage_taken":0.0,"relics_obtained":["Regal Pillow"]},{"damage_healed":0.0,"max_hp_gain":5.0,"max_hp_loss":0.0,"gold_gain":0.0,"event_name":"Big Fish","player_choice":"Donut","floor":8.0,"gold_loss":0.0,"damage_taken":0.0},{"damage_healed":0,"gold_gain":0,"player_choice":"Ignored","damage_taken":0,"max_hp_gain":0,"max_hp_loss":0,"event_name":"Liars Game","floor":12,"gold_loss":0}],"is_beta":false,"boss_relics":[],"items_purged_floors":[],"is_endless":false,"potions_floor_spawned":[4,10,14],"killed_by":"Slime Boss","ascension_level":20}