{"gold_per_floor":[115,290,308,308,148,148,148,12,12,26,39,64,98,98,98,224,224,240,77,93,93,111,111,111,77,77,77,77,77,90,104,104,223,223,243,257,61,85,105,105,33,33,33,33,54,73,88,106,106,106],"floor_reached":50,"playtime":6840,"items_purged":["Normality","Defend_B","Defend_B","Pain"],"score":446,"play_id":"071e57ad-3aed-4075-a33a-376afa904f33","local_time":"20190309232221","is_ascension_mode":false,"campfire_choices":[{"data":"Static Discharge","floor":6.0,"key":"SMITH"},{"floor":15.0,"key":"REST"},{"data":"Force Field","floor":23.0,"key":"SMITH"},{"data":"Heatsinks","floor":27.0,"key":"SMITH"},{"data":"Defragment","floor":29.0,"key":"SMITH"},{"floor":32.0,"key":"REST"},{"floor":40,"key":"RECALL"},{"floor":42,"key":"REST"},{"floor":49,"key":"REST"}],"neow_cost":"CURSE","seed_source_timestamp":0,"circlet_count":0,"master_deck":["Strike_B","Strike_B","Strike_B","Defend_B","Zap","Dualcast","Force Field+1","Genetic Algorithm","Conserve Battery","Sweeping Beam","Static Discharge+1","Redo","Heatsinks+1","Electrodynamics","Defragment+1","Defragment","Machine Learning","Streamline+1","Defragment","Capacitor","Capacitor","Glacier","Rainbow","Redo+1","Tempest+1","Leap","Chaos+1","Parasite","Decay","Barrage+1","Barrage+1","Hologram+1","Barrage+1"],"special_seed":0,"relics":["Cracked Core","Golden Idol","Bag of Marbles","Cursed Key","Mercury Hourglass","Fusion Hammer","Girya"],"potions_floor_usage":[38,39,47,48,50],"damage_taken":[{"damage":1.0,"enemies":"2 Louse","floor":1.0,"turns":2.0},{"damage":2.0,"enemies":"Small Slimes","floor":3.0,"turns":4.0},{"damage":4.0,"enemies":"Jaw Worm","floor":10.0,"turns":3.0},{"damage":2.0,"enemies":"Blue Slaver","floor":11.0,"turns":4.0},{"damage":9.0,"enemies":"Gremlin Gang","floor":12.0,"turns":2.0},{"damage":12.0,"enemies":"Gremlin Nob","floor":13.0,"turns":4.0},{"damage":20.0,"enemies":"Slime Boss","floor":16.0,"turns":7.0},{"damage":10.0,"enemies":"Chosen","floor":18.0,"turns":4.0},{"damage":4.0,"enemies":"3 Byrds","floor":20.0,"turns":3.0},{"damage":14.0,"enemies":"Centurion and Healer","floor":22.0,"turns":4.0},{"damage":11.0,"enemies":"Snake Plant","floor":30.0,"turns":4.0},{"damage":21.0,"enemies":"Shelled Parasite and Fungi","floor":31.0,"turns":4.0},{"damage":43.0,"enemies":"Champ","floor":33.0,"turns":11.0},{"damage":10,"enemies":"Orb Walker","floor":35,"turns":4},{"damage":7,"enemies":"3 Darklings","floor":36,"turns":3},{"damage":12,"enemies":"Jaw Worm Horde","floor":38,"turns":2},{"damage":18,"enemies":"Writhing Mass","floor":39,"turns":6},{"damage":3,"enemies":"3 Darklings","floor":45,"turns":3},{"damage":0,"enemies":"Transient","floor":46,"turns":5},{"damage":24,"enemies":"Maw","floor":47,"turns":6},{"damage":0,"enemies":"Jaw Worm Horde","floor":48,"turns":1},{"damage":67,"enemies":"Awakened One","floor":50,"turns":9}],"seed_played":"-6828889432863362039","potions_obtained":[{"floor":10.0,"key":"FocusPotion"},{"floor":12.0,"key":"Block Potion"},{"floor":18.0,"key":"Energy Potion"},{"floor":28.0,"key":"Dexterity Potion"},{"floor":28.0,"key":"LiquidBronze"},{"floor":28.0,"key":"EssenceOfSteel"},{"floor":31.0,"key":"Regen Potion"},{"floor":33.0,"key":"Ancient Potion"},{"floor":35,"key":"Block Potion"},{"floor":36,"key":"Regen Potion"},{"floor":39,"key":"Dexterity Potion"},{"floor":47,"key":"FearPotion"}],"is_trial":false,"path_per_floor":["?","?","?","$","M","M","?","?","?","$","?","M"],"character_chosen":"DEFECT","items_purchased":["Static Discharge","Redo","Heatsinks","Defragment","Capacitor","Leap","FocusPotion"],"campfire_rested":4,"item_purchase_floors":[5,5,8,19,25,37,41],"current_hp_per_floor":[74,74,72,54,54,54,47,47,47,43,41,32,20,20,42,22,75,65,65,61,61,47,47,47,47,47,47,47,47,36,15,37,9,75,65,58,58,46,40,40,40,62,62,62,59,59,35,35,57,0],"gold":106,"neow_bonus":"TRANSFORM_TWO_CARDS","is_prod":false,"is_daily":false,"chose_seed":false,"campfire_upgraded":4,"win_rate":0,"timestamp":1552170141,"path_taken":["M","?","M","?","$","R","?","?","T","?","?","M","E","?","R","BOSS","M","$","M","?","M","R","?","?","T","R","?","R","M","M","R","BOSS","M","M","$","M","M","R","$","R","T","$","?","M","M","M","R","BOSS"],"build_version":"2019-01-23","purchased_purges":4,"victory":false,"max_hp_per_floor":[75,75,75,75,75,75,75,75,75,75,75,75,75,75,75,75,75,75,75,75,75,75,75,75,75,75,75,75,75,75,75,75,75,75,75,75,75,75,75,75,75,75,75,75,75,75,75,75,75,75],"card_choices":[{"not_picked":["Beam Cell","Rip and Tear"],"picked":"Conserve Battery","floor":1.0},{"not_picked":["Tempest","Turbo"],"picked":"Sweeping Beam","floor":3.0},{"not_picked":["Stack","Turbo","Chaos"],"picked":"SKIP","floor":10.0},{"not_picked":["Conserve Battery","Streamline"],"picked":"Electrodynamics","floor":11.0},{"not_picked":["Hello World","Aggregate"],"picked":"Defragment","floor":12.0},{"not_picked":["Fusion","Melter"],"picked":"Defragment","floor":13.0},{"not_picked":["Buffer","Hyperbeam"],"picked":"Machine Learning","floor":16.0},{"not_picked":["Conserve Battery+1","Hologram"],"picked":"Streamline+1","floor":18.0},{"not_picked":["Barrage","Compile Driver+1","Leap"],"picked":"SKIP","floor":20.0},{"not_picked":["Stack","Conserve Battery"],"picked":"Capacitor","floor":22.0},{"not_picked":["Ball Lightning+1","Turbo"],"picked":"Glacier","floor":30.0},{"not_picked":["Leap+1","Hello World","Go for the Eyes"],"picked":"SKIP","floor":31.0},{"not_picked":["Electrodynamics","Machine Learning"],"picked":"Rainbow","floor":33.0},{"not_picked":["Cold Snap","Conserve Battery"],"picked":"Redo+1","floor":35},{"not_picked":["Coolheaded","Glacier+1"],"picked":"Tempest+1","floor":36},{"not_picked":["Cold Snap","Scrape"],"picked":"Chaos+1","floor":38},{"not_picked":["Rip and Tear","Ball Lightning+1","BootSequence"],"picked":"SKIP","floor":39},{"not_picked":["Gash","Electrodynamics"],"picked":"Barrage+1","floor":45},{"not_picked":["Sweeping Beam+1","Streamline"],"picked":"Barrage+1","floor":46},{"not_picked":["Gash+1","Streamline"],"picked":"Hologram+1","floor":47},{"not_picked":["Compile Driver","Genetic Algorithm"],"picked":"Barrage+1","floor":48}],"player_experience":96518,"relics_obtained":[{"floor":13.0,"key":"Bag of Marbles"},{"floor":26.0,"key":"Mercury Hourglass"},{"floor":43,"key":"Girya"}],"event_choices":[{"damage_healed":0.0,"max_hp_gain":0.0,"max_hp_loss":0.0,"gold_gain":175.0,"event_name":"Liars Game","player_choice":"AGREE","floor":2.0,"gold_loss":0.0,"damage_taken":0.0,"cards_obtained":["Doubt"]},{"damage_healed":0.0,"max_hp_gain":0.0,"max_hp_loss":0.0,"gold_gain":0.0,"event_name":"Golden Idol","player_choice":"Take Damage","floor":4.0,"gold_loss":0.0,"damage_taken":18.0,"relics_obtained":["Golden Idol"]},{"cards_removed":["Doubt"],"damage_healed":0.0,"max_hp_gain":0.0,"max_hp_loss":0.0,"gold_gain":0.0,"event_name":"Golden Wing","player_choice":"Card Removal","floor":7.0,"gold_loss":0.0,"damage_taken":7.0},{"damage_healed":0.0,"max_hp_gain":0.0,"max_hp_loss":0.0,"gold_gain":0.0,"event_name":"Dead Adventurer","player_choice":"Searched \u00271\u0027 times","floor":14.0,"gold_loss":0.0,"damage_taken":0.0},{"damage_healed":0.0,"max_hp_gain":0.0,"max_hp_loss":0.0,"gold_gain":0.0,"event_name":"Vampires","player_choice":"Ignored","floor":21.0,"gold_loss":0.0,"damage_taken":0.0},{"damage_healed":0.0,"max_hp_gain":0.0,"max_hp_loss":0.0,"gold_gain":0.0,"event_name":"Cursed Tome","player_choice":"Ignored","floor":24.0,"gold_loss":0.0,"damage_taken":0.0},{"damage_healed":0.0,"max_hp_gain":0.0,"max_hp_loss":0.0,"gold_gain":0.0,"event_name":"Lab","player_choice":"Got Potions","floor":28.0,"gold_loss":0.0,"damage_taken":0.0}],"is_beta":false,"boss_relics":[{"not_picked":["Calling Bell","Snecko Eye"],"picked":"Cursed Key"},{"not_picked":["Tiny House","Orrery"],"picked":"Fusion Hammer"}],"items_purged_floors":[5,8,19,37],"is_endless":false,"potions_floor_spawned":[10,12,18,31,33,35,36,39,47],"killed_by":"Awakened One","ascension_level":0}