{"gold_per_floor":[115,125,136,156,203,203,228,243,268,23,52,52,52,81,81,155,155,171,205,156,206,206,206,206],"floor_reached":24,"playtime":830,"items_purged":[],"score":478,"play_id":"0858c620-26c3-4d49-9e50-ee8817bbe5e0","local_time":"20190302213130","is_ascension_mode":true,"campfire_choices":[{"data":"Streamline","floor":6.0,"key":"SMITH"},{"floor":13,"key":"REST"},{"data":"Defragment","floor":15,"key":"SMITH"},{"floor":23,"key":"REST"}],"neow_cost":"NONE","seed_source_timestamp":36754638602932,"circlet_count":0,"master_deck":["AscendersBane","Strike_B","Strike_B","Strike_B","Strike_B","Defend_B","Defend_B","Defend_B","Defend_B","Zap+1","Dualcast","Conserve Battery+1","BootSequence","Cold Snap","Streamline+1","Cold Snap","Cold Snap","Defragment+1","Steam","Defragment+1","Rainbow","Rebound+1","Conserve Battery","Go for the Eyes"],"special_seed":0,"relics":["Inserter","Bag of Marbles","Centennial Puzzle","War Paint","PreservedInsect","StoneCalendar","Dodecahedron","Nuclear Battery","Red Mask"],"potions_floor_usage":[7,7,16,16],"damage_taken":[{"damage":7.0,"enemies":"Cultist","floor":1.0,"turns":4.0},{"damage":2.0,"enemies":"Jaw Worm","floor":2.0,"turns":6.0},{"damage":7.0,"enemies":"Small Slimes","floor":3.0,"turns":4.0},{"damage":1.0,"enemies":"Blue Slaver","floor":4.0,"turns":5.0},{"damage":33,"enemies":"Gremlin Nob","floor":7,"turns":4},{"damage":0,"enemies":"Large Slime","floor":8,"turns":6},{"damage":7,"enemies":"3 Sentries","floor":11,"turns":6},{"damage":0,"enemies":"Gremlin Nob","floor":14,"turns":3},{"damage":15,"enemies":"The Guardian","floor":16,"turns":10},{"damage":10,"enemies":"Spheric Guardian","floor":18,"turns":4},{"damage":16,"enemies":"Masked Bandits","floor":19,"turns":6},{"damage":7,"enemies":"2 Thieves","floor":20,"turns":5},{"damage":0,"enemies":"Gremlin Leader","floor":24,"turns":2}],"seed_played":"304122545358859150","potions_obtained":[{"floor":2.0,"key":"SkillPotion"},{"floor":4.0,"key":"FocusPotion"},{"floor":7,"key":"Weak Potion"},{"floor":11,"key":"EssenceOfSteel"}],"is_trial":false,"path_per_floor":["M","M","M","M","T","R","E","M","T","$","E","?","R","E","R","B",null,"M","?","M","?","?","R","E"],"character_chosen":"DEFECT","items_purchased":["PreservedInsect","Defragment"],"campfire_rested":2,"item_purchase_floors":[10,10],"current_hp_per_floor":[57,55,48,47,47,47,14,14,14,14,7,7,28,28,28,13,57,47,31,24,24,24,45,45],"gold":206,"neow_bonus":"BOSS_RELIC","is_prod":false,"is_daily":false,"chose_seed":false,"campfire_upgraded":2,"win_rate":0,"timestamp":1551558690,"path_taken":["M","M","?","M","?","R","E","M","T","$","E","?","R","E","R","BOSS","M","?","M","?","?","R","E"],"build_version":"2019-02-06","purchased_purges":0,"victory":false,"max_hp_per_floor":[71,71,71,71,71,71,71,71,71,71,71,71,71,71,71,71,71,71,71,71,71,71,71,71],"card_choices":[{"not_picked":["Stack","Ball Lightning"],"picked":"Conserve Battery","floor":1.0},{"not_picked":["Sweeping Beam","Hologram"],"picked":"BootSequence","floor":2.0},{"not_picked":["Barrage","Scrape"],"picked":"Cold Snap","floor":3.0},{"not_picked":["Capacitor","Steam Power"],"picked":"Streamline","floor":4.0},{"not_picked":["Reboot","Hologram"],"picked":"Cold Snap","floor":7},{"not_picked":["Sunder","Consume"],"picked":"Cold Snap","floor":8},{"not_picked":["Rip and Tear","Turbo"],"picked":"Steam","floor":11},{"not_picked":["Sweeping Beam","Double Energy"],"picked":"Defragment","floor":14},{"not_picked":["Machine Learning","Thunder Strike"],"picked":"Rainbow","floor":16},{"not_picked":["Leap","Gash"],"picked":"Rebound+1","floor":18},{"not_picked":["Go for the Eyes","Stack"],"picked":"Conserve Battery","floor":19},{"not_picked":["Coolheaded","Conserve Battery"],"picked":"Go for the Eyes","floor":20}],"player_experience":972861,"relics_obtained":[{"floor":5.0,"key":"Bag of Marbles"},{"floor":7,"key":"Centennial Puzzle"},{"floor":9,"key":"War Paint"},{"floor":11,"key":"StoneCalendar"},{"floor":14,"key":"Dodecahedron"},{"floor":19,"key":"Red Mask"}],"event_choices":[{"damage_healed":0,"gold_gain":0,"player_choice":"Grow","damage_taken":0,"max_hp_gain":0,"max_hp_loss":0,"event_name":"Living Wall","floor":12,"gold_loss":0,"cards_upgraded":["Defragment"]},{"damage_healed":0,"gold_gain":0,"player_choice":"Fought Bandits","damage_taken":0,"max_hp_gain":0,"max_hp_loss":0,"event_name":"Masked Bandits","floor":19,"gold_loss":0},{"damage_healed":0,"gold_gain":50,"player_choice":"Stole From Cult","damage_taken":0,"max_hp_gain":0,"max_hp_loss":0,"event_name":"Nest","floor":21,"gold_loss":0},{"damage_healed":0,"gold_gain":0,"player_choice":"0 cards matched","damage_taken":0,"max_hp_gain":0,"max_hp_loss":0,"event_name":"Match and Keep!","floor":22,"gold_loss":0,"cards_obtained":[]}],"is_beta":true,"boss_relics":[{"not_picked":["Runic Dome","White Beast Statue"],"picked":"Nuclear Battery"}],"items_purged_floors":[],"is_endless":false,"potions_floor_spawned":[2,4,7,11,14],"killed_by":"Gremlin Leader","ascension_level":20}