{"gold_per_floor":[10,10,28,28,48,75,88,88,88,108,128,91,125,125,125,125],"floor_reached":16,"playtime":696,"items_purged":[],"score":224,"play_id":"c9d8be8d-0483-4cfb-b4a2-38f3b7a60cda","local_time":"20190312090817","is_ascension_mode":true,"campfire_choices":[{"data":"Tempest","floor":8.0,"key":"SMITH"},{"floor":15.0,"key":"REST"}],"neow_cost":"NO_GOLD","seed_source_timestamp":2093058950691,"circlet_count":0,"master_deck":["AscendersBane","Strike_B","Strike_B","Strike_B","Strike_B","Defend_B","Defend_B","Defend_B","Defend_B","Zap","Dualcast","Finesse+1","Leap","BootSequence","Dark Shackles","Tempest+1","Rebound","Hologram+1","Chill+1","Conserve Battery+1","Aggregate+1"],"special_seed":0,"relics":["Cracked Core","Toxic Egg 2","Unceasing Top","Thread and Needle","Golden Idol"],"potions_floor_usage":[16,16],"damage_taken":[{"damage":2.0,"enemies":"Jaw Worm","floor":1.0,"turns":3.0},{"damage":1.0,"enemies":"Cultist","floor":3.0,"turns":3.0},{"damage":5.0,"enemies":"2 Louse","floor":5.0,"turns":4.0},{"damage":18.0,"enemies":"3 Sentries","floor":6.0,"turns":10.0},{"damage":7.0,"enemies":"2 Fungi Beasts","floor":7.0,"turns":4.0},{"damage":2.0,"enemies":"Looter","floor":10.0,"turns":3.0},{"damage":0.0,"enemies":"Large Slime","floor":11.0,"turns":3.0},{"damage":24.0,"enemies":"Lagavulin","floor":13.0,"turns":8.0},{"damage":22,"enemies":"Slime Boss","floor":16,"turns":9}],"seed_played":"-8979145099308727700","potions_obtained":[{"floor":3.0,"key":"Swift Potion"},{"floor":5.0,"key":"Ancient Potion"},{"floor":6.0,"key":"EssenceOfSteel"},{"floor":13.0,"key":"SteroidPotion"}],"is_trial":false,"path_per_floor":["M","?","M","?","M","E","M","R","T","M","M","?","E","?","R","B"],"character_chosen":"DEFECT","items_purchased":[],"campfire_rested":1,"item_purchase_floors":[],"current_hp_per_floor":[62,62,61,61,56,38,31,31,31,29,29,29,5,5,24,2],"gold":125,"neow_bonus":"RANDOM_COLORLESS_2","is_prod":false,"is_daily":false,"chose_seed":false,"campfire_upgraded":1,"win_rate":0,"timestamp":1552378097,"path_taken":["M","?","M","?","?","E","M","R","T","M","M","?","E","?","R","BOSS"],"build_version":"2019-02-06","purchased_purges":0,"victory":false,"max_hp_per_floor":[71,71,71,71,71,71,71,71,71,71,71,71,71,64,64,64],"card_choices":[{"not_picked":["Doom and Gloom","Reprogram"],"picked":"Leap","floor":1.0},{"not_picked":["Barrage","Streamline"],"picked":"BootSequence","floor":3.0},{"not_picked":["BootSequence","Streamline"],"picked":"Tempest","floor":5.0},{"not_picked":["Gash","Thunder Strike"],"picked":"Rebound","floor":6.0},{"not_picked":["Stack+1","Streamline"],"picked":"Hologram+1","floor":7.0},{"not_picked":["Skim+1","FTL"],"picked":"Chill+1","floor":10.0},{"not_picked":["Sweeping Beam","Hologram+1"],"picked":"Conserve Battery+1","floor":11.0},{"not_picked":["Rebound","Ball Lightning"],"picked":"Aggregate+1","floor":13.0}],"player_experience":1008430,"relics_obtained":[{"floor":6.0,"key":"Toxic Egg 2"},{"floor":9.0,"key":"Unceasing Top"},{"floor":13.0,"key":"Thread and Needle"}],"event_choices":[{"damage_healed":0.0,"max_hp_gain":0.0,"max_hp_loss":0.0,"gold_gain":0.0,"event_name":"Living Wall","player_choice":"Grow","floor":2.0,"gold_loss":0.0,"damage_taken":0.0,"cards_upgraded":["Finesse"]},{"damage_healed":0.0,"max_hp_gain":0.0,"max_hp_loss":0.0,"gold_gain":0.0,"cards_transformed":["Secret Technique"],"event_name":"Transmorgrifier","player_choice":"Transformed","floor":4.0,"gold_loss":0.0,"damage_taken":0.0,"cards_obtained":["Dark Shackles"]},{"damage_healed":0.0,"max_hp_gain":0.0,"max_hp_loss":0.0,"gold_gain":0.0,"event_name":"World of Goop","player_choice":"Left Gold","floor":12.0,"gold_loss":37.0,"damage_taken":0.0},{"damage_healed":0.0,"max_hp_gain":0.0,"max_hp_loss":7.0,"gold_gain":0.0,"event_name":"Golden Idol","player_choice":"Lose Max HP","floor":14.0,"gold_loss":0.0,"damage_taken":0.0,"relics_obtained":["Golden Idol"]}],"is_beta":true,"boss_relics":[],"items_purged_floors":[],"is_endless":false,"potions_floor_spawned":[3,5,6,10,13],"killed_by":"Slime Boss","ascension_level":20}