{"gold_per_floor":[19,29,45,120,120,120,143,143,169,169,183,223,223,241,241,364,364,389,117,137,157,157,193,193,207,207,251,267,267],"floor_reached":29,"playtime":3579,"items_purged":["Strike_B"],"score":267,"play_id":"4a58617a-34c3-459a-ae83-1689a2f8fd9d","local_time":"20190311125954","is_ascension_mode":false,"campfire_choices":[{"data":"Zap","floor":6.0,"key":"SMITH"},{"data":"Self Repair","floor":8.0,"key":"SMITH"},{"floor":10.0,"key":"REST"},{"data":"Static Discharge","floor":15.0,"key":"SMITH"},{"floor":24,"key":"REST"}],"neow_cost":"NO_GOLD","seed_source_timestamp":0,"circlet_count":0,"master_deck":["Strike_B","Strike_B","Strike_B","Defend_B","Defend_B","Defend_B","Defend_B","Zap+1","Dualcast","Core Surge","Gash","Self Repair+1","Cold Snap","Conserve Battery","Static Discharge+1","Steam","Gash","Darkness","Ball Lightning","Electrodynamics","Conserve Battery","Capacitor","Gash","Conserve Battery+1","FTL","Redo","Beam Cell+1","Loop"],"special_seed":0,"relics":["Cracked Core","Golden Idol","Smiling Mask","Sozu","Oddly Smooth Stone","Cables","Dream Catcher","Du-Vu Doll"],"potions_floor_usage":[],"damage_taken":[{"damage":3.0,"enemies":"Jaw Worm","floor":1.0,"turns":3.0},{"damage":0.0,"enemies":"2 Louse","floor":2.0,"turns":2.0},{"damage":0.0,"enemies":"Cultist","floor":3.0,"turns":3.0},{"damage":11.0,"enemies":"Lots of Slimes","floor":7.0,"turns":4.0},{"damage":5.0,"enemies":"Blue Slaver","floor":11.0,"turns":3.0},{"damage":6.0,"enemies":"Lagavulin","floor":12.0,"turns":5.0},{"damage":5.0,"enemies":"Large Slime","floor":14.0,"turns":5.0},{"damage":14.0,"enemies":"Slime Boss","floor":16.0,"turns":6.0},{"damage":18,"enemies":"2 Thieves","floor":18,"turns":4},{"damage":6,"enemies":"Shell Parasite","floor":20,"turns":5},{"damage":27,"enemies":"Shelled Parasite and Fungi","floor":21,"turns":5},{"damage":26,"enemies":"Gremlin Leader","floor":23,"turns":7},{"damage":15,"enemies":"Cultist and Chosen","floor":25,"turns":5},{"damage":18,"enemies":"Book of Stabbing","floor":27,"turns":4},{"damage":23,"enemies":"Snake Plant","floor":28,"turns":3},{"damage":19,"enemies":"Colosseum Slavers","floor":29,"turns":2}],"seed_played":"-8166419502643078887","potions_obtained":[{"floor":3.0,"key":"FocusPotion"},{"floor":7.0,"key":"Energy Potion"},{"floor":11.0,"key":"Poison Potion"},{"floor":12.0,"key":"FearPotion"},{"floor":14.0,"key":"Fire Potion"}],"is_trial":false,"path_per_floor":["?","?","?","?","M","?"],"character_chosen":"DEFECT","items_purchased":["Capacitor","Oddly Smooth Stone"],"campfire_rested":2,"item_purchase_floors":[19,19],"current_hp_per_floor":[72,72,75,64,46,46,42,42,42,64,69,73,73,75,75,61,75,67,67,71,54,47,21,43,38,38,30,17,0],"gold":267,"neow_bonus":"THREE_RARE_CARDS","is_prod":false,"is_daily":false,"chose_seed":false,"campfire_upgraded":3,"win_rate":0,"timestamp":1552305594,"path_taken":["M","M","M","?","?","R","M","R","T","R","M","E","?","M","R","BOSS","M","$","M","M","?","E","R","M","T","E","?","?"],"build_version":"2019-01-23","purchased_purges":1,"victory":false,"max_hp_per_floor":[75,75,75,75,75,75,75,75,75,75,75,75,75,75,75,75,75,75,75,75,75,75,75,75,75,75,75,75,75],"card_choices":[{"not_picked":["Meteor Strike","Multi-Cast"],"picked":"Core Surge","floor":0.0},{"not_picked":["Streamline","Sweeping Beam"],"picked":"Gash","floor":1.0},{"not_picked":["Double Energy","Turbo"],"picked":"Self Repair","floor":2.0},{"not_picked":["Leap","Chill"],"picked":"Cold Snap","floor":3.0},{"not_picked":["Stack","Turbo"],"picked":"Conserve Battery","floor":7.0},{"not_picked":["Meteor Strike","Go for the Eyes"],"picked":"Static Discharge","floor":11.0},{"not_picked":["Go for the Eyes","Aggregate"],"picked":"Steam","floor":12.0},{"not_picked":["Consume","Stack"],"picked":"Ball Lightning","floor":14.0},{"not_picked":["Buffer","Multi-Cast"],"picked":"Electrodynamics","floor":16.0},{"not_picked":["Go for the Eyes","Streamline"],"picked":"Conserve Battery","floor":18},{"not_picked":["Double Energy+1","Consume+1"],"picked":"Gash","floor":20},{"not_picked":["Rebound","Storm"],"picked":"Conserve Battery+1","floor":21},{"not_picked":["Fusion","Go for the Eyes"],"picked":"FTL","floor":23},{"not_picked":["Turbo","Cold Snap"],"picked":"Redo","floor":25},{"not_picked":["Creative AI","Cold Snap+1"],"picked":"Beam Cell+1","floor":27},{"not_picked":["Compile Driver","Rebound"],"picked":"Loop","floor":28}],"player_experience":139416,"relics_obtained":[{"floor":12.0,"key":"Smiling Mask"},{"floor":23,"key":"Cables"},{"floor":26,"key":"Dream Catcher"},{"floor":27,"key":"Du-Vu Doll"}],"event_choices":[{"damage_healed":0.0,"max_hp_gain":0.0,"max_hp_loss":0.0,"gold_gain":75.0,"event_name":"World of Goop","player_choice":"Gather Gold","floor":4.0,"gold_loss":0.0,"damage_taken":11.0},{"damage_healed":0.0,"max_hp_gain":0.0,"max_hp_loss":0.0,"gold_gain":0.0,"event_name":"Golden Idol","player_choice":"Take Damage","floor":5.0,"gold_loss":0.0,"damage_taken":18.0,"relics_obtained":["Golden Idol"]},{"damage_healed":0.0,"max_hp_gain":0.0,"max_hp_loss":0.0,"gold_gain":0.0,"event_name":"Match and Keep!","player_choice":"2 cards matched","floor":13.0,"gold_loss":0.0,"damage_taken":0.0,"cards_obtained":["Gash","Darkness"]},{"damage_healed":0.0,"max_hp_gain":0.0,"max_hp_loss":0.0,"gold_gain":0.0,"event_name":"Match and Keep!","player_choice":"2 cards matched","floor":13.0,"gold_loss":0.0,"damage_taken":0.0,"cards_obtained":["Gash","Darkness"]},{"damage_healed":0,"gold_gain":0,"player_choice":"","damage_taken":7,"max_hp_gain":0,"max_hp_loss":0,"event_name":"Knowing Skull","floor":22,"potions_obtained":[],"gold_loss":0,"cards_obtained":[]},{"damage_healed":0,"gold_gain":0,"player_choice":"Fight","damage_taken":0,"max_hp_gain":0,"max_hp_loss":0,"event_name":"Colosseum","floor":29,"gold_loss":0}],"is_beta":false,"boss_relics":[{"not_picked":["Coffee Dripper","Philosopher\u0027s Stone"],"picked":"Sozu"}],"items_purged_floors":[19],"is_endless":false,"potions_floor_spawned":[3,7,11,12,14,20,25,27],"killed_by":"Colosseum Slavers","ascension_level":0}