{"gold_per_floor":[113,113,41,92,42,42,62,88,113,133,133,166,131,46,46,146,146,163,195,110,110,93,93,103,128,128,128,33,33],"floor_reached":29,"playtime":1870,"items_purged":["Strike_R","Strike_R","Defend_R"],"score":247,"play_id":"34062d18-99d1-4770-a2e2-936430110eb1","local_time":"20190313084904","is_ascension_mode":false,"campfire_choices":[{"data":"Inflame","floor":6,"key":"SMITH"},{"data":"Iron Wave","floor":11,"key":"SMITH"},{"data":"Heavy Blade","floor":15,"key":"SMITH"},{"floor":23,"key":"REST"},{"floor":27,"key":"REST"}],"neow_cost":"NONE","seed_source_timestamp":82863377617657,"circlet_count":0,"master_deck":["Strike_R+1","Strike_R+1","Defend_R","Defend_R","Defend_R","Bash","Iron Wave","Inflame+1","Headbutt","Iron Wave+1","Headbutt","Heavy Blade+1","Metallicize","Double Tap","Heavy Blade","True Grit+1","Rampage","Limit Break","Heavy Blade"],"relics":["Burning Blood","Smiling Mask","Centennial Puzzle","Whetstone","Bronze Scales","Runic Cube","Red Mask","Regal Pillow","Pantograph","Self Forming Clay"],"potions_floor_usage":[22,25,25,25],"damage_taken":[{"damage":7,"enemies":"Small Slimes","floor":1,"turns":4},{"damage":0,"enemies":"Cultist","floor":7,"turns":4},{"damage":20,"enemies":"Gremlin Nob","floor":8,"turns":5},{"damage":9,"enemies":"2 Louse","floor":10,"turns":3},{"damage":32,"enemies":"Lagavulin","floor":12,"turns":6},{"damage":29,"enemies":"The Guardian","floor":16,"turns":8},{"damage":17,"enemies":"Spheric Guardian","floor":18,"turns":4},{"damage":59,"enemies":"Masked Bandits","floor":19,"turns":6},{"damage":10,"enemies":"2 Thieves","floor":22,"turns":4},{"damage":37,"enemies":"Centurion and Healer","floor":24,"turns":7},{"damage":59,"enemies":"Gremlin Leader","floor":25,"turns":6},{"damage":60,"enemies":"Slavers","floor":29,"turns":3}],"seed_played":"-7876360132850504721","potions_obtained":[{"floor":0,"key":"Ancient Potion"},{"floor":0,"key":"SteroidPotion"},{"floor":0,"key":"Regen Potion"},{"floor":19,"key":"Regen Potion"},{"floor":24,"key":"Regen Potion"}],"is_trial":false,"path_per_floor":["M","?","$","T","$","R","M","E","T","M","R","E","?","$","R","B",null,"M","?","?","?","M","R","M","E","T","R","$","E"],"character_chosen":"IRONCLAD","items_purchased":["Inflame","Metallicize","Heavy Blade"],"campfire_rested":2,"item_purchase_floors":[3,14,28],"current_hp_per_floor":[79,79,79,79,79,79,80,66,66,63,63,37,57,57,57,34,80,69,16,16,16,26,65,34,21,21,60,60,0],"gold":33,"neow_bonus":"THREE_SMALL_POTIONS","is_prod":false,"is_daily":false,"chose_seed":false,"campfire_upgraded":3,"win_rate":0.0,"timestamp":1552481344,"path_taken":["M","?","$","?","$","R","?","E","T","M","R","E","?","?","R","BOSS","M","?","?","?","M","R","M","E","T","R","?","E"],"build_version":"2019-01-23","purchased_purges":3,"victory":false,"max_hp_per_floor":[80,80,80,80,80,80,80,80,80,80,80,80,80,80,80,80,80,80,80,80,80,80,80,80,80,80,80,80,80],"card_choices":[{"not_picked":["Thunderclap","Combust"],"picked":"Iron Wave","floor":1},{"not_picked":["Pommel Strike","Warcry"],"picked":"Headbutt","floor":7},{"not_picked":["Inflame","Blood for Blood"],"picked":"Iron Wave","floor":8},{"not_picked":["Flex","Cleave"],"picked":"Headbutt","floor":10},{"not_picked":["Anger","Barricade"],"picked":"Heavy Blade","floor":12},{"not_picked":["Dark Embrace","Reaper"],"picked":"Double Tap","floor":16},{"not_picked":["Sword Boomerang","Armaments"],"picked":"Heavy Blade","floor":18},{"not_picked":["Sever Soul+1","Sword Boomerang+1"],"picked":"True Grit+1","floor":19},{"not_picked":["Burning Pact","Reckless Charge+1","Inflame"],"picked":"SKIP","floor":22},{"not_picked":["Body Slam","Cleave"],"picked":"Rampage","floor":24},{"not_picked":["Headbutt+1","Warcry"],"picked":"Limit Break","floor":25}],"player_experience":25537,"relics_obtained":[{"floor":4,"key":"Smiling Mask"},{"floor":8,"key":"Centennial Puzzle"},{"floor":9,"key":"Whetstone"},{"floor":12,"key":"Bronze Scales"},{"floor":19,"key":"Red Mask"},{"floor":25,"key":"Pantograph"},{"floor":26,"key":"Self Forming Clay"}],"event_choices":[{"cards_removed":["Strike_R"],"damage_healed":0,"gold_gain":0,"player_choice":"Purged","damage_taken":0,"max_hp_gain":0,"max_hp_loss":0,"event_name":"Purifier","floor":2,"gold_loss":0},{"damage_healed":20,"gold_gain":0,"player_choice":"Healed","damage_taken":0,"max_hp_gain":0,"max_hp_loss":0,"event_name":"The Cleric","floor":13,"gold_loss":35},{"damage_healed":0,"gold_gain":0,"player_choice":"Fought Bandits","damage_taken":0,"max_hp_gain":0,"max_hp_loss":0,"event_name":"Masked Bandits","floor":19,"gold_loss":0},{"damage_healed":0,"gold_gain":0,"player_choice":"Obtained Relic","damage_taken":0,"relics_obtained":["Regal Pillow"],"max_hp_gain":0,"max_hp_loss":0,"event_name":"Addict","floor":20,"gold_loss":85},{"damage_healed":0,"gold_gain":0,"player_choice":"Ignored","damage_taken":0,"max_hp_gain":0,"max_hp_loss":0,"event_name":"Vampires","floor":21,"gold_loss":0}],"is_beta":false,"boss_relics":[{"not_picked":["Philosopher\u0027s Stone","Ectoplasm"],"picked":"Runic Cube"}],"items_purged_floors":[5,14,28],"is_endless":false,"potions_floor_spawned":[7,19,24],"killed_by":"Slavers","ascension_level":0}