{"gold_per_floor":[115,190,208,208,208,208,247,247,247,73,88,88,10,25,25,156,156,181,195,218,74,0,0],"floor_reached":23,"playtime":973,"items_purged":[],"score":289,"play_id":"09a0de29-0c84-44e7-8731-0006b40985bd","local_time":"20190102160932","is_ascension_mode":true,"campfire_choices":[{"floor":6,"key":"REST"},{"data":"Neutralize","floor":8,"key":"SMITH"},{"floor":15,"key":"REST"}],"neow_cost":"NONE","seed_source_timestamp":581306921722006,"circlet_count":0,"master_deck":["Defend_G","Defend_G","Defend_G","Defend_G","Defend_G","Strike_G","Strike_G","Strike_G","Strike_G","Survivor","Neutralize+1","Cloak And Dagger","Dagger Spray","Cloak And Dagger","Accuracy","Cloak And Dagger","Accuracy","Die Die Die","Slice","Blade Dance"],"relics":["Ring of the Snake","NeowsBlessing","Golden Idol","Anchor","Happy Flower","Nunchaku","Cursed Key","Oddly Smooth Stone"],"potions_floor_usage":[16,16,19,20,23,23],"damage_taken":[{"damage":0,"enemies":"Small Slimes","floor":1,"turns":1},{"damage":0,"enemies":"2 Louse","floor":3,"turns":1},{"damage":0,"enemies":"3 Sentries","floor":7,"turns":1},{"damage":0,"enemies":"Jaw Worm","floor":11,"turns":3},{"damage":0,"enemies":"Lots of Slimes","floor":14,"turns":2},{"damage":58,"enemies":"Hexaghost","floor":16,"turns":16},{"damage":11,"enemies":"Shell Parasite","floor":18,"turns":7},{"damage":15,"enemies":"Chosen","floor":19,"turns":7},{"damage":18,"enemies":"3 Cultists","floor":20,"turns":6},{"damage":18,"enemies":"Book of Stabbing","floor":23,"turns":4}],"seed_played":"775050404875178617","potions_obtained":[{"floor":7,"key":"Strength Potion"},{"floor":14,"key":"Poison Potion"},{"floor":16,"key":"Weak Potion"},{"floor":18,"key":"FearPotion"},{"floor":19,"key":"Weak Potion"}],"is_trial":false,"path_per_floor":["M","?","M","?","?","R","E","R","T","$","M","?","$","M","R","B",null,"M","M","M","$","?","E"],"character_chosen":"THE_SILENT","items_purchased":["Cloak And Dagger","Accuracy","Regen Potion","Accuracy","Oddly Smooth Stone"],"campfire_rested":2,"item_purchase_floors":[10,10,10,13,21],"current_hp_per_floor":[63,52,52,35,28,49,49,49,49,49,49,42,42,42,63,20,58,47,32,14,14,14,0],"gold":0,"neow_bonus":"THREE_ENEMY_KILL","is_prod":false,"is_daily":false,"chose_seed":false,"campfire_upgraded":1,"win_rate":0,"timestamp":1546463372,"path_taken":["M","?","M","?","?","R","E","R","T","$","M","?","$","?","R","BOSS","M","M","M","?","?","E"],"build_version":"2018-12-20","purchased_purges":0,"victory":false,"max_hp_per_floor":[70,70,70,70,70,70,70,70,70,70,70,70,70,70,70,70,70,70,70,70,70,70,70],"card_choices":[{"not_picked":["Underhanded Strike","Masterful Stab","Slice"],"picked":"SKIP","floor":1},{"not_picked":["Dagger Throw","Bane"],"picked":"Cloak And Dagger","floor":3},{"not_picked":["Choke","Heel Hook"],"picked":"Dagger Spray","floor":7},{"not_picked":["Grand Finale","Acrobatics"],"picked":"Cloak And Dagger","floor":11},{"not_picked":["Flying Knee","Finisher","Masterful Stab"],"picked":"SKIP","floor":14},{"not_picked":["Tools of the Trade","Bullet Time"],"picked":"Die Die Die","floor":16},{"not_picked":["Slice","Skewer","Bouncing Flask"],"picked":"SKIP","floor":18},{"not_picked":["Deflect","Poisoned Stab"],"picked":"Slice","floor":19},{"not_picked":["Acrobatics+1","Backflip"],"picked":"Blade Dance","floor":20}],"player_experience":364048,"relics_obtained":[{"floor":7,"key":"Happy Flower"},{"floor":9,"key":"Nunchaku"}],"event_choices":[{"damage_healed":0,"gold_gain":75,"player_choice":"Gather Gold","damage_taken":11,"max_hp_gain":0,"max_hp_loss":0,"event_name":"World of Goop","floor":2,"gold_loss":0},{"damage_healed":0,"gold_gain":0,"player_choice":"Take Damage","damage_taken":17,"relics_obtained":["Golden Idol"],"max_hp_gain":0,"max_hp_loss":0,"event_name":"Golden Idol","floor":4,"gold_loss":0},{"damage_healed":0,"gold_gain":0,"player_choice":"Success","damage_taken":7,"relics_obtained":["Anchor"],"max_hp_gain":0,"max_hp_loss":0,"event_name":"Scrap Ooze","floor":5,"gold_loss":0},{"cards_removed":["Strike_G"],"damage_healed":0,"gold_gain":0,"player_choice":"Card Removal","damage_taken":7,"max_hp_gain":0,"max_hp_loss":0,"event_name":"Golden Wing","floor":12,"gold_loss":0},{"damage_healed":0,"gold_gain":0,"player_choice":"Paid Fearfully","damage_taken":0,"max_hp_gain":0,"max_hp_loss":0,"event_name":"Masked Bandits","floor":22,"gold_loss":74}],"is_beta":false,"boss_relics":[{"not_picked":["Eternal Feather","Tiny House"],"picked":"Cursed Key"}],"items_purged_floors":[],"is_endless":false,"potions_floor_spawned":[7,14,16,18,19],"killed_by":"Book of Stabbing","ascension_level":7}