{"gold_per_floor":[114,132,132,132,48,48,87,87,87,110,123,123,162,162,162,258,258,278,278,203,228,281,281,306,306],"floor_reached":25,"playtime":687,"items_purged":[],"score":418,"play_id":"1850ec8e-9c77-41e6-91f2-a146b002dd52","local_time":"20190305121053","is_ascension_mode":true,"campfire_choices":[{"floor":6.0,"key":"REST"},{"data":"Rip and Tear","floor":8.0,"key":"SMITH"},{"data":"Capacitor","floor":15.0,"key":"SMITH"},{"floor":23,"key":"RECALL"}],"neow_cost":"NONE","seed_source_timestamp":3286968201756,"circlet_count":0,"master_deck":["AscendersBane","Strike_B","Strike_B","Strike_B","Strike_B","Defend_B","Defend_B","Defend_B+1","Defend_B","Zap+1","Dualcast","Cold Snap","Rip and Tear+1","Capacitor+1","Echo Form","Ball Lightning","Parasite","Auto Shields","Injury","Core Surge","Ghostly","Ghostly","Ghostly","Leap","Writhe","Ball Lightning"],"special_seed":0,"relics":["Cursed Key","Golden Idol","PreservedInsect","Dodecahedron","Vajra","Cables","Fusion Hammer","DataDisk"],"potions_floor_usage":[16,16,25],"damage_taken":[{"damage":8.0,"enemies":"2 Louse","floor":1.0,"turns":4.0},{"damage":0.0,"enemies":"Small Slimes","floor":2.0,"turns":3.0},{"damage":28.0,"enemies":"3 Sentries","floor":7.0,"turns":10.0},{"damage":5.0,"enemies":"Jaw Worm","floor":10.0,"turns":2.0},{"damage":0.0,"enemies":"Large Slime","floor":11.0,"turns":5.0},{"damage":2.0,"enemies":"Lagavulin","floor":13.0,"turns":5.0},{"damage":38,"enemies":"Slime Boss","floor":16,"turns":6},{"damage":10,"enemies":"Spheric Guardian","floor":18,"turns":4},{"damage":0,"enemies":"Chosen","floor":21,"turns":6},{"damage":13,"enemies":"Snake Plant","floor":24,"turns":6},{"damage":3,"enemies":"Masked Bandits","floor":25,"turns":3}],"seed_played":"1906408849225107395","potions_obtained":[{"floor":10.0,"key":"Regen Potion"},{"floor":13.0,"key":"SteroidPotion"},{"floor":18,"key":"Block Potion"},{"floor":24,"key":"FocusPotion"}],"is_trial":false,"path_per_floor":["M","M","?","?","$","R","E","R","T","M","M","?","E","T","R","B",null,"M","?","?","M","T","R","M","?"],"character_chosen":"DEFECT","items_purchased":["Capacitor"],"campfire_rested":1,"item_purchase_floors":[5],"current_hp_per_floor":[56,56,56,37,37,56,28,28,28,23,23,39,37,37,37,14,52,42,32,32,32,32,32,19,16],"gold":306,"neow_bonus":"BOSS_RELIC","is_prod":false,"is_daily":false,"chose_seed":false,"campfire_upgraded":2,"win_rate":0,"timestamp":1551784253,"path_taken":["M","M","?","?","?","R","E","R","T","M","M","?","E","?","R","BOSS","M","?","?","M","?","R","M","?"],"build_version":"2019-02-06","purchased_purges":0,"victory":false,"max_hp_per_floor":[71,71,64,64,64,64,64,64,64,64,64,64,64,64,64,64,64,64,32,32,32,32,32,32,32],"card_choices":[{"not_picked":["Hologram","Redo"],"picked":"Cold Snap","floor":1.0},{"not_picked":["Rebound","Hello World"],"picked":"Rip and Tear","floor":2.0},{"not_picked":["White Noise","Storm"],"picked":"Echo Form","floor":7.0},{"not_picked":["Sweeping Beam","Leap"],"picked":"Ball Lightning","floor":10.0},{"not_picked":["Reprogram","Streamline","Hello World"],"picked":"SKIP","floor":11.0},{"not_picked":["Cold Snap","Go for the Eyes"],"picked":"Auto Shields","floor":13.0},{"not_picked":["Amplify","Meteor Strike"],"picked":"Core Surge","floor":16},{"not_picked":["Go for the Eyes","Redo+1","Stack"],"picked":"SKIP","floor":18},{"not_picked":["Sweeping Beam","Storm"],"picked":"Leap","floor":21},{"not_picked":["Stack","Barrage"],"picked":"Ball Lightning","floor":24}],"player_experience":990722,"relics_obtained":[{"floor":7.0,"key":"PreservedInsect"},{"floor":9.0,"key":"Dodecahedron"},{"floor":13.0,"key":"Vajra"},{"floor":14.0,"key":"Cables"},{"floor":22,"key":"DataDisk"}],"event_choices":[{"damage_healed":0.0,"max_hp_gain":0.0,"max_hp_loss":7.0,"gold_gain":0.0,"event_name":"Golden Idol","player_choice":"Lose Max HP","floor":3.0,"gold_loss":0.0,"damage_taken":0.0,"relics_obtained":["Golden Idol"]},{"damage_healed":0.0,"max_hp_gain":0.0,"max_hp_loss":0.0,"gold_gain":0.0,"event_name":"Shining Light","player_choice":"Entered Light","floor":4.0,"gold_loss":0.0,"damage_taken":19.0,"cards_upgraded":["Zap","Defend_B"]},{"damage_healed":16.0,"max_hp_gain":0.0,"max_hp_loss":0.0,"gold_gain":0.0,"event_name":"Mushrooms","player_choice":"Healed and dodged fight","floor":12.0,"gold_loss":0.0,"damage_taken":0.0,"cards_obtained":["Parasite"]},{"damage_healed":0,"gold_gain":0,"player_choice":"Became a Ghost","damage_taken":0,"max_hp_gain":0,"max_hp_loss":32,"event_name":"Ghosts","floor":19,"gold_loss":0,"cards_obtained":["Ghostly","Ghostly","Ghostly"]},{"cards_removed":["Shame"],"damage_healed":0,"gold_gain":0,"player_choice":"Gave Gold","damage_taken":0,"max_hp_gain":0,"max_hp_loss":0,"event_name":"Beggar","floor":20,"gold_loss":75},{"damage_healed":0,"gold_gain":0,"player_choice":"Fought Bandits","damage_taken":0,"max_hp_gain":0,"max_hp_loss":0,"event_name":"Masked Bandits","floor":25,"gold_loss":0}],"is_beta":true,"boss_relics":[{"not_picked":["Ectoplasm","Astrolabe"],"picked":"Fusion Hammer"}],"items_purged_floors":[],"is_endless":false,"potions_floor_spawned":[10,13,18,24],"killed_by":"Masked Bandits","ascension_level":20}