{"gold_per_floor":[119,32,45,120,138,138,150,150,198,214,229,229,240,254,254,332,332,351,401,264,17,31,31,41,41,125,125,22,22,32,42,42,42],"floor_reached":33,"playtime":1037,"items_purged":["Strike_B","Strike_B","Clumsy"],"score":482,"play_id":"a68826ec-cf25-4611-88fe-207dc6a07b44","local_time":"20190311173349","is_ascension_mode":true,"campfire_choices":[{"data":"Zap","floor":6,"key":"SMITH"},{"floor":8,"key":"REST"},{"floor":12,"key":"REST"},{"floor":15,"key":"REST"},{"data":"Apotheosis","floor":23,"key":"SMITH"},{"floor":25,"key":"REST"},{"floor":27,"key":"REST"},{"data":"Defragment","floor":29,"key":"SMITH"},{"floor":32,"key":"REST"}],"neow_cost":"NONE","seed_source_timestamp":415399424184266,"circlet_count":0,"master_deck":["AscendersBane","Strike_B","Strike_B","Defend_B","Defend_B","Defend_B","Defend_B","Zap+1","Dualcast","Steam","Loop","Sweeping Beam","Loop","Gash","BootSequence","Defragment+1","Electrodynamics","Reboot","Gash","Loop","Self Repair","Apotheosis+1","Go for the Eyes+1","Leap","Steam+1"],"relics":["Cracked Core","Smiling Mask","Boot","Cursed Key","Tiny Chest"],"potions_floor_usage":[11,14,16,31],"damage_taken":[{"damage":7,"enemies":"Jaw Worm","floor":1,"turns":4},{"damage":0,"enemies":"2 Louse","floor":3,"turns":2},{"damage":1,"enemies":"Cultist","floor":5,"turns":3},{"damage":8,"enemies":"Lots of Slimes","floor":7,"turns":3},{"damage":42,"enemies":"Gremlin Gang","floor":10,"turns":4},{"damage":9,"enemies":"Exordium Wildlife","floor":11,"turns":4},{"damage":12,"enemies":"Large Slime","floor":13,"turns":4},{"damage":7,"enemies":"Lots of Slimes","floor":14,"turns":4},{"damage":25,"enemies":"The Guardian","floor":16,"turns":8},{"damage":13,"enemies":"Chosen","floor":18,"turns":5},{"damage":10,"enemies":"Spheric Guardian","floor":22,"turns":4},{"damage":25,"enemies":"Snake Plant","floor":24,"turns":6},{"damage":7,"enemies":"Sentry and Sphere","floor":30,"turns":4},{"damage":40,"enemies":"3 Cultists","floor":31,"turns":5},{"damage":80,"enemies":"Automaton","floor":33,"turns":8}],"seed_played":"-6208837964287707511","potions_obtained":[{"floor":5,"key":"SpeedPotion"},{"floor":7,"key":"FocusPotion"},{"floor":10,"key":"AttackPotion"},{"floor":13,"key":"EssenceOfSteel"},{"floor":16,"key":"AttackPotion"},{"floor":24,"key":"Explosive Potion"},{"floor":30,"key":"Ancient Potion"}],"is_trial":false,"path_per_floor":["M","$","M","?","M","R","M","R","T","M","M","R","M","M","R","B",null,"M","?","$","$","M","R","M","R","T","R","$","R","M","M","R","B"],"character_chosen":"DEFECT","items_purchased":["Loop","Loop","Self Repair","Apotheosis","Leap"],"campfire_rested":6,"item_purchase_floors":[2,20,21,21,28],"current_hp_per_floor":[57,57,57,46,45,45,37,58,58,16,7,28,16,9,30,5,55,42,42,42,42,42,42,27,48,48,69,69,69,71,41,62,0],"gold":42,"neow_bonus":"RANDOM_COMMON_RELIC","is_prod":false,"is_daily":false,"chose_seed":false,"campfire_upgraded":3,"win_rate":0,"timestamp":1552325629,"path_taken":["M","$","M","?","M","R","M","R","T","M","M","R","M","M","R","BOSS","M","?","?","$","?","R","M","R","T","R","$","R","M","M","R","BOSS"],"build_version":"2019-01-23","purchased_purges":3,"victory":false,"max_hp_per_floor":[71,71,71,71,71,71,71,71,71,71,71,71,71,71,71,71,71,71,71,71,71,71,71,71,71,71,71,71,71,71,71,71,71],"card_choices":[{"not_picked":["Cold Snap","Beam Cell"],"picked":"Steam","floor":1},{"not_picked":["Redo","Steam"],"picked":"Sweeping Beam","floor":3},{"not_picked":["Sweeping Beam","Beam Cell"],"picked":"Loop","floor":5},{"not_picked":["Turbo","Streamline"],"picked":"Gash","floor":7},{"not_picked":["Doom and Gloom","Skim","Barrage"],"picked":"SKIP","floor":10},{"not_picked":["Go for the Eyes","Double Energy"],"picked":"BootSequence","floor":11},{"not_picked":["Go for the Eyes","Reinforced Body"],"picked":"Defragment","floor":13},{"not_picked":["Coolheaded","Redo"],"picked":"Electrodynamics","floor":14},{"not_picked":["Multi-Cast","Meteor Strike"],"picked":"Reboot","floor":16},{"not_picked":["Barrage","Compile Driver"],"picked":"Gash","floor":18},{"not_picked":["Turbo","Streamline","Steam"],"picked":"SKIP","floor":22},{"not_picked":["Darkness","Stack"],"picked":"Go for the Eyes+1","floor":24},{"not_picked":["Sweeping Beam","Skim","Beam Cell"],"picked":"SKIP","floor":30},{"not_picked":["Static Discharge","Barrage"],"picked":"Steam+1","floor":31}],"player_experience":1353953,"relics_obtained":[{"floor":9,"key":"Boot"},{"floor":26,"key":"Tiny Chest"}],"event_choices":[{"damage_healed":0,"gold_gain":75,"player_choice":"Gather Gold","damage_taken":11,"max_hp_gain":0,"max_hp_loss":0,"event_name":"World of Goop","floor":4,"gold_loss":0},{"damage_healed":0,"gold_gain":100,"player_choice":"Bet on Murderer","damage_taken":0,"max_hp_gain":0,"max_hp_loss":0,"event_name":"The Joust","floor":19,"gold_loss":50}],"is_beta":false,"boss_relics":[{"not_picked":["Orrery","Lizard Tail"],"picked":"Cursed Key"}],"items_purged_floors":[2,20,28],"is_endless":false,"potions_floor_spawned":[5,7,10,13,16,24,30],"killed_by":"Automaton","ascension_level":20}