{"gold_per_floor":[113,127,51,51,66,100,100,135,192,192],"floor_reached":10,"playtime":968,"items_purged":[],"score":76,"play_id":"9dc4d8fc-54a4-4bfc-8367-cf71579de6d8","local_time":"20190923175031","is_ascension_mode":false,"campfire_choices":[{"data":"Armaments","floor":7,"key":"SMITH"}],"neow_cost":"PERCENT_DAMAGE","seed_source_timestamp":17602226026037,"circlet_count":0,"master_deck":["Strike_R","Strike_R","Strike_R","Defend_R","Defend_R","Defend_R","Defend_R","Bash","Warcry","True Grit","Battle Trance","Armaments+1"],"relics":["Burning Blood","Golden Idol","Centennial Puzzle","Anchor","Tiny Chest"],"potions_floor_usage":[6,8],"damage_taken":[{"damage":6,"enemies":"Cultist","floor":1,"turns":3},{"damage":1,"enemies":"2 Louse","floor":2,"turns":3},{"damage":0,"enemies":"Small Slimes","floor":5,"turns":5},{"damage":45,"enemies":"Gremlin Nob","floor":6,"turns":6},{"damage":27,"enemies":"3 Sentries","floor":8,"turns":15},{"damage":7,"enemies":"Lagavulin Event","floor":10,"turns":8}],"seed_played":"6961697701979177483","potions_obtained":[{"floor":2,"key":"Fire Potion"},{"floor":6,"key":"SkillPotion"}],"is_trial":false,"path_per_floor":["M","M","$","?","M","E","R","E","T","?"],"character_chosen":"IRONCLAD","items_purchased":["Battle Trance"],"campfire_rested":0,"item_purchase_floors":[3],"current_hp_per_floor":[56,61,61,61,67,28,28,7,7,0],"gold":192,"neow_bonus":"REMOVE_TWO","is_prod":false,"is_daily":false,"chose_seed":false,"campfire_upgraded":1,"win_rate":0,"timestamp":1569217831,"path_taken":["M","?","?","?","M","E","R","E","T","?"],"build_version":"2019-09-20","purchased_purges":0,"victory":false,"max_hp_per_floor":[80,80,80,74,74,74,74,74,74,74],"card_choices":[{"not_picked":["Pommel Strike","Intimidate"],"picked":"Warcry","floor":1},{"not_picked":["Cleave","Shockwave"],"picked":"True Grit","floor":2},{"not_picked":["Thunderclap","True Grit"],"picked":"Armaments","floor":5},{"not_picked":["Twin Strike","Headbutt","Anger"],"picked":"SKIP","floor":6},{"not_picked":["Brutality","Anger","Twin Strike"],"picked":"SKIP","floor":8}],"player_experience":85880,"relics_obtained":[{"floor":6,"key":"Centennial Puzzle"},{"floor":8,"key":"Anchor"},{"floor":9,"key":"Tiny Chest"}],"event_choices":[{"damage_healed":0,"gold_gain":0,"player_choice":"Lose Max HP","damage_taken":0,"relics_obtained":["Golden Idol"],"max_hp_gain":0,"max_hp_loss":6,"event_name":"Golden Idol","floor":4,"gold_loss":0},{"damage_healed":0,"gold_gain":0,"player_choice":"Searched \u00271\u0027 times","damage_taken":0,"max_hp_gain":0,"max_hp_loss":0,"event_name":"Dead Adventurer","floor":10,"gold_loss":0}],"is_beta":true,"boss_relics":[],"items_purged_floors":[],"is_endless":false,"potions_floor_spawned":[2,6],"killed_by":"Lagavulin Event","ascension_level":0}