{"gold_per_floor":[116,132,132,149,165,199,199,217,299,318,318,318,336,347,347,445,445,460,460,444,444,181,181,101,129,176,103,103,120,0,18,18,117,117,134,134,234,34,34,34,47,47,127,144,72,0,18,34,34,34],"floor_reached":51,"playtime":8319,"items_purged":[],"score":694,"play_id":"6a73af58-d532-40e1-b61a-8fa1d76afcf7","local_time":"20191012203407","is_ascension_mode":false,"campfire_choices":[{"data":"Leap","floor":7.0,"key":"SMITH"},{"data":"Consume","floor":11.0,"key":"SMITH"},{"data":"Conserve Battery","floor":15.0,"key":"SMITH"},{"floor":23.0,"key":"REST"},{"floor":28.0,"key":"REST"},{"floor":32.0,"key":"REST"},{"floor":40.0,"key":"REST"},{"floor":42.0,"key":"REST"},{"floor":49,"key":"REST"}],"neow_cost":"NONE","seed_source_timestamp":0,"circlet_count":0,"master_deck":["Strike_B","Strike_B","Strike_B","Defend_B","Defend_B","Defend_B","Defend_B","Zap","Dualcast","Skim","Leap+1","Cold Snap","Barrage","Consume+1","FTL","Lockon","Conserve Battery+1","FTL","Seek","Loop","Coolheaded","Defragment","Blizzard","Leap","Capacitor","Rainbow","Chill","Ball Lightning","Coolheaded","Conserve Battery+1","Machine Learning","Self Repair","Storm","Go for the Eyes","Self Repair+1","Stack","Go for the Eyes+1","Go for the Eyes","Loop","Darkness","Darkness+1","Heatsinks"],"special_seed":0,"relics":["Cracked Core","NeowsBlessing","Gremlin Horn","Inserter","Nloth\u0027s Gift","Dream Catcher","Du-Vu Doll","Juzu Bracelet","Fusion Hammer","Calipers","Dodecahedron","Red Mask"],"potions_floor_usage":[48,50],"damage_taken":[{"damage":0.0,"enemies":"Jaw Worm","floor":1.0,"turns":1.0},{"damage":0.0,"enemies":"Cultist","floor":2.0,"turns":1.0},{"damage":0.0,"enemies":"Small Slimes","floor":4.0,"turns":1.0},{"damage":1.0,"enemies":"3 Louse","floor":5.0,"turns":4.0},{"damage":7.0,"enemies":"3 Sentries","floor":6.0,"turns":9.0},{"damage":1.0,"enemies":"Large Slime","floor":8.0,"turns":6.0},{"damage":0.0,"enemies":"2 Fungi Beasts","floor":10.0,"turns":3.0},{"damage":0.0,"enemies":"Blue Slaver","floor":13.0,"turns":2.0},{"damage":7.0,"enemies":"Exordium Thugs","floor":14.0,"turns":4.0},{"damage":19.0,"enemies":"Slime Boss","floor":16.0,"turns":15.0},{"damage":8.0,"enemies":"Shell Parasite","floor":18.0,"turns":6.0},{"damage":18.0,"enemies":"2 Thieves","floor":20.0,"turns":4.0},{"damage":33.0,"enemies":"Book of Stabbing","floor":25.0,"turns":6.0},{"damage":14.0,"enemies":"Cultist and Chosen","floor":29.0,"turns":7.0},{"damage":11.0,"enemies":"Sentry and Sphere","floor":31.0,"turns":7.0},{"damage":0.0,"enemies":"Champ","floor":33.0,"turns":13.0},{"damage":13.0,"enemies":"3 Darklings","floor":35.0,"turns":6.0},{"damage":29.0,"enemies":"Mind Bloom Boss Battle","floor":37.0,"turns":8.0},{"damage":0.0,"enemies":"3 Shapes","floor":41.0,"turns":5.0},{"damage":8.0,"enemies":"Maw","floor":44.0,"turns":7.0},{"damage":9,"enemies":"Spire Growth","floor":47,"turns":7},{"damage":20,"enemies":"Writhing Mass","floor":48,"turns":7},{"damage":20,"enemies":"Donu and Deca","floor":50,"turns":8}],"seed_played":"1676810199063551225","potions_obtained":[{"floor":1.0,"key":"EntropicBrew"},{"floor":10.0,"key":"SkillPotion"},{"floor":18.0,"key":"Fire Potion"},{"floor":20.0,"key":"GamblersBrew"},{"floor":25.0,"key":"Explosive Potion"},{"floor":33.0,"key":"Ancient Potion"},{"floor":41.0,"key":"Weak Potion"},{"floor":48,"key":"PowerPotion"}],"is_trial":false,"path_per_floor":["M","M","?","M","M","E","R","M","T","M","R","?","M","M","R","B",null,"M","?","M","?","$","R","$","E","T","$","R","M","?","M","R","B",null,"M","?","?","$","?","R","M","R","T","M","$","?","M","M","R","B",null],"character_chosen":"DEFECT","items_purchased":["Defragment","Dream Catcher","Blizzard","Capacitor","Chill","Regen Potion","Storm","Go for the Eyes","Loop"],"campfire_rested":6,"item_purchase_floors":[22,22,22,24,27,38,38,38,45],"current_hp_per_floor":[75,75,68,68,67,60,60,59,59,59,59,59,59,52,52,33,75,67,67,49,49,49,71,71,38,38,38,60,46,46,35,57,57,75,62,62,33,33,66,66,66,66,66,66,66,66,66,63,66,63],"gold":34,"neow_bonus":"THREE_ENEMY_KILL","is_prod":false,"is_daily":false,"chose_seed":false,"campfire_upgraded":3,"win_rate":0.0,"timestamp":1570908847,"path_taken":["M","M","?","M","M","E","R","M","T","M","R","?","M","M","R","BOSS","M","?","?","?","$","R","$","E","T","$","R","M","?","M","R","BOSS","M","?","?","$","?","R","M","R","T","M","?","?","M","M","R","BOSS"],"build_version":"2019-07-17","purchased_purges":0,"victory":true,"max_hp_per_floor":[75,75,75,75,75,75,75,75,75,75,75,75,75,75,75,75,75,75,75,75,75,75,75,75,75,75,75,75,75,75,75,75,75,75,75,75,75,75,66,66,66,66,66,66,66,66,66,66,66,66],"card_choices":[{"not_picked":["Ball Lightning","Barrage"],"picked":"Skim","floor":1.0},{"not_picked":["Redo","Stack"],"picked":"Leap","floor":2.0},{"not_picked":["BootSequence","Sweeping Beam"],"picked":"Cold Snap","floor":4.0},{"not_picked":["Scrape","Auto Shields"],"picked":"Barrage","floor":5.0},{"not_picked":["Go for the Eyes","Melter"],"picked":"Consume","floor":6.0},{"not_picked":["Stack","Streamline"],"picked":"FTL","floor":8.0},{"not_picked":["Beam Cell","FTL"],"picked":"Lockon","floor":10.0},{"not_picked":["Storm","Lockon"],"picked":"Conserve Battery","floor":13.0},{"not_picked":["Steam","Aggregate"],"picked":"FTL","floor":14.0},{"not_picked":["Reboot","Amplify"],"picked":"Seek","floor":16.0},{"not_picked":["Conserve Battery","Steam"],"picked":"Loop","floor":18.0},{"not_picked":["Melter+1","Redo"],"picked":"Coolheaded","floor":20.0},{"not_picked":["Steam","Fusion+1"],"picked":"Leap","floor":23.0},{"not_picked":["Double Energy","Streamline"],"picked":"Rainbow","floor":25.0},{"not_picked":["Reprogram","Static Discharge"],"picked":"Ball Lightning","floor":28.0},{"not_picked":["Thunder Strike","Genetic Algorithm"],"picked":"Hologram","floor":29.0},{"not_picked":["Compile Driver+1","Ball Lightning"],"picked":"Coolheaded","floor":31.0},{"not_picked":["Coolheaded","Beam Cell"],"picked":"Conserve Battery+1","floor":32.0},{"not_picked":["All For One","Fission"],"picked":"Machine Learning","floor":33.0},{"not_picked":["Fusion","Stack+1","Steam Power"],"picked":"SKIP","floor":35.0},{"not_picked":["Leap+1","Cold Snap+1"],"picked":"Self Repair","floor":37.0},{"not_picked":["Compile Driver+1","BootSequence+1"],"picked":"Self Repair+1","floor":40.0},{"not_picked":["Gash","Melter+1"],"picked":"Stack","floor":41.0},{"not_picked":["Storm","Darkness"],"picked":"Go for the Eyes+1","floor":42.0},{"not_picked":["Hologram","Coolheaded"],"picked":"Go for the Eyes","floor":44.0},{"not_picked":["Redo","Conserve Battery+1"],"picked":"Darkness","floor":47},{"not_picked":["Skim+1","Auto Shields+1"],"picked":"Darkness+1","floor":48},{"not_picked":["Melter","Machine Learning"],"picked":"Heatsinks","floor":49}],"player_experience":59995,"relics_obtained":[{"floor":6.0,"key":"Gremlin Horn"},{"floor":9.0,"key":"Bottled Flame"},{"floor":25.0,"key":"Du-Vu Doll"},{"floor":26.0,"key":"Juzu Bracelet"},{"floor":37.0,"key":"Calipers"},{"floor":43.0,"key":"Dodecahedron"}],"event_choices":[{"cards_removed":["Strike_B"],"damage_healed":0.0,"max_hp_gain":0.0,"max_hp_loss":0.0,"gold_gain":0.0,"event_name":"Golden Wing","player_choice":"Card Removal","floor":3.0,"gold_loss":0.0,"damage_taken":7.0},{"damage_healed":0.0,"max_hp_gain":0.0,"max_hp_loss":0.0,"gold_gain":0.0,"event_name":"Golden Idol","player_choice":"Ignored","floor":12.0,"gold_loss":0.0,"damage_taken":0.0},{"damage_healed":0.0,"max_hp_gain":0.0,"max_hp_loss":0.0,"gold_gain":0.0,"event_name":"N\u0027loth","player_choice":"Traded Relic","floor":19.0,"relics_lost":["Bottled Flame"],"gold_loss":0.0,"damage_taken":0.0,"relics_obtained":["Nloth\u0027s Gift"]},{"damage_healed":0.0,"max_hp_gain":0.0,"max_hp_loss":0.0,"gold_gain":0.0,"event_name":"Vampires","player_choice":"Ignored","floor":21.0,"gold_loss":0.0,"damage_taken":0.0},{"damage_healed":0.0,"max_hp_gain":0.0,"max_hp_loss":0.0,"gold_gain":0.0,"event_name":"Masked Bandits","player_choice":"Paid Fearfully","floor":30.0,"gold_loss":120.0,"damage_taken":0.0},{"cards_removed":["Hologram"],"damage_healed":0.0,"max_hp_gain":0.0,"max_hp_loss":0.0,"gold_gain":0.0,"event_name":"Falling","player_choice":"Removed Skill","floor":36.0,"gold_loss":0.0,"damage_taken":0.0},{"damage_healed":0.0,"max_hp_gain":0.0,"max_hp_loss":0.0,"gold_gain":0.0,"event_name":"MindBloom","player_choice":"Fight","floor":37.0,"gold_loss":0.0,"damage_taken":0.0},{"damage_healed":66.0,"max_hp_gain":0.0,"max_hp_loss":9.0,"gold_gain":0.0,"event_name":"The Moai Head","player_choice":"Heal","floor":39.0,"gold_loss":0.0,"damage_taken":0.0},{"damage_healed":0,"gold_gain":0,"player_choice":"Paid","damage_taken":0,"relics_obtained":["Red Mask"],"max_hp_gain":0,"max_hp_loss":0,"event_name":"Tomb of Lord Red Mask","floor":46,"gold_loss":72}],"is_beta":false,"boss_relics":[{"not_picked":["Sozu","Astrolabe"],"picked":"Inserter"},{"not_picked":["Cursed Key","Velvet Choker"],"picked":"Fusion Hammer"}],"items_purged_floors":[],"is_endless":false,"potions_floor_spawned":[1,10,13,14,18,20,25,33,41,48],"ascension_level":0}