{"gold_per_floor":[116,116,130,140,159,193,193,206,206,23,43,43,43,56,56,158,158,177,208,208,227,238,238,272,272],"floor_reached":25,"playtime":2465,"items_purged":[],"score":225,"play_id":"7cc93fc7-edcd-4fb9-a06e-abed75d2d3ba","local_time":"20190907180916","is_ascension_mode":false,"campfire_choices":[{"data":"Creative AI","floor":7,"key":"SMITH"},{"data":"Loop","floor":13,"key":"SMITH"},{"floor":15,"key":"REST"},{"data":"White Noise","floor":23,"key":"SMITH"}],"neow_cost":"NONE","seed_source_timestamp":20769914944035,"circlet_count":0,"master_deck":["Strike_B","Strike_B","Strike_B","Strike_B","Defend_B","Defend_B","Defend_B","Defend_B","Zap","Dualcast","Lockon","Sweeping Beam","Creative AI+1","Double Energy","Reboot","Chill+1","Loop+1","Amplify","Self Repair+1","Leap","Seek","White Noise+1","Scrape","Doom and Gloom+1","BootSequence","Leap"],"relics":["Cracked Core","Meat on the Bone","Peace Pipe","Eternal Feather","Red Mask","Sundial"],"potions_floor_usage":[6,14,24,25],"damage_taken":[{"damage":1,"enemies":"Cultist","floor":1,"turns":3},{"damage":13,"enemies":"2 Louse","floor":3,"turns":3},{"damage":11,"enemies":"Jaw Worm","floor":4,"turns":2},{"damage":2,"enemies":"Blue Slaver","floor":5,"turns":2},{"damage":13,"enemies":"3 Sentries","floor":6,"turns":9},{"damage":28,"enemies":"Exordium Thugs","floor":8,"turns":6},{"damage":16,"enemies":"3 Louse","floor":11,"turns":3},{"damage":17,"enemies":"Lots of Slimes","floor":14,"turns":5},{"damage":31,"enemies":"Slime Boss","floor":16,"turns":10},{"damage":24,"enemies":"Shell Parasite","floor":18,"turns":8},{"damage":48,"enemies":"Masked Bandits","floor":19,"turns":8},{"damage":21,"enemies":"3 Byrds","floor":21,"turns":5},{"damage":30,"enemies":"Shelled Parasite and Fungi","floor":22,"turns":7},{"damage":57,"enemies":"Book of Stabbing","floor":24,"turns":8},{"damage":28,"enemies":"Chosen and Byrds","floor":25,"turns":4}],"seed_played":"-60020321515573262","potions_obtained":[{"floor":1,"key":"SpeedPotion"},{"floor":11,"key":"EssenceOfSteel"},{"floor":14,"key":"AttackPotion"},{"floor":22,"key":"Block Potion"}],"is_trial":false,"path_per_floor":["M","?","M","M","M","E","R","M","T","$","M","?","R","M","R","B",null,"M","?","?","M","M","R","E","M"],"character_chosen":"DEFECT","items_purchased":["Loop","Amplify"],"campfire_rested":1,"item_purchase_floors":[10,10],"current_hp_per_floor":[81,81,68,57,55,42,42,26,26,26,22,22,22,27,51,42,82,68,52,52,53,45,60,25,0],"gold":272,"neow_bonus":"TEN_PERCENT_HP_BONUS","is_prod":false,"is_daily":false,"chose_seed":false,"campfire_upgraded":3,"win_rate":0.0,"timestamp":1567836556,"path_taken":["M","?","M","M","M","E","R","M","T","$","M","?","R","M","R","BOSS","M","?","?","M","M","R","E","M"],"build_version":"2019-07-17","purchased_purges":0,"victory":false,"max_hp_per_floor":[82,82,82,82,82,82,82,82,82,82,82,82,82,82,82,82,82,82,82,82,82,82,82,82,82],"card_choices":[{"not_picked":["Ball Lightning","Cold Snap"],"picked":"Lockon","floor":1},{"not_picked":["Hologram","Redo"],"picked":"Sweeping Beam","floor":3},{"not_picked":["Storm","FTL"],"picked":"Creative AI","floor":4},{"not_picked":["Sweeping Beam","Steam Power"],"picked":"Double Energy","floor":5},{"not_picked":["Compile Driver","Barrage"],"picked":"Reboot","floor":6},{"not_picked":["Redo","Go for the Eyes"],"picked":"Chill","floor":8},{"not_picked":["Rebound","Stack"],"picked":"Self Repair","floor":11},{"not_picked":["Ball Lightning","Beam Cell"],"picked":"Leap","floor":14},{"not_picked":["Buffer","Fission"],"picked":"Seek","floor":16},{"not_picked":["Stack+1","Beam Cell"],"picked":"White Noise","floor":18},{"not_picked":["Self Repair","Hello World"],"picked":"Scrape","floor":19},{"not_picked":["Loop","Ball Lightning"],"picked":"Doom and Gloom+1","floor":21},{"not_picked":["Hologram","Rebound"],"picked":"BootSequence","floor":22},{"not_picked":["Rebound","Doom and Gloom"],"picked":"Leap","floor":24}],"player_experience":33131,"relics_obtained":[{"floor":6,"key":"Meat on the Bone"},{"floor":9,"key":"Peace Pipe"},{"floor":19,"key":"Red Mask"},{"floor":24,"key":"Sundial"}],"event_choices":[{"damage_healed":0,"gold_gain":0,"player_choice":"Leave","damage_taken":0,"max_hp_gain":0,"max_hp_loss":0,"event_name":"The Cleric","floor":2,"gold_loss":0},{"damage_healed":0,"gold_gain":0,"player_choice":"Grow","damage_taken":0,"max_hp_gain":0,"max_hp_loss":0,"event_name":"Living Wall","floor":12,"gold_loss":0,"cards_upgraded":["Self Repair"]},{"damage_healed":0,"gold_gain":0,"player_choice":"Fought Bandits","damage_taken":0,"max_hp_gain":0,"max_hp_loss":0,"event_name":"Masked Bandits","floor":19,"gold_loss":0},{"damage_healed":0,"gold_gain":0,"player_choice":"Upgraded","damage_taken":0,"max_hp_gain":0,"max_hp_loss":0,"event_name":"Upgrade Shrine","floor":20,"gold_loss":0,"cards_upgraded":["Chill"]}],"is_beta":false,"boss_relics":[{"not_picked":["Calling Bell","Ectoplasm"],"picked":"Eternal Feather"}],"items_purged_floors":[],"is_endless":false,"potions_floor_spawned":[1,11,14,22],"killed_by":"Chosen and Byrds","ascension_level":0}