{"gold_per_floor":[112,132,132,132,151,176,176,20,98,127,127,15,15,90,90,90],"floor_reached":16,"playtime":1017,"items_purged":[],"score":106,"play_id":"8e6fc6da-efa0-4a3b-8d1a-4b1608ecd1d3","local_time":"20190928133245","is_ascension_mode":false,"campfire_choices":[{"floor":7,"key":"REST"},{"data":"Corruption","floor":11,"key":"SMITH"},{"data":"Reckless Charge","floor":13,"key":"SMITH"},{"data":"Feel No Pain","floor":15,"key":"SMITH"}],"neow_cost":"PERCENT_DAMAGE","seed_source_timestamp":0,"circlet_count":0,"master_deck":["Strike_R","Strike_R","Strike_R","Strike_R","Strike_R","Defend_R","Defend_R+1","Defend_R+1","Defend_R","Bash","Master of Strategy","Feel No Pain+1","Clash","Shrug It Off","Flame Barrier","Limit Break","Corruption+1","Reckless Charge+1","Burning Pact"],"special_seed":0,"relics":["Burning Blood","Smiling Mask","Omamori","Gremlin Horn","Pocketwatch"],"potions_floor_usage":[16,16],"damage_taken":[{"damage":6,"enemies":"Jaw Worm","floor":1,"turns":5},{"damage":3,"enemies":"2 Louse","floor":2,"turns":3},{"damage":1,"enemies":"Cultist","floor":5,"turns":4},{"damage":40,"enemies":"Lagavulin","floor":6,"turns":12},{"damage":1,"enemies":"3 Sentries","floor":10,"turns":18},{"damage":25,"enemies":"The Guardian","floor":16,"turns":8}],"seed_played":"5257244949216182432","potions_obtained":[{"floor":6,"key":"ElixirPotion"},{"floor":10,"key":"Ancient Potion"}],"is_trial":false,"path_per_floor":["M","M","?","?","M","E","R","$","T","E","R","$","R","?","R","B"],"character_chosen":"IRONCLAD","items_purchased":["Limit Break","Reckless Charge","Burning Pact"],"campfire_rested":1,"item_purchase_floors":[8,12,12],"current_hp_per_floor":[56,59,52,36,41,7,31,31,31,36,36,36,36,25,25,0],"gold":90,"neow_bonus":"RANDOM_COLORLESS_2","is_prod":false,"is_daily":false,"chose_seed":false,"campfire_upgraded":3,"win_rate":0,"timestamp":1569634365,"path_taken":["M","M","?","?","M","E","R","$","T","E","R","$","R","?","R","BOSS"],"build_version":"2019-09-27","purchased_purges":0,"victory":false,"max_hp_per_floor":[80,80,80,80,80,80,80,80,80,80,80,80,80,80,80,80],"card_choices":[{"not_picked":["Transmutation","Violence"],"picked":"Master of Strategy","floor":0.0},{"not_picked":["Intimidate","Clothesline"],"picked":"Feel No Pain","floor":1},{"not_picked":["Sword Boomerang","Sentinel"],"picked":"Clash","floor":2},{"not_picked":["Twin Strike","True Grit"],"picked":"Shrug It Off","floor":5},{"not_picked":["Pummel","Corruption"],"picked":"Flame Barrier","floor":6},{"not_picked":["Anger","Wild Strike"],"picked":"Corruption","floor":10}],"player_experience":116690,"relics_obtained":[{"floor":6,"key":"Omamori"},{"floor":9,"key":"Gremlin Horn"},{"floor":10,"key":"Pocketwatch"}],"event_choices":[{"damage_healed":0,"gold_gain":0,"player_choice":"Success","damage_taken":7,"relics_obtained":["Smiling Mask"],"max_hp_gain":0,"max_hp_loss":0,"event_name":"Scrap Ooze","floor":3,"gold_loss":0},{"damage_healed":0,"gold_gain":0,"player_choice":"Entered Light","damage_taken":16,"max_hp_gain":0,"max_hp_loss":0,"event_name":"Shining Light","floor":4,"gold_loss":0,"cards_upgraded":["Defend_R","Defend_R"]},{"damage_healed":0,"gold_gain":75,"player_choice":"Gather Gold","damage_taken":11,"max_hp_gain":0,"max_hp_loss":0,"event_name":"World of Goop","floor":14,"gold_loss":0}],"is_beta":true,"boss_relics":[],"items_purged_floors":[],"is_endless":false,"potions_floor_spawned":[6,10],"killed_by":"The Guardian","ascension_level":0}