{"gold_per_floor":[113,124,40,55,71,88,88,113,113,113,38,38,57,74,74,146,146,164,164,164],"floor_reached":20,"playtime":865,"items_purged":["Strike_B"],"score":352,"play_id":"53c056cd-9277-4c50-a097-66a1532fb514","local_time":"20191012161903","is_ascension_mode":true,"campfire_choices":[{"data":"Streamline","floor":7,"key":"SMITH"},{"data":"Capacitor","floor":12,"key":"SMITH"},{"data":"Genetic Algorithm","floor":15,"key":"SMITH"}],"neow_cost":"PERCENT_DAMAGE","seed_source_timestamp":1189336955089600,"circlet_count":0,"master_deck":["AscendersBane","Strike_B","Strike_B","Strike_B","Defend_B","Defend_B","Defend_B","Defend_B","Zap","Dualcast","Self Repair","Streamline+1","Capacitor+1","Redo","Gash","Heatsinks","White Noise","Genetic Algorithm+1","Echo Form","Stack"],"relics":["Cracked Core","Pocketwatch","Pen Nib","Meat on the Bone","Runic Dome"],"potions_floor_usage":[5,16,18],"damage_taken":[{"damage":5,"enemies":"Small Slimes","floor":1,"turns":3},{"damage":1,"enemies":"Cultist","floor":2,"turns":3},{"damage":1,"enemies":"2 Louse","floor":4,"turns":3},{"damage":6,"enemies":"2 Fungi Beasts","floor":5,"turns":4},{"damage":6,"enemies":"Looter","floor":6,"turns":2},{"damage":25,"enemies":"Lagavulin","floor":8,"turns":7},{"damage":11,"enemies":"Blue Slaver","floor":13,"turns":4},{"damage":52,"enemies":"Gremlin Gang","floor":14,"turns":4},{"damage":17,"enemies":"Slime Boss","floor":16,"turns":8},{"damage":31,"enemies":"3 Byrds","floor":18,"turns":3},{"damage":56,"enemies":"Chosen","floor":20,"turns":6}],"seed_played":"-854743700037685915","potions_obtained":[{"floor":2,"key":"SpeedPotion"},{"floor":8,"key":"GamblersBrew"},{"floor":14,"key":"LiquidBronze"},{"floor":18,"key":"Ancient Potion"}],"is_trial":false,"path_per_floor":["M","M","$","M","M","M","R","E","T","?","$","R","M","M","R","B",null,"M","?","M"],"character_chosen":"DEFECT","items_purchased":["Capacitor"],"campfire_rested":0,"item_purchase_floors":[3],"current_hp_per_floor":[41,47,47,53,54,48,48,30,30,71,71,71,67,34,34,36,62,50,50,0],"gold":164,"neow_bonus":"ONE_RARE_RELIC","is_prod":false,"is_daily":false,"chose_seed":false,"campfire_upgraded":3,"win_rate":0,"timestamp":1570889943,"path_taken":["M","M","$","M","M","M","R","E","T","?","$","R","M","?","R","BOSS","M","?","M"],"build_version":"2019-07-17","purchased_purges":1,"victory":false,"max_hp_per_floor":[71,71,71,71,71,71,71,71,71,71,71,71,71,71,71,71,71,71,71,71],"card_choices":[{"not_picked":["Barrage","Heatsinks"],"picked":"Self Repair","floor":1},{"not_picked":["Double Energy","Steam"],"picked":"Streamline","floor":2},{"not_picked":["FTL","Beam Cell"],"picked":"Redo","floor":4},{"not_picked":["Redo","Gash"],"picked":"Rip and Tear","floor":5},{"not_picked":["Doom and Gloom","Double Energy"],"picked":"Gash","floor":6},{"not_picked":["Recycle","Fission"],"picked":"Heatsinks","floor":8},{"not_picked":["Barrage","Redo"],"picked":"White Noise","floor":13},{"not_picked":["Tempest","Hologram"],"picked":"Genetic Algorithm","floor":14},{"not_picked":["Hyperbeam","Thunder Strike"],"picked":"Echo Form","floor":16},{"not_picked":["Rebound","Turbo"],"picked":"Stack","floor":18}],"player_experience":473558,"relics_obtained":[{"floor":8,"key":"Pen Nib"},{"floor":9,"key":"Meat on the Bone"}],"event_choices":[{"cards_removed":["Rip and Tear"],"damage_healed":41,"gold_gain":0,"player_choice":"Offered Uncommon","damage_taken":0,"max_hp_gain":0,"max_hp_loss":0,"event_name":"Bonfire Elementals","floor":10,"gold_loss":0},{"damage_healed":0,"gold_gain":0,"player_choice":"Ignored","damage_taken":0,"max_hp_gain":0,"max_hp_loss":0,"event_name":"Vampires","floor":19,"gold_loss":0}],"is_beta":false,"boss_relics":[{"not_picked":["Tiny House","Lizard Tail"],"picked":"Runic Dome"}],"items_purged_floors":[11],"is_endless":false,"potions_floor_spawned":[2,8,14,18],"killed_by":"Chosen","ascension_level":20}