{"gold_per_floor":[116,116,126,137,10,10,45,65,65,65,95,106,123,140,140,214,214,228,241,241,241,256,256,43,43,119,144,162,162,179,205,205,280,280,297,316,367,367,387,402,9,19,42,42,60,60,60,73,73,73],"floor_reached":50,"playtime":2698,"items_purged":["Doubt","Strike_B"],"score":1067,"play_id":"83d4e6eb-938b-4d4c-8adf-5a5e800dab1f","local_time":"20191011183147","is_ascension_mode":true,"campfire_choices":[{"data":"Genetic Algorithm","floor":6.0,"key":"SMITH"},{"floor":10.0,"key":"REST"},{"data":"Zap","floor":15.0,"key":"SMITH"},{"data":"Buffer","floor":23.0,"key":"SMITH"},{"data":"Chill","floor":29.0,"key":"SMITH"},{"data":"Defragment","floor":32.0,"key":"SMITH"},{"data":"Hologram","floor":46,"key":"SMITH"},{"floor":49,"key":"REST"}],"neow_cost":"CURSE","seed_source_timestamp":1108532565211300,"circlet_count":0,"master_deck":["AscendersBane","Strike_B+1","Defend_B+1","Defend_B","Defend_B","Defend_B+1","Zap+1","Dualcast","Gash+1","Gash","Genetic Algorithm+1","Gash","Stack","Defragment+1","All For One","Gash","Leap","Buffer+1","Conserve Battery","Skim","Doom and Gloom","Self Repair","Decay","Stack","Echo Form","Chill+1","Gash","Beam Cell","Reboot","FTL","Conserve Battery+1","Cold Snap+1","Writhe","Hologram+1","Hologram+1","Apotheosis+1","Gash","Gash+1","Clumsy","Stack+1","Mind Blast","Stack"],"special_seed":0,"relics":["Cracked Core","Torii","Mercury Hourglass","Odd Mushroom","Pear","War Paint","Inserter","Lee\u0027s Waffle","Blue Candle","Letter Opener","Symbiotic Virus","Cursed Key","Turnip","Membership Card","Blood Vial"],"potions_floor_usage":[50],"damage_taken":[{"damage":8.0,"enemies":"Jaw Worm","floor":1.0,"turns":4.0},{"damage":1.0,"enemies":"2 Louse","floor":3.0,"turns":3.0},{"damage":0.0,"enemies":"Small Slimes","floor":4.0,"turns":2.0},{"damage":13.0,"enemies":"3 Sentries","floor":7.0,"turns":6.0},{"damage":8.0,"enemies":"The Mushroom Lair","floor":8.0,"turns":3.0},{"damage":11.0,"enemies":"Lagavulin","floor":11.0,"turns":5.0},{"damage":0.0,"enemies":"3 Louse","floor":12.0,"turns":2.0},{"damage":9.0,"enemies":"Red Slaver","floor":13.0,"turns":3.0},{"damage":0.0,"enemies":"Large Slime","floor":14.0,"turns":4.0},{"damage":22.0,"enemies":"The Guardian","floor":16.0,"turns":8.0},{"damage":0.0,"enemies":"Chosen","floor":18.0,"turns":3.0},{"damage":19.0,"enemies":"2 Thieves","floor":19.0,"turns":5.0},{"damage":8.0,"enemies":"Centurion and Healer","floor":22.0,"turns":7.0},{"damage":29.0,"enemies":"Gremlin Leader","floor":27.0,"turns":6.0},{"damage":1.0,"enemies":"3 Cultists","floor":28.0,"turns":4.0},{"damage":16.0,"enemies":"Shelled Parasite and Fungi","floor":30.0,"turns":4.0},{"damage":31.0,"enemies":"Book of Stabbing","floor":31.0,"turns":5.0},{"damage":23.0,"enemies":"Automaton","floor":33.0,"turns":9.0},{"damage":0.0,"enemies":"3 Shapes","floor":35.0,"turns":5.0},{"damage":10.0,"enemies":"Orb Walker","floor":36.0,"turns":3.0},{"damage":11.0,"enemies":"2 Orb Walkers","floor":37.0,"turns":4.0},{"damage":1.0,"enemies":"Maw","floor":39.0,"turns":6.0},{"damage":30.0,"enemies":"Writhing Mass","floor":40.0,"turns":7.0},{"damage":11.0,"enemies":"Sphere and 2 Shapes","floor":42.0,"turns":4.0},{"damage":3,"enemies":"4 Shapes","floor":45,"turns":5},{"damage":27,"enemies":"Jaw Worm Horde","floor":48,"turns":6},{"damage":70,"enemies":"Time Eater","floor":50,"turns":9}],"seed_played":"4398852437869972858","potions_obtained":[{"floor":8.0,"key":"Fire Potion"},{"floor":11.0,"key":"AttackPotion"},{"floor":12.0,"key":"PowerPotion"},{"floor":18.0,"key":"SkillPotion"},{"floor":27.0,"key":"Swift Potion"},{"floor":33.0,"key":"Fire Potion"},{"floor":36.0,"key":"AttackPotion"},{"floor":37.0,"key":"Strength Potion"},{"floor":40.0,"key":"LiquidBronze"},{"floor":45,"key":"PowerPotion"}],"is_trial":false,"path_per_floor":["M","?","M","M","$","R","E","?","T","R","E","M","M","M","R","B",null,"M","M","?","?","M","R","$","?","T","E","M","R","M","E","R","B",null,"M","M","?","?","M","M","$","M","T","?","M","R","?","M","R","B"],"character_chosen":"DEFECT","items_purchased":["Gash","Lee\u0027s Waffle","Membership Card","Apotheosis","Gash"],"campfire_rested":2,"item_purchase_floors":[5,24,41,41,41],"current_hp_per_floor":[56,35,34,34,34,34,21,13,23,47,36,36,27,27,27,5,62,62,43,43,43,42,42,88,88,88,66,72,72,63,46,46,30,74,74,64,53,71,70,54,54,43,43,43,56,56,56,41,67,0],"gold":73,"neow_bonus":"ONE_RARE_RELIC","is_prod":false,"is_daily":false,"chose_seed":false,"campfire_upgraded":6,"win_rate":0,"timestamp":1570811507,"path_taken":["M","?","M","M","$","R","E","?","T","R","E","M","M","M","R","BOSS","M","M","?","?","M","R","$","?","T","E","M","R","M","E","R","BOSS","M","M","?","?","M","M","$","M","T","?","?","R","?","M","R","BOSS"],"build_version":"2019-07-17","purchased_purges":2,"victory":false,"max_hp_per_floor":[71,71,71,71,71,71,71,71,81,81,81,81,81,81,81,81,81,81,81,81,81,81,81,88,88,88,88,88,88,88,88,88,88,88,88,88,88,88,88,88,88,88,88,88,88,88,88,88,88,88],"card_choices":[{"not_picked":["Turbo","Stack"],"picked":"Gash","floor":1.0},{"not_picked":["Chaos","Scrape"],"picked":"Gash","floor":3.0},{"not_picked":["Beam Cell","Redo"],"picked":"Genetic Algorithm","floor":4.0},{"not_picked":["Turbo","Auto Shields"],"picked":"Stack","floor":7.0},{"not_picked":["Streamline","Steam Power"],"picked":"Defragment","floor":8.0},{"not_picked":["Barrage","Chill"],"picked":"All For One","floor":11.0},{"not_picked":["Streamline","Defragment"],"picked":"Gash","floor":12.0},{"not_picked":["Doom and Gloom","Recycle","Aggregate"],"picked":"SKIP","floor":13.0},{"not_picked":["Sweeping Beam","Doom and Gloom"],"picked":"Leap","floor":14.0},{"not_picked":["Amplify","Creative AI"],"picked":"Buffer","floor":16.0},{"not_picked":["Steam","Beam Cell"],"picked":"Conserve Battery","floor":18.0},{"not_picked":["Aggregate","Sweeping Beam"],"picked":"Skim","floor":19.0},{"not_picked":["Turbo+1","Sweeping Beam"],"picked":"Stack","floor":22.0},{"not_picked":["Undo","Hyperbeam","Rip and Tear"],"picked":"SKIP","floor":27.0},{"not_picked":["Undo","Hyperbeam","Rip and Tear"],"picked":"SKIP","floor":27.0},{"not_picked":["Cold Snap","BootSequence"],"picked":"Chill","floor":28.0},{"not_picked":["Streamline","Skim+1"],"picked":"Gash","floor":30.0},{"not_picked":["Melter","Turbo"],"picked":"Beam Cell","floor":31.0},{"not_picked":["Meteor Strike","Fission"],"picked":"Reboot","floor":33.0},{"not_picked":["Conserve Battery","Doom and Gloom"],"picked":"FTL","floor":35.0},{"not_picked":["Blizzard","Turbo"],"picked":"Conserve Battery+1","floor":36.0},{"not_picked":["Turbo","Storm"],"picked":"Cold Snap+1","floor":37.0},{"not_picked":["Heatsinks","Turbo+1"],"picked":"Hologram","floor":39.0},{"not_picked":["Genetic Algorithm","Echo Form"],"picked":"Hologram+1","floor":40.0},{"not_picked":["Cold Snap","FTL+1"],"picked":"Gash+1","floor":42.0},{"not_picked":["Go for the Eyes","Hologram"],"picked":"Stack+1","floor":45},{"not_picked":["Deep Breath","Dark Shackles"],"picked":"Mind Blast","floor":47},{"not_picked":["Hyperbeam","Undo+1"],"picked":"Stack","floor":48}],"player_experience":456072,"relics_obtained":[{"floor":7.0,"key":"Mercury Hourglass"},{"floor":8.0,"key":"Odd Mushroom"},{"floor":9.0,"key":"Pear"},{"floor":11.0,"key":"War Paint"},{"floor":26.0,"key":"Blue Candle"},{"floor":27.0,"key":"Letter Opener"},{"floor":31.0,"key":"Symbiotic Virus"},{"floor":37.0,"key":"Turnip"},{"floor":43.0,"key":"Blood Vial"}],"event_choices":[{"damage_healed":0.0,"max_hp_gain":0.0,"max_hp_loss":0.0,"gold_gain":0.0,"event_name":"Shining Light","player_choice":"Entered Light","floor":2.0,"gold_loss":0.0,"damage_taken":21.0,"cards_upgraded":["Strike_B","Gash"]},{"damage_healed":0.0,"max_hp_gain":0.0,"max_hp_loss":0.0,"gold_gain":0.0,"event_name":"Mushrooms","player_choice":"Fought Mushrooms","floor":8.0,"gold_loss":0.0,"damage_taken":0.0},{"damage_healed":0.0,"max_hp_gain":0.0,"max_hp_loss":0.0,"gold_gain":0.0,"cards_transformed":["Strike_B","Strike_B"],"event_name":"Drug Dealer","player_choice":"Became Test Subject","floor":20.0,"gold_loss":0.0,"damage_taken":0.0,"cards_obtained":["Doom and Gloom","Self Repair"]},{"damage_healed":0.0,"max_hp_gain":0.0,"max_hp_loss":0.0,"gold_gain":0.0,"event_name":"Forgotten Altar","player_choice":"Smashed Altar","floor":21.0,"gold_loss":0.0,"damage_taken":0.0,"cards_obtained":["Decay"]},{"damage_healed":0.0,"max_hp_gain":0.0,"max_hp_loss":0.0,"gold_gain":0.0,"event_name":"The Library","player_choice":"Read","floor":25.0,"gold_loss":0.0,"damage_taken":0.0,"cards_obtained":["Echo Form"]},{"damage_healed":0.0,"max_hp_gain":0.0,"max_hp_loss":0.0,"gold_gain":0.0,"event_name":"Mysterious Sphere","player_choice":"Fight","floor":37.0,"gold_loss":0.0,"damage_taken":0.0},{"damage_healed":18.0,"max_hp_gain":0.0,"max_hp_loss":0.0,"gold_gain":0.0,"event_name":"Winding Halls","player_choice":"Writhe","floor":38.0,"gold_loss":0.0,"damage_taken":0.0,"cards_obtained":["Writhe"]},{"damage_healed":0.0,"max_hp_gain":0.0,"max_hp_loss":0.0,"gold_gain":0.0,"event_name":"Accursed Blacksmith","player_choice":"Forge","floor":44.0,"gold_loss":0.0,"damage_taken":0.0,"cards_upgraded":["Apotheosis"]},{"damage_healed":0,"gold_gain":0,"player_choice":"Memory 1","damage_taken":0,"max_hp_gain":0,"max_hp_loss":0,"event_name":"SensoryStone","floor":47,"gold_loss":0}],"is_beta":false,"boss_relics":[{"not_picked":["Tiny House","Philosopher\u0027s Stone"],"picked":"Inserter"},{"not_picked":["White Beast Statue","Empty Cage"],"picked":"Cursed Key"}],"items_purged_floors":[5,41],"is_endless":false,"potions_floor_spawned":[8,11,12,14,18,27,33,36,37,40,45,48],"killed_by":"Time Eater","ascension_level":20}