{"gold_per_floor":[10,29,49,62,77,108,127,161,188,208,234,234,260,260,260,356,356,375,650,6,23,50,83,83,93,93,112,19,19,19,44,44,143,143,157,84,84,84,99,134,134,179,179,31,31],"floor_reached":45,"playtime":3777,"items_purged":["Regret"],"score":724,"play_id":"f1ced202-0837-4ce8-9610-9856e3e43b6c","local_time":"20191003131941","is_ascension_mode":true,"campfire_choices":[{"floor":12,"key":"REST"},{"data":"Distraction","floor":15,"key":"SMITH"},{"floor":24,"key":"REST"},{"floor":32,"key":"REST"},{"floor":41,"key":"RECALL"}],"neow_cost":"NO_GOLD","seed_source_timestamp":15550597713075,"circlet_count":0,"master_deck":["Survivor","Neutralize","Underhanded Strike","Reflex","Backflip","All Out Attack","Leg Sweep","Well Laid Plans","Distraction+1","Outmaneuver","Envenom","Acrobatics","PiercingWail","Blade Dance","Venomology","Bane+1","Apotheosis+1","Noxious Fumes","Blur","Catalyst+1","Blade Dance","Footwork+1","Cloak And Dagger","Noxious Fumes","Adrenaline","Grand Finale","Reflex","Noxious Fumes","Doppelganger","Distraction","Adrenaline","Underhanded Strike","Caltrops","Catalyst+1","Infinite Blades","Madness","Madness","Dagger Throw+1","Blade Dance+1"],"relics":["Ring of the Snake","Ninja Scroll","Peace Pipe","Vajra","Matryoshka","Anchor","SacredBark","Gambling Chip","Red Mask","Regal Pillow","Blue Candle","Oddly Smooth Stone","Toy Ornithopter","Pantograph","Pandora\u0027s Box","Ancient Tea Set","Nunchaku","Toxic Egg 2","Sling"],"potions_floor_usage":[11,13,16,16,18,18,22,22,22,23,23,25,27,27,33,33,33,39,40,42,42,45,45,45,45],"damage_taken":[{"damage":0,"enemies":"2 Louse","floor":1,"turns":3},{"damage":2,"enemies":"Cultist","floor":2,"turns":4},{"damage":0,"enemies":"Small Slimes","floor":3,"turns":4},{"damage":0,"enemies":"Blue Slaver","floor":4,"turns":4},{"damage":5,"enemies":"3 Louse","floor":5,"turns":3},{"damage":12,"enemies":"Gremlin Nob","floor":6,"turns":5},{"damage":6,"enemies":"Lots of Slimes","floor":7,"turns":4},{"damage":13,"enemies":"Lagavulin","floor":8,"turns":6},{"damage":0,"enemies":"Looter","floor":10,"turns":3},{"damage":15,"enemies":"Gremlin Nob","floor":11,"turns":4},{"damage":18,"enemies":"Lagavulin","floor":13,"turns":7},{"damage":16,"enemies":"Slime Boss","floor":16,"turns":10},{"damage":0,"enemies":"Chosen","floor":18,"turns":5},{"damage":0,"enemies":"Shell Parasite","floor":21,"turns":3},{"damage":57,"enemies":"Masked Bandits","floor":22,"turns":8},{"damage":17,"enemies":"Book of Stabbing","floor":23,"turns":5},{"damage":0,"enemies":"Snecko","floor":25,"turns":4},{"damage":10,"enemies":"Snake Plant","floor":27,"turns":4},{"damage":22,"enemies":"Slavers","floor":31,"turns":6},{"damage":0,"enemies":"Champ","floor":33,"turns":8},{"damage":18,"enemies":"3 Darklings","floor":35,"turns":4},{"damage":0,"enemies":"Orb Walker","floor":39,"turns":4},{"damage":10,"enemies":"Reptomancer","floor":40,"turns":5},{"damage":34,"enemies":"2 Orb Walkers","floor":42,"turns":6},{"damage":59,"enemies":"Nemesis","floor":45,"turns":4}],"seed_played":"-404464293417291296","potions_obtained":[{"floor":4,"key":"Dexterity Potion"},{"floor":7,"key":"Swift Potion"},{"floor":10,"key":"GamblersBrew"},{"floor":14,"key":"DuplicationPotion"},{"floor":14,"key":"Explosive Potion"},{"floor":16,"key":"Block Potion"},{"floor":18,"key":"DuplicationPotion"},{"floor":22,"key":"Fruit Juice"},{"floor":23,"key":"Swift Potion"},{"floor":27,"key":"DuplicationPotion"},{"floor":35,"key":"Explosive Potion"}],"is_trial":false,"path_per_floor":["M","M","M","M","M","E","M","E","T","M","E","R","E","?","R","B",null,"M","?","$","M","?","E","R","M","T","M","$","?","?","E","R","B",null,"M","$","?","?","M","E","R","?","T","$","E"],"character_chosen":"THE_SILENT","items_purchased":["Apotheosis","Noxious Fumes","Gambling Chip","Cloak And Dagger","Noxious Fumes","Infinite Blades","Sling"],"campfire_rested":3,"item_purchase_floors":[20,20,20,28,28,36,44],"current_hp_per_floor":[70,68,68,68,63,51,45,32,32,32,17,38,20,20,20,4,70,70,70,70,70,23,6,45,45,45,35,35,35,35,13,52,80,80,62,62,52,52,57,52,52,28,28,28,0],"gold":31,"neow_bonus":"TRANSFORM_TWO_CARDS","is_prod":false,"is_daily":false,"chose_seed":false,"campfire_upgraded":1,"win_rate":0,"timestamp":1570061981,"path_taken":["M","M","M","M","M","E","M","E","T","M","E","R","E","?","R","BOSS","M","?","?","M","?","E","R","M","T","M","?","?","?","E","R","BOSS","M","?","?","?","M","E","R","?","T","?","E"],"build_version":"2019-10-02","purchased_purges":1,"victory":false,"max_hp_per_floor":[70,70,70,70,70,70,70,70,70,70,70,70,70,70,70,70,70,70,70,70,70,80,80,80,80,80,80,80,80,80,80,80,80,80,80,80,80,80,80,80,80,80,80,80,80],"card_choices":[{"not_picked":["Poisoned Stab","Sucker Punch"],"picked":"Backflip","floor":1},{"not_picked":["Flechettes","Deflect"],"picked":"All Out Attack","floor":2},{"not_picked":["Blade Dance","Underhanded Strike"],"picked":"Leg Sweep","floor":3},{"not_picked":["Acrobatics","Blade Dance"],"picked":"Well Laid Plans","floor":4},{"not_picked":["Predator","Infinite Blades"],"picked":"Distraction","floor":5},{"not_picked":["Bouncing Flask","Deflect"],"picked":"Outmaneuver","floor":6},{"not_picked":["Endless Agony","Predator"],"picked":"Envenom","floor":7},{"not_picked":["Skewer","Distraction"],"picked":"Acrobatics","floor":8},{"not_picked":["Expertise","Dodge and Roll"],"picked":"PiercingWail","floor":10},{"not_picked":["Dash","Crippling Poison"],"picked":"Unload","floor":11},{"not_picked":["Endless Agony","Masterful Stab"],"picked":"Blade Dance","floor":13},{"not_picked":["Glass Knife","Burst"],"picked":"Venomology","floor":16},{"not_picked":["Dagger Spray","Flechettes+1"],"picked":"Bane+1","floor":18},{"not_picked":["Well Laid Plans+1","Prepared"],"picked":"Blur","floor":21},{"not_picked":["Dodge and Roll","Quick Slash+1"],"picked":"Catalyst+1","floor":23},{"not_picked":["Deadly Poison","Reflex"],"picked":"Blade Dance","floor":25},{"not_picked":["Night Terror","Noxious Fumes"],"picked":"Footwork+1","floor":27},{"not_picked":["Dagger Throw","Concentrate","Blade Dance"],"picked":"SKIP","floor":31},{"not_picked":["Die Die Die","Envenom"],"picked":"Adrenaline","floor":33},{"not_picked":["Quick Slash","Well Laid Plans"],"picked":"Catalyst+1","floor":35},{"not_picked":["Concentrate+1","Reflex"],"picked":"Dagger Throw+1","floor":39},{"not_picked":["Backflip","Bane+1","Sucker Punch"],"picked":"SKIP","floor":40},{"not_picked":["Deadly Poison","Quick Slash"],"picked":"Blade Dance+1","floor":42}],"player_experience":137469,"relics_obtained":[{"floor":6,"key":"Ninja Scroll"},{"floor":8,"key":"Peace Pipe"},{"floor":9,"key":"Vajra"},{"floor":11,"key":"Matryoshka"},{"floor":13,"key":"Anchor"},{"floor":22,"key":"Red Mask"},{"floor":23,"key":"Regal Pillow"},{"floor":26,"key":"Blue Candle"},{"floor":26,"key":"Oddly Smooth Stone"},{"floor":31,"key":"Pantograph"},{"floor":40,"key":"Ancient Tea Set"},{"floor":42,"key":"Nunchaku"},{"floor":43,"key":"Toxic Egg 2"}],"event_choices":[{"damage_healed":0,"gold_gain":0,"player_choice":"Got Potions","damage_taken":0,"max_hp_gain":0,"max_hp_loss":0,"event_name":"Lab","floor":14,"gold_loss":0},{"damage_healed":0,"gold_gain":275,"player_choice":"Desecrate","damage_taken":0,"max_hp_gain":0,"max_hp_loss":0,"event_name":"Golden Shrine","floor":19,"gold_loss":0,"cards_obtained":["Regret"]},{"damage_healed":0,"gold_gain":0,"player_choice":"Fought Bandits","damage_taken":0,"max_hp_gain":0,"max_hp_loss":0,"event_name":"Masked Bandits","floor":22,"gold_loss":0},{"damage_healed":0,"gold_gain":0,"player_choice":"Opened","damage_taken":0,"relics_obtained":["Toy Ornithopter"],"max_hp_gain":0,"max_hp_loss":0,"event_name":"The Mausoleum","floor":29,"gold_loss":0},{"damage_healed":0,"gold_gain":0,"player_choice":"Forge","damage_taken":0,"max_hp_gain":0,"max_hp_loss":0,"event_name":"Accursed Blacksmith","floor":30,"gold_loss":0,"cards_upgraded":["Apotheosis"]},{"damage_healed":0,"gold_gain":0,"player_choice":"Embrace Madness","damage_taken":10,"max_hp_gain":0,"max_hp_loss":0,"event_name":"Winding Halls","floor":37,"gold_loss":0,"cards_obtained":["Madness","Madness"]},{"cards_removed":["Unload"],"damage_healed":0,"gold_gain":0,"player_choice":"Removed Attack","damage_taken":0,"max_hp_gain":0,"max_hp_loss":0,"event_name":"Falling","floor":38,"gold_loss":0},{"damage_healed":0,"gold_gain":0,"player_choice":"Fight","damage_taken":0,"max_hp_gain":0,"max_hp_loss":0,"event_name":"Mysterious Sphere","floor":42,"gold_loss":0}],"is_beta":true,"boss_relics":[{"not_picked":["Ectoplasm","Velvet Choker"],"picked":"SacredBark"},{"not_picked":["Snecko Eye","Fusion Hammer"],"picked":"Pandora\u0027s Box"}],"items_purged_floors":[20],"is_endless":false,"potions_floor_spawned":[4,7,10,16,18,22,23,27,31,35],"killed_by":"Nemesis","ascension_level":3}