{"gold_per_floor":[410,410,429,441,406,441,27,45,68,93,113,113,113],"floor_reached":13,"playtime":787,"items_purged":[],"score":100,"play_id":"563be3d5-a945-43aa-8b3e-9174555a4371","local_time":"20191004143100","is_ascension_mode":true,"campfire_choices":[],"neow_cost":"PERCENT_DAMAGE","seed_source_timestamp":7557686125617,"circlet_count":0,"master_deck":["Strike_B","Strike_B","Strike_B","Strike_B","Defend_B","Defend_B","Defend_B","Defend_B","Zap","Dualcast","Cold Snap","Auto Shields","Turbo","Chill","Echo Form","Master of Strategy","Fusion","FTL","Loop","Buffer","Capacitor"],"relics":["Cracked Core","Old Coin","Omamori","InkBottle","Sundial","Matryoshka"],"potions_floor_usage":[8],"damage_taken":[{"damage":1,"enemies":"Small Slimes","floor":1,"turns":3},{"damage":0,"enemies":"2 Louse","floor":3,"turns":2},{"damage":1,"enemies":"Jaw Worm","floor":4,"turns":4},{"damage":49,"enemies":"Gremlin Nob","floor":6,"turns":5},{"damage":7,"enemies":"Exordium Thugs","floor":8,"turns":8},{"damage":5,"enemies":"3 Sentries","floor":10,"turns":10},{"damage":2,"enemies":"Lots of Slimes","floor":11,"turns":6},{"damage":8,"enemies":"Gremlin Gang","floor":13,"turns":1}],"seed_played":"4908293787137409058","potions_obtained":[{"floor":6,"key":"SpeedPotion"}],"is_trial":false,"path_per_floor":["M","?","M","M","?","E","$","M","T","E","M","T","M"],"character_chosen":"DEFECT","items_purchased":["Echo Form","Master of Strategy","Fusion","FTL"],"campfire_rested":0,"item_purchase_floors":[7,7,7,7],"current_hp_per_floor":[53,50,50,49,67,18,18,11,11,6,4,4,0],"gold":113,"neow_bonus":"ONE_RARE_RELIC","is_prod":false,"is_daily":false,"chose_seed":false,"campfire_upgraded":0,"win_rate":0,"timestamp":1570152660,"path_taken":["M","?","M","M","?","E","$","?","T","E","M","?","M"],"build_version":"2019-10-03","purchased_purges":0,"victory":false,"max_hp_per_floor":[75,75,75,75,75,75,75,75,75,75,75,75,75],"card_choices":[{"not_picked":["Leap","Compile Driver"],"picked":"Cold Snap","floor":1},{"not_picked":["Sweeping Beam","Redo"],"picked":"Auto Shields","floor":3},{"not_picked":["Steam","Rebound"],"picked":"Turbo","floor":4},{"not_picked":["Barrage","Auto Shields"],"picked":"Chill","floor":6},{"not_picked":["Cold Snap","Conserve Battery"],"picked":"Loop","floor":8},{"not_picked":["Undo","Conserve Battery"],"picked":"Buffer","floor":10},{"not_picked":["Recycle","Sunder"],"picked":"Capacitor","floor":11}],"player_experience":144634,"relics_obtained":[{"floor":6,"key":"InkBottle"},{"floor":10,"key":"Sundial"},{"floor":12,"key":"Matryoshka"}],"event_choices":[{"damage_healed":0,"gold_gain":0,"player_choice":"Success","damage_taken":3,"relics_obtained":["Omamori"],"max_hp_gain":0,"max_hp_loss":0,"event_name":"Scrap Ooze","floor":2,"gold_loss":0},{"damage_healed":18,"gold_gain":0,"player_choice":"Healed","damage_taken":0,"max_hp_gain":0,"max_hp_loss":0,"event_name":"The Cleric","floor":5,"gold_loss":35}],"is_beta":true,"boss_relics":[],"items_purged_floors":[],"is_endless":false,"potions_floor_spawned":[6],"killed_by":"Gremlin Gang","ascension_level":1}