{"gold_per_floor":[110,185,70,83,97,126,126,145,145,145,159,170,73,87,87,191,191,208,237,248,248,163,163,231,231],"floor_reached":25,"playtime":2653,"items_purged":[],"score":203,"play_id":"7f0c4a3f-8375-4a96-8ca9-e1025f30588e","local_time":"20190903235703","is_ascension_mode":false,"campfire_choices":[{"floor":7,"key":"REST"},{"data":"Anger","floor":10,"key":"SMITH"},{"data":"Rampage","floor":15,"key":"SMITH"},{"floor":23,"key":"REST"}],"neow_cost":"","seed_source_timestamp":22387245256882,"circlet_count":0,"master_deck":["Strike_R","Strike_R","Strike_R","Strike_R","Strike_R","Defend_R","Defend_R","Defend_R","Defend_R","Bash","Shrug It Off","Anger+1","Headbutt","Feel No Pain","Rampage+1","Corruption+1","Fiend Fire","Cleave","Power Through","Seeing Red","Demon Form+1","Rupture+1","Combust+1","Metallicize+1"],"relics":["Burning Blood","Strawberry","FossilizedHelix","Frozen Egg 2","Lizard Tail","Red Mask","Enchiridion","Letter Opener","Gremlin Horn"],"potions_floor_usage":[19],"damage_taken":[{"damage":12,"enemies":"Small Slimes","floor":1,"turns":5},{"damage":2,"enemies":"Jaw Worm","floor":4,"turns":5},{"damage":1,"enemies":"Cultist","floor":5,"turns":3},{"damage":30,"enemies":"3 Sentries","floor":6,"turns":10},{"damage":6,"enemies":"2 Fungi Beasts","floor":8,"turns":4},{"damage":0,"enemies":"Blue Slaver","floor":11,"turns":2},{"damage":5,"enemies":"Looter","floor":12,"turns":3},{"damage":2,"enemies":"Exordium Wildlife","floor":14,"turns":5},{"damage":55,"enemies":"The Guardian","floor":16,"turns":13},{"damage":12,"enemies":"Shell Parasite","floor":18,"turns":4},{"damage":51,"enemies":"Masked Bandits","floor":19,"turns":7},{"damage":47,"enemies":"3 Byrds","floor":20,"turns":6},{"damage":55,"enemies":"Gremlin Leader","floor":25,"turns":4}],"seed_played":"-7498488419388114511","potions_obtained":[{"floor":4,"key":"SkillPotion"},{"floor":5,"key":"SteroidPotion"},{"floor":11,"key":"SkillPotion"},{"floor":16,"key":"Dexterity Potion"}],"is_trial":false,"path_per_floor":["M","?","?","M","M","E","R","M","T","R","M","M","$","M","R","B",null,"M","?","M","?","?","R","T","E"],"character_chosen":"IRONCLAD","items_purchased":["Cleave","Power Through"],"campfire_rested":2,"item_purchase_floors":[13,13],"current_hp_per_floor":[74,63,70,74,79,55,81,81,81,81,87,87,87,87,87,38,87,81,36,38,22,22,48,48,0],"gold":231,"neow_bonus":"","is_prod":false,"is_daily":false,"chose_seed":false,"campfire_upgraded":2,"win_rate":0.0,"timestamp":1567511823,"path_taken":["M","?","?","M","M","E","R","?","T","R","M","M","$","M","R","BOSS","M","?","M","?","?","R","?","E"],"build_version":"2019-07-17","purchased_purges":0,"victory":false,"max_hp_per_floor":[80,80,87,87,87,87,87,87,87,87,87,87,87,87,87,87,87,87,87,87,87,87,87,87,87],"card_choices":[{"not_picked":["True Grit","Carnage"],"picked":"Shrug It Off","floor":1},{"not_picked":["Twin Strike","Shockwave"],"picked":"Anger","floor":4},{"not_picked":["Clash","Burning Pact"],"picked":"Headbutt","floor":5},{"not_picked":["Perfected Strike","Clothesline"],"picked":"Feel No Pain","floor":6},{"not_picked":["Pummel","Flex"],"picked":"Rampage","floor":8},{"not_picked":["Flex","Thunderclap"],"picked":"Corruption+1","floor":11},{"not_picked":["Rage","Power Through"],"picked":"Fiend Fire","floor":12},{"not_picked":["Iron Wave","Thunderclap"],"picked":"Seeing Red","floor":14},{"not_picked":["Fiend Fire","Bludgeon"],"picked":"Demon Form+1","floor":16},{"not_picked":["Perfected Strike","Clothesline"],"picked":"Rupture+1","floor":18},{"not_picked":["Twin Strike","Infernal Blade+1"],"picked":"Combust+1","floor":19},{"not_picked":["Twin Strike","Thunderclap"],"picked":"Metallicize+1","floor":20}],"player_experience":0,"relics_obtained":[{"floor":6,"key":"FossilizedHelix"},{"floor":9,"key":"Frozen Egg 2"},{"floor":19,"key":"Red Mask"},{"floor":21,"key":"Enchiridion"},{"floor":24,"key":"Gremlin Horn"}],"event_choices":[{"damage_healed":0,"gold_gain":75,"player_choice":"Gather Gold","damage_taken":11,"max_hp_gain":0,"max_hp_loss":0,"event_name":"World of Goop","floor":2,"gold_loss":0},{"damage_healed":0,"gold_gain":0,"player_choice":"Paid Gold","damage_taken":0,"relics_obtained":["Strawberry"],"max_hp_gain":0,"max_hp_loss":0,"event_name":"WeMeetAgain","floor":3,"gold_loss":115},{"damage_healed":0,"gold_gain":0,"player_choice":"Fought Bandits","damage_taken":0,"max_hp_gain":0,"max_hp_loss":0,"event_name":"Masked Bandits","floor":19,"gold_loss":0},{"damage_healed":0,"gold_gain":0,"player_choice":"Obtained Book","damage_taken":16,"max_hp_gain":0,"max_hp_loss":0,"event_name":"Cursed Tome","floor":21,"gold_loss":0},{"damage_healed":0,"gold_gain":0,"player_choice":"Obtained Relic","damage_taken":0,"relics_obtained":["Letter Opener"],"max_hp_gain":0,"max_hp_loss":0,"event_name":"Addict","floor":22,"gold_loss":85}],"is_beta":false,"boss_relics":[{"not_picked":["Busted Crown","Coffee Dripper"],"picked":"Lizard Tail"}],"items_purged_floors":[],"is_endless":false,"potions_floor_spawned":[4,5,11,16,18],"killed_by":"Gremlin Leader","ascension_level":0}