{"gold_per_floor":[111,111,30,50,50,82,82,94,94,121,139,157,157,190,190,288,288,301,576,592,605,2,2,2],"floor_reached":24,"playtime":1637,"items_purged":["Regret"],"score":302,"play_id":"6529691f-5d15-4497-8413-e530fbdaf421","local_time":"20190930132459","is_ascension_mode":true,"campfire_choices":[{"data":"Infinite Blades","floor":7,"key":"SMITH"},{"data":"Doppelganger","floor":13,"key":"SMITH"},{"data":"Noxious Fumes","floor":15,"key":"SMITH"}],"neow_cost":"NONE","seed_source_timestamp":4924864617946,"circlet_count":0,"master_deck":["Strike_G","Strike_G","Strike_G","Strike_G","Defend_G","Defend_G","Defend_G","Defend_G","Defend_G","Survivor","Neutralize","Backflip","Infinite Blades+1","Deflect","All Out Attack","Outmaneuver","Cloak And Dagger","Distraction","Doppelganger+1","Slice","Noxious Fumes+1","After Image","CurseOfTheBell","Acrobatics","PiercingWail+1","Noxious Fumes","A Thousand Cuts","Well Laid Plans","Bandage Up","Infinite Blades","Caltrops"],"relics":["Ring of the Snake","NeowsBlessing","Mummified Hand","Anchor","The Courier","Pear","MealTicket","Calling Bell","Strawberry","HornCleat","Incense Burner","Chemical X","Oddly Smooth Stone"],"potions_floor_usage":[10,10,16,21,21,24],"damage_taken":[{"damage":0,"enemies":"Small Slimes","floor":1,"turns":1},{"damage":0,"enemies":"Cultist","floor":4,"turns":1},{"damage":0,"enemies":"3 Sentries","floor":6,"turns":1},{"damage":0,"enemies":"Jaw Worm","floor":8,"turns":4},{"damage":24,"enemies":"Lagavulin","floor":10,"turns":6},{"damage":0,"enemies":"Red Slaver","floor":11,"turns":4},{"damage":0,"enemies":"Exordium Thugs","floor":12,"turns":5},{"damage":17,"enemies":"3 Sentries","floor":14,"turns":9},{"damage":28,"enemies":"Hexaghost","floor":16,"turns":10},{"damage":8,"enemies":"Shell Parasite","floor":18,"turns":8},{"damage":5,"enemies":"3 Byrds","floor":20,"turns":6},{"damage":54,"enemies":"Cultist and Chosen","floor":21,"turns":9},{"damage":60,"enemies":"Gremlin Leader","floor":24,"turns":5}],"seed_played":"-6574571718132111709","potions_obtained":[{"floor":1,"key":"Poison Potion"},{"floor":4,"key":"PowerPotion"},{"floor":10,"key":"Poison Potion"},{"floor":12,"key":"SpeedPotion"},{"floor":20,"key":"SpeedPotion"},{"floor":21,"key":"Poison Potion"}],"is_trial":false,"path_per_floor":["M","?","$","M","T","E","R","M","T","E","M","M","R","E","R","B",null,"M","?","M","M","$","$","E"],"character_chosen":"THE_SILENT","items_purchased":["Infinite Blades","Deflect","A Thousand Cuts","Well Laid Plans","Chemical X","Oddly Smooth Stone","Bandage Up","Infinite Blades","Caltrops"],"campfire_rested":0,"item_purchase_floors":[3,3,22,22,22,22,22,22,22],"current_hp_per_floor":[70,70,70,70,70,70,70,70,70,56,56,56,56,39,39,11,87,79,79,74,20,35,50,0],"gold":2,"neow_bonus":"THREE_ENEMY_KILL","is_prod":false,"is_daily":false,"chose_seed":false,"campfire_upgraded":3,"win_rate":0,"timestamp":1569803099,"path_taken":["M","?","?","M","?","E","R","?","T","E","M","M","R","E","R","BOSS","M","?","?","?","?","$","E"],"build_version":"2019-09-27","purchased_purges":1,"victory":false,"max_hp_per_floor":[70,70,70,70,70,70,70,70,70,80,80,80,80,80,80,80,87,87,87,87,87,87,87,87],"card_choices":[{"not_picked":["Eviscerate","Dagger Throw"],"picked":"Backflip","floor":1},{"not_picked":["PiercingWail","Masterful Stab"],"picked":"All Out Attack","floor":4},{"not_picked":["Dagger Spray","Flechettes"],"picked":"Outmaneuver","floor":6},{"not_picked":["Skewer","Tactician"],"picked":"Cloak And Dagger","floor":8},{"not_picked":["Quick Slash","Blade Dance"],"picked":"Distraction","floor":10},{"not_picked":["Leg Sweep","Masterful Stab"],"picked":"Doppelganger","floor":11},{"not_picked":["Dagger Spray","Endless Agony"],"picked":"Slice","floor":12},{"not_picked":["Slice","Skewer"],"picked":"Noxious Fumes","floor":14},{"not_picked":["Phantasmal Killer","Venomology"],"picked":"After Image","floor":16},{"not_picked":["Outmaneuver+1","Dagger Spray+1"],"picked":"Acrobatics","floor":18},{"not_picked":["Bane+1","Dagger Spray"],"picked":"PiercingWail+1","floor":20},{"not_picked":["Poisoned Stab","Acrobatics+1"],"picked":"Noxious Fumes","floor":21}],"player_experience":127928,"relics_obtained":[{"floor":5,"key":"Mummified Hand"},{"floor":6,"key":"Anchor"},{"floor":9,"key":"The Courier"},{"floor":10,"key":"Pear"},{"floor":14,"key":"MealTicket"},{"floor":17,"key":"Strawberry"},{"floor":17,"key":"HornCleat"},{"floor":17,"key":"Incense Burner"}],"event_choices":[{"cards_removed":["Strike_G"],"damage_healed":0,"gold_gain":0,"player_choice":"Offered Basic","damage_taken":0,"max_hp_gain":0,"max_hp_loss":0,"event_name":"Bonfire Elementals","floor":2,"gold_loss":0},{"damage_healed":0,"gold_gain":275,"player_choice":"Desecrate","damage_taken":0,"max_hp_gain":0,"max_hp_loss":0,"event_name":"Golden Shrine","floor":19,"gold_loss":0,"cards_obtained":["Regret"]}],"is_beta":true,"boss_relics":[{"not_picked":["Astrolabe","Sozu"],"picked":"Calling Bell"}],"items_purged_floors":[22],"is_endless":false,"potions_floor_spawned":[1,4,10,12,20,21],"killed_by":"Gremlin Leader","ascension_level":3}