{"gold_per_floor":[117,97,97,111,8,38,38,66,93,126,126,146,156,190,190,292,292,302,69,69,69,81,114,114,132,132,165,176,208,223,0,0,97,97,115,115,131,231,231,265,285,313,313,313,6,37,52,68,68,68],"floor_reached":51,"playtime":3047,"items_purged":["Shame"],"score":964,"play_id":"95b6d3d2-0d51-4798-a2cd-589fe9fb5df8","local_time":"20191007185051","is_ascension_mode":true,"campfire_choices":[{"data":"Body Slam","floor":7,"key":"SMITH"},{"data":"Exhume","floor":11,"key":"SMITH"},{"data":"Blood for Blood","floor":15,"key":"SMITH"},{"data":"Heavy Blade","floor":32,"key":"SMITH"},{"data":"Feel No Pain","floor":44,"key":"SMITH"},{"data":"Dark Embrace","floor":49,"key":"SMITH"}],"neow_cost":"NONE","seed_source_timestamp":12214189387876,"circlet_count":0,"master_deck":["Strike_R+1","Strike_R+1","Strike_R+1","Strike_R+1","Strike_R+1","Defend_R+1","Defend_R+1","Defend_R+1","Defend_R+1","Bash","Blood for Blood+1","Body Slam+1","Feel No Pain+1","Ghostly Armor","Exhume+1","Combust","Disarm+1","Sever Soul","Spot Weakness+1","Double Tap+1","Reaper","Clash","Armaments+1","Disarm+1","Flex+1","Corruption+1","J.A.X.+1","Second Wind+1","Searing Blow+1","Heavy Blade+1","Flex+1","Limit Break+1","Fiend Fire","Spot Weakness+1","Madness+1","Madness+1","Inflame","Seeing Red+1","Pommel Strike","Bloodletting+1","Dark Embrace+1","Rage+1"],"relics":["Burning Blood","NeowsBlessing","Happy Flower","Toxic Egg 2","Bag of Marbles","Art of War","Shuriken","Black Star","Red Skull","Mummified Hand","Anchor","Gambling Chip","Paper Frog","Centennial Puzzle","Bronze Scales","Letter Opener","Bottled Tornado","SlaversCollar","Pocketwatch","Singing Bowl","Bottled Lightning","Self Forming Clay","TungstenRod","Eternal Feather","Charon\u0027s Ashes","Omamori","Toy Ornithopter"],"potions_floor_usage":[8,10,10,27,30,33,33,33,33,33,40,46,46,50],"damage_taken":[{"damage":0,"enemies":"Small Slimes","floor":1,"turns":1},{"damage":0,"enemies":"Cultist","floor":4,"turns":1},{"damage":0,"enemies":"Gremlin Nob","floor":6,"turns":1},{"damage":33,"enemies":"Lagavulin","floor":8,"turns":7},{"damage":23,"enemies":"3 Sentries","floor":10,"turns":9},{"damage":3,"enemies":"Jaw Worm","floor":12,"turns":4},{"damage":10,"enemies":"Looter","floor":13,"turns":3},{"damage":16,"enemies":"Lagavulin","floor":14,"turns":5},{"damage":26,"enemies":"Slime Boss","floor":16,"turns":5},{"damage":22,"enemies":"Spheric Guardian","floor":18,"turns":4},{"damage":0,"enemies":"Shell Parasite","floor":22,"turns":2},{"damage":17,"enemies":"Gremlin Leader","floor":23,"turns":3},{"damage":0,"enemies":"Snake Plant","floor":25,"turns":5},{"damage":18,"enemies":"Slavers","floor":27,"turns":6},{"damage":31,"enemies":"Sentry and Sphere","floor":28,"turns":6},{"damage":16,"enemies":"Book of Stabbing","floor":29,"turns":4},{"damage":4,"enemies":"3 Cultists","floor":30,"turns":4},{"damage":43,"enemies":"Automaton","floor":33,"turns":5},{"damage":7,"enemies":"3 Shapes","floor":35,"turns":3},{"damage":21,"enemies":"3 Darklings","floor":37,"turns":4},{"damage":3,"enemies":"Mind Bloom Boss Battle","floor":38,"turns":5},{"damage":18,"enemies":"Nemesis","floor":40,"turns":5},{"damage":26,"enemies":"Jaw Worm Horde","floor":41,"turns":3},{"damage":15,"enemies":"Giant Head","floor":42,"turns":6},{"damage":12,"enemies":"Reptomancer","floor":46,"turns":4},{"damage":4,"enemies":"Maw","floor":47,"turns":4},{"damage":2,"enemies":"Sphere and 2 Shapes","floor":48,"turns":2},{"damage":39,"enemies":"Time Eater","floor":50,"turns":7}],"seed_played":"-7067326724955912252","potions_obtained":[{"floor":1,"key":"EssenceOfSteel"},{"floor":2,"key":"Strength Potion"},{"floor":6,"key":"SteroidPotion"},{"floor":10,"key":"BloodPotion"},{"floor":13,"key":"Explosive Potion"},{"floor":27,"key":"EntropicBrew"},{"floor":28,"key":"EntropicBrew"},{"floor":30,"key":"SkillPotion"},{"floor":35,"key":"Dexterity Potion"},{"floor":41,"key":"Explosive Potion"},{"floor":42,"key":"Energy Potion"},{"floor":47,"key":"EssenceOfSteel"}],"is_trial":false,"path_per_floor":["M","?","$","M","$","E","R","E","T","E","R","M","M","E","R","B",null,"M","$","?","?","M","E","?","M","T","E","M","E","M","$","R","B",null,"M","?","M","?","?","E","M","E","T","R","$","E","M","M","R","B",null],"character_chosen":"IRONCLAD","items_purchased":["Feel No Pain","Ghostly Armor","Red Skull","Armaments+1","Disarm+1","Limit Break+1","Charon\u0027s Ashes"],"campfire_rested":0,"item_purchase_floors":[5,5,19,19,19,31,45],"current_hp_per_floor":[80,80,80,80,80,80,80,53,53,52,52,55,51,41,41,21,80,64,64,64,64,70,59,59,65,65,69,51,49,51,51,51,28,80,79,69,54,57,57,45,52,58,58,82,82,82,84,84,84,53],"gold":68,"neow_bonus":"THREE_ENEMY_KILL","is_prod":false,"is_daily":false,"chose_seed":false,"campfire_upgraded":6,"win_rate":0,"timestamp":1570427451,"path_taken":["M","?","?","M","$","E","R","E","T","E","R","M","M","E","R","BOSS","M","$","?","?","M","E","?","?","T","E","M","E","M","$","R","BOSS","M","?","M","?","?","E","M","E","T","R","?","E","M","M","R","BOSS"],"build_version":"2019-10-04","purchased_purges":1,"victory":true,"max_hp_per_floor":[80,80,80,80,80,80,80,80,80,80,80,80,80,80,80,80,80,80,80,80,80,80,80,80,80,80,80,80,80,80,80,80,80,80,80,80,80,80,80,80,82,82,82,82,82,82,84,84,84,84],"card_choices":[{"not_picked":["Burning Pact","Sword Boomerang"],"picked":"Blood for Blood","floor":1},{"not_picked":["Anger","Clothesline"],"picked":"Body Slam","floor":4},{"not_picked":["Spot Weakness","Thunderclap"],"picked":"Exhume","floor":6},{"not_picked":["Shrug It Off","Ghostly Armor"],"picked":"Combust","floor":8},{"not_picked":["Perfected Strike","Cleave"],"picked":"Disarm+1","floor":10},{"not_picked":["Combust","Thunderclap"],"picked":"Sever Soul","floor":12},{"not_picked":["Cleave","Armaments+1"],"picked":"Spot Weakness+1","floor":13},{"not_picked":["Clothesline","Warcry+1"],"picked":"Double Tap+1","floor":14},{"not_picked":["Brutality","Limit Break+1"],"picked":"Reaper","floor":16},{"not_picked":["Anger","Iron Wave"],"picked":"Clash","floor":18},{"not_picked":["Bloodletting+1","Wild Strike+1"],"picked":"Flex+1","floor":22},{"not_picked":["Thunderclap","Twin Strike+1"],"picked":"Corruption+1","floor":23},{"not_picked":["Body Slam","Searing Blow"],"picked":"Second Wind+1","floor":25},{"not_picked":["Flex+1","Metallicize"],"picked":"Searing Blow+1","floor":27},{"not_picked":["Entrench+1","Metallicize"],"picked":"Heavy Blade","floor":28},{"not_picked":["True Grit+1","Rampage"],"picked":"Flex+1","floor":29},{"not_picked":["Clash","Sword Boomerang"],"picked":"Pommel Strike","floor":30},{"not_picked":["Reaper","Immolate"],"picked":"Fiend Fire","floor":33},{"not_picked":["Perfected Strike","Iron Wave"],"picked":"Spot Weakness+1","floor":35},{"not_picked":["Body Slam","Shrug It Off+1"],"picked":"Inflame","floor":37},{"not_picked":["Headbutt+1","Pommel Strike+1"],"picked":"Seeing Red+1","floor":38},{"not_picked":["Uppercut","Searing Blow"],"picked":"Pommel Strike","floor":40},{"not_picked":["Sword Boomerang","Flex+1","True Grit+1"],"picked":"Singing Bowl","floor":41},{"not_picked":["Perfected Strike+1","Pommel Strike+1"],"picked":"Bloodletting+1","floor":42},{"not_picked":["Entrench+1","Iron Wave+1"],"picked":"Dark Embrace","floor":46},{"not_picked":["Wild Strike+1","Sword Boomerang+1","Headbutt"],"picked":"Singing Bowl","floor":47},{"not_picked":["Clothesline+1","Thunderclap"],"picked":"Rage+1","floor":48}],"player_experience":166354,"relics_obtained":[{"floor":6,"key":"Happy Flower"},{"floor":8,"key":"Toxic Egg 2"},{"floor":9,"key":"Bag of Marbles"},{"floor":10,"key":"Art of War"},{"floor":14,"key":"Shuriken"},{"floor":23,"key":"Anchor"},{"floor":23,"key":"Gambling Chip"},{"floor":26,"key":"Paper Frog"},{"floor":27,"key":"Centennial Puzzle"},{"floor":27,"key":"Bronze Scales"},{"floor":29,"key":"Letter Opener"},{"floor":29,"key":"Bottled Tornado"},{"floor":38,"key":"Pocketwatch"},{"floor":40,"key":"Singing Bowl"},{"floor":40,"key":"Bottled Lightning"},{"floor":42,"key":"Self Forming Clay"},{"floor":42,"key":"TungstenRod"},{"floor":43,"key":"Eternal Feather"},{"floor":46,"key":"Omamori"},{"floor":46,"key":"Toy Ornithopter"}],"event_choices":[{"damage_healed":0,"gold_gain":0,"player_choice":"Bought 1 Potion","damage_taken":0,"max_hp_gain":0,"max_hp_loss":0,"event_name":"The Woman in Blue","floor":2,"gold_loss":0},{"damage_healed":0,"gold_gain":0,"player_choice":"Simplicity","damage_taken":0,"max_hp_gain":0,"max_hp_loss":0,"event_name":"Back to Basics","floor":20,"gold_loss":0,"cards_upgraded":["Strike_R","Strike_R","Strike_R","Strike_R","Strike_R","Defend_R","Defend_R","Defend_R","Defend_R"]},{"damage_healed":0,"gold_gain":0,"player_choice":"Stole Relic","damage_taken":0,"relics_obtained":["Mummified Hand"],"max_hp_gain":0,"max_hp_loss":0,"event_name":"Addict","floor":21,"gold_loss":0,"cards_obtained":["Shame"]},{"damage_healed":0,"gold_gain":0,"player_choice":"Obtain J.A.X.","damage_taken":0,"max_hp_gain":0,"max_hp_loss":0,"event_name":"Drug Dealer","floor":24,"gold_loss":0,"cards_obtained":["J.A.X."]},{"damage_healed":0,"gold_gain":0,"player_choice":"Embrace Madness","damage_taken":10,"max_hp_gain":0,"max_hp_loss":0,"event_name":"Winding Halls","floor":36,"gold_loss":0,"cards_obtained":["Madness","Madness"]},{"damage_healed":0,"gold_gain":0,"player_choice":"Fight","damage_taken":0,"max_hp_gain":0,"max_hp_loss":0,"event_name":"MindBloom","floor":38,"gold_loss":0},{"cards_removed":["Pommel Strike"],"damage_healed":0,"gold_gain":0,"player_choice":"Removed Attack","damage_taken":0,"max_hp_gain":0,"max_hp_loss":0,"event_name":"Falling","floor":39,"gold_loss":0}],"is_beta":true,"boss_relics":[{"not_picked":["Fusion Hammer","Philosopher\u0027s Stone"],"picked":"Black Star"},{"not_picked":["Cursed Key","Snecko Eye"],"picked":"SlaversCollar"}],"items_purged_floors":[31],"is_endless":false,"potions_floor_spawned":[1,6,10,13,27,28,29,30,35,37,41,42,47],"ascension_level":1}