{"gold_per_floor":[117,136,155,155,175,205,205,233,233,250,250,262,294,33,33,129,129,148,148,128,128,140,140],"floor_reached":23,"playtime":1348,"items_purged":[],"score":289,"play_id":"e72c6278-802b-48cb-a0bd-9c1598ae81c3","local_time":"20191013125030","is_ascension_mode":true,"campfire_choices":[{"data":"Multi-Cast","floor":7,"key":"SMITH"},{"data":"1","floor":11,"key":"LIFT"},{"data":"2","floor":15,"key":"LIFT"}],"neow_cost":"NONE","seed_source_timestamp":4257088541422,"circlet_count":0,"master_deck":["Strike_B","Strike_B","Strike_B","Strike_B","Defend_B","Defend_B","Defend_B","Defend_B","Zap","Dualcast","Undo","Leap","Cold Snap","Decay","Fusion","Multi-Cast+1","Lockon","Clumsy","White Noise","Coolheaded","Core Surge","Amplify","Consume+1","Necronomicurse","Melter+1","Decay"],"relics":["Cursed Key","Meat on the Bone","Dead Branch","Girya","Ice Cream","Mummified Hand","Black Star","Necronomicon"],"potions_floor_usage":[8,16,16,20,20,22],"damage_taken":[{"damage":2,"enemies":"Jaw Worm","floor":1,"turns":4},{"damage":0,"enemies":"Cultist","floor":2,"turns":4},{"damage":0,"enemies":"Small Slimes","floor":3,"turns":4},{"damage":1,"enemies":"3 Louse","floor":5,"turns":4},{"damage":17,"enemies":"3 Sentries","floor":6,"turns":10},{"damage":17,"enemies":"Lagavulin","floor":8,"turns":8},{"damage":5,"enemies":"2 Fungi Beasts","floor":10,"turns":5},{"damage":1,"enemies":"Looter","floor":12,"turns":4},{"damage":7,"enemies":"3 Sentries","floor":13,"turns":7},{"damage":0,"enemies":"Hexaghost","floor":16,"turns":8},{"damage":6,"enemies":"3 Byrds","floor":18,"turns":5},{"damage":19,"enemies":"2 Thieves","floor":20,"turns":4},{"damage":14,"enemies":"Cultist and Chosen","floor":22,"turns":7},{"damage":53,"enemies":"Slavers","floor":23,"turns":3}],"seed_played":"5972763246701627384","potions_obtained":[{"floor":2,"key":"SteroidPotion"},{"floor":8,"key":"Energy Potion"},{"floor":10,"key":"Weak Potion"},{"floor":12,"key":"EssenceOfSteel"},{"floor":16,"key":"Fire Potion"},{"floor":20,"key":"Block Potion"}],"is_trial":false,"path_per_floor":["M","M","M","?","M","E","R","E","T","M","R","M","E","$","R","B",null,"M","?","M","?","M","E"],"character_chosen":"DEFECT","items_purchased":["Mummified Hand"],"campfire_rested":0,"item_purchase_floors":[14],"current_hp_per_floor":[73,73,73,73,72,55,55,38,38,45,45,44,49,49,49,49,75,69,53,46,46,44,0],"gold":140,"neow_bonus":"BOSS_RELIC","is_prod":false,"is_daily":false,"chose_seed":false,"campfire_upgraded":1,"win_rate":0,"timestamp":1570924230,"path_taken":["M","M","M","?","M","E","R","E","T","?","R","M","E","?","R","BOSS","M","?","M","?","M","E"],"build_version":"2019-10-11","purchased_purges":0,"victory":false,"max_hp_per_floor":[75,75,75,75,75,75,75,75,75,75,75,75,75,75,75,75,75,75,75,75,75,75,75],"card_choices":[{"not_picked":["Stack","Reprogram"],"picked":"Undo","floor":1},{"not_picked":["Recycle","Compile Driver"],"picked":"Leap","floor":2},{"not_picked":["Go for the Eyes","Rebound"],"picked":"Cold Snap","floor":3},{"not_picked":["Turbo","Compile Driver"],"picked":"Fusion","floor":5},{"not_picked":["Stack","Undo"],"picked":"Multi-Cast","floor":6},{"not_picked":["Thunder Strike","Leap"],"picked":"Lockon","floor":8},{"not_picked":["Rebound","Coolheaded"],"picked":"White Noise","floor":10},{"not_picked":["Conserve Battery","Rip and Tear"],"picked":"Coolheaded","floor":12},{"not_picked":["Hologram","Beam Cell"],"picked":"Core Surge","floor":13},{"not_picked":["All For One","Hyperbeam"],"picked":"Amplify","floor":16},{"not_picked":["Rebound+1","Rip and Tear"],"picked":"Consume+1","floor":18},{"not_picked":["Auto Shields","Leap"],"picked":"Melter+1","floor":20},{"not_picked":["Steam","Streamline","Lockon"],"picked":"SKIP","floor":22}],"player_experience":191775,"relics_obtained":[{"floor":6,"key":"Meat on the Bone"},{"floor":8,"key":"Dead Branch"},{"floor":9,"key":"Girya"},{"floor":13,"key":"Ice Cream"},{"floor":19,"key":"Necronomicon"}],"event_choices":[{"damage_healed":0,"gold_gain":0,"player_choice":"Cursed","damage_taken":0,"max_hp_gain":0,"max_hp_loss":0,"event_name":"Wheel of Change","floor":4,"gold_loss":0,"cards_obtained":["Decay"]},{"damage_healed":0,"gold_gain":0,"player_choice":"Obtained Book","damage_taken":16,"max_hp_gain":0,"max_hp_loss":0,"event_name":"Cursed Tome","floor":19,"gold_loss":0},{"damage_healed":0,"gold_gain":0,"player_choice":"Smashed Altar","damage_taken":0,"max_hp_gain":0,"max_hp_loss":0,"event_name":"Forgotten Altar","floor":21,"gold_loss":0,"cards_obtained":["Decay"]}],"is_beta":true,"boss_relics":[{"not_picked":["Sozu","Coffee Dripper"],"picked":"Black Star"}],"items_purged_floors":[],"is_endless":false,"potions_floor_spawned":[2,8,10,12,16,20],"killed_by":"Slavers","ascension_level":2}