{"gold_per_floor":[118,118,133,148,165,165,181,199,253,281,2,19,19,32,32,130,130,147,161,161,9,28,54,65,65,112,124,124,124,139,139,139,242,242,255,355,371,66,66,66],"floor_reached":40,"playtime":11497,"items_purged":[],"score":437,"play_id":"dd023b84-273e-4029-a1ff-e0e931456dd6","local_time":"20191002205634","is_ascension_mode":false,"campfire_choices":[{"data":"Crippling Poison","floor":6.0,"key":"SMITH"},{"data":"After Image","floor":13.0,"key":"SMITH"},{"data":"Outmaneuver","floor":15.0,"key":"SMITH"},{"floor":29.0,"key":"REST"},{"data":"Tools of the Trade","floor":32.0,"key":"SMITH"}],"neow_cost":"NONE","seed_source_timestamp":0,"circlet_count":0,"master_deck":["Strike_G+1","Strike_G+1","Defend_G+1","Defend_G+1","Defend_G+1","Defend_G+1","Defend_G+1","Survivor","Neutralize+1","Prepared","PiercingWail","Underhanded Strike","Crippling Poison+1","Deadly Poison","Underhanded Strike","After Image+1","Acrobatics","Outmaneuver+1","Dagger Throw","Tools of the Trade+1","Backflip+1","Glass Knife+1","Acrobatics+1","PiercingWail","Noxious Fumes","Footwork","Footwork","Crippling Poison","Venomology","Reflex","Blur","Well Laid Plans"],"special_seed":0,"relics":["Ring of the Snake","NeowsBlessing","Lantern","Torii","Lee\u0027s Waffle","Astrolabe","Bottled Flame","Bag of Preparation","MutagenicStrength","Snake Skull"],"potions_floor_usage":[37,40],"damage_taken":[{"damage":0.0,"enemies":"Jaw Worm","floor":1.0,"turns":1.0},{"damage":0.0,"enemies":"Cultist","floor":3.0,"turns":1.0},{"damage":0.0,"enemies":"Small Slimes","floor":4.0,"turns":1.0},{"damage":3.0,"enemies":"2 Fungi Beasts","floor":5.0,"turns":5.0},{"damage":28.0,"enemies":"Large Slime","floor":7.0,"turns":11.0},{"damage":9.0,"enemies":"Exordium Thugs","floor":8.0,"turns":6.0},{"damage":22.0,"enemies":"Lagavulin","floor":10.0,"turns":7.0},{"damage":0.0,"enemies":"3 Louse","floor":12.0,"turns":2.0},{"damage":1.0,"enemies":"2 Fungi Beasts","floor":14.0,"turns":3.0},{"damage":39.0,"enemies":"Hexaghost","floor":16.0,"turns":14.0},{"damage":0.0,"enemies":"Shell Parasite","floor":18.0,"turns":5.0},{"damage":1.0,"enemies":"Spheric Guardian","floor":19.0,"turns":8.0},{"damage":7.0,"enemies":"Snecko","floor":22.0,"turns":5.0},{"damage":11.0,"enemies":"Book of Stabbing","floor":23.0,"turns":7.0},{"damage":4.0,"enemies":"Snake Plant","floor":24.0,"turns":5.0},{"damage":2.0,"enemies":"Chosen and Byrds","floor":27.0,"turns":7.0},{"damage":6.0,"enemies":"Shelled Parasite and Fungi","floor":30.0,"turns":8.0},{"damage":6.0,"enemies":"Automaton","floor":33.0,"turns":12.0},{"damage":41.0,"enemies":"3 Shapes","floor":35.0,"turns":4.0},{"damage":27,"enemies":"3 Darklings","floor":37,"turns":6},{"damage":52,"enemies":"Giant Head","floor":40,"turns":11}],"seed_played":"-5851974640561653291","potions_obtained":[{"floor":3.0,"key":"SpeedPotion"},{"floor":7.0,"key":"SpeedPotion"},{"floor":8.0,"key":"SteroidPotion"},{"floor":14.0,"key":"Fruit Juice"},{"floor":16.0,"key":"Block Potion"},{"floor":19.0,"key":"FearPotion"},{"floor":22.0,"key":"LiquidBronze"},{"floor":24.0,"key":"Fire Potion"},{"floor":30.0,"key":"AttackPotion"},{"floor":35.0,"key":"SteroidPotion"}],"is_trial":false,"path_per_floor":["M","?","M","M","M","R","M","M","T","E","$","M","R","M","R","B",null,"M","M","?","$","M","E","M","?","T","M","?","R","M","?","R","B",null,"M","?","M","$","?","E"],"character_chosen":"THE_SILENT","items_purchased":["Lee\u0027s Waffle","Acrobatics","SpeedPotion","Noxious Fumes","Regen Potion","Snake Skull","Blur","Well Laid Plans"],"campfire_rested":1,"item_purchase_floors":[11,11,11,21,21,38,38,38],"current_hp_per_floor":[70,70,70,70,67,67,39,30,30,8,77,77,77,76,76,42,82,82,81,81,81,74,63,59,59,59,57,57,81,75,59,59,53,87,46,46,33,33,33,0],"gold":66,"neow_bonus":"THREE_ENEMY_KILL","is_prod":false,"is_daily":false,"chose_seed":false,"campfire_upgraded":4,"win_rate":0.0,"timestamp":1570046194,"path_taken":["M","?","M","M","?","R","M","M","T","E","$","?","R","M","R","BOSS","M","M","?","?","?","E","M","?","T","M","?","R","M","?","R","BOSS","M","?","M","?","?","E"],"build_version":"2019-07-17","purchased_purges":0,"victory":false,"max_hp_per_floor":[70,70,70,70,70,70,70,70,70,70,77,77,77,77,77,82,82,82,82,82,82,82,82,82,82,82,82,82,82,82,87,87,87,87,87,87,87,87,87,87],"card_choices":[{"not_picked":["Deflect","Blade Dance"],"picked":"Prepared","floor":1.0},{"not_picked":["Poisoned Stab","Endless Agony"],"picked":"PiercingWail","floor":3.0},{"not_picked":["Riddle With Holes","Masterful Stab"],"picked":"Underhanded Strike","floor":4.0},{"not_picked":["Skewer","Expertise"],"picked":"Crippling Poison","floor":5.0},{"not_picked":["Reflex","Endless Agony"],"picked":"Deadly Poison","floor":7.0},{"not_picked":["Slice","Deflect"],"picked":"Underhanded Strike","floor":8.0},{"not_picked":["Masterful Stab","Dagger Spray"],"picked":"After Image","floor":10.0},{"not_picked":["Blur","Dagger Spray"],"picked":"Outmaneuver","floor":12.0},{"not_picked":["Calculated Gamble","Underhanded Strike"],"picked":"Dagger Throw","floor":14.0},{"not_picked":["Night Terror","Doppelganger"],"picked":"Tools of the Trade","floor":16.0},{"not_picked":["Sucker Punch+1","Prepared","Dagger Throw+1"],"picked":"SKIP","floor":18.0},{"not_picked":["Deadly Poison","Deflect"],"picked":"PiercingWail","floor":19.0},{"not_picked":["Outmaneuver","Noxious Fumes","Slice"],"picked":"SKIP","floor":22.0},{"not_picked":["Night Terror","Outmaneuver+1"],"picked":"Footwork","floor":23.0},{"not_picked":["Expertise+1","Deadly Poison","Flying Knee"],"picked":"SKIP","floor":24.0},{"not_picked":["Deflect","Noxious Fumes"],"picked":"Footwork","floor":27.0},{"not_picked":["Deadly Poison","Quick Slash"],"picked":"Crippling Poison","floor":30.0},{"not_picked":["After Image","Phantasmal Killer"],"picked":"Venomology","floor":33.0},{"not_picked":["Underhanded Strike","Prepared"],"picked":"Reflex","floor":35.0},{"not_picked":["Outmaneuver","Finisher","Prepared"],"picked":"SKIP","floor":37}],"player_experience":7479,"relics_obtained":[{"floor":9.0,"key":"Lantern"},{"floor":10.0,"key":"Torii"},{"floor":23.0,"key":"Bottled Flame"},{"floor":26.0,"key":"Bag of Preparation"}],"event_choices":[{"damage_healed":0.0,"max_hp_gain":0.0,"max_hp_loss":0.0,"gold_gain":0.0,"event_name":"Upgrade Shrine","player_choice":"Upgraded","floor":2.0,"gold_loss":0.0,"damage_taken":0.0,"cards_upgraded":["Neutralize"]},{"damage_healed":0.0,"max_hp_gain":0.0,"max_hp_loss":0.0,"gold_gain":0.0,"event_name":"Back to Basics","player_choice":"Simplicity","floor":20.0,"gold_loss":0.0,"damage_taken":0.0,"cards_upgraded":["Strike_G","Strike_G","Defend_G","Defend_G","Defend_G","Defend_G","Defend_G"]},{"damage_healed":0.0,"max_hp_gain":0.0,"max_hp_loss":0.0,"gold_gain":0.0,"event_name":"Drug Dealer","player_choice":"Inject Mutagens","floor":28.0,"gold_loss":0.0,"damage_taken":0.0,"relics_obtained":["MutagenicStrength"]},{"damage_healed":0.0,"max_hp_gain":5.0,"max_hp_loss":0.0,"gold_gain":0.0,"event_name":"Forgotten Altar","player_choice":"Shed Blood","floor":31.0,"gold_loss":0.0,"damage_taken":21.0},{"damage_healed":0,"gold_gain":100,"player_choice":"Pray","damage_taken":0,"max_hp_gain":0,"max_hp_loss":0,"event_name":"Golden Shrine","floor":36,"gold_loss":0},{"damage_healed":0,"gold_gain":0,"player_choice":"Ignored","damage_taken":0,"max_hp_gain":0,"max_hp_loss":0,"event_name":"Mysterious Sphere","floor":39,"gold_loss":0}],"is_beta":false,"boss_relics":[{"not_picked":["Runic Dome","Calling Bell"],"picked":"Astrolabe"},{"not_picked":["Coffee Dripper","Sozu","Snecko Eye"]}],"items_purged_floors":[],"is_endless":false,"potions_floor_spawned":[3,7,8,14,16,19,22,24,30,35],"killed_by":"Giant Head","ascension_level":0}