{"gold_per_floor":[110,31,47,57,57,92,102,57,57,77,27,60,60,86,86,182,182,193,193,193,213,143,168,168,187,235,267,301,319,335,368,368,469,469,489,489,711,731,746,781,781,811,811,811,911,911,122,151,151,151],"floor_reached":51,"playtime":2904,"items_purged":[],"score":1003,"play_id":"9bdcfbec-ad33-4ce7-8ee8-610a16c3e1a3","local_time":"20191012150329","is_ascension_mode":true,"campfire_choices":[{"floor":13,"key":"REST"},{"floor":15,"key":"REST"},{"floor":24,"key":"REST"},{"floor":32,"key":"REST"},{"floor":41,"key":"REST"},{"floor":44,"key":"REST"},{"floor":46,"key":"REST"},{"floor":49,"key":"REST"}],"neow_cost":"NONE","seed_source_timestamp":4723821935572,"circlet_count":0,"master_deck":["Strike_B","Strike_B","Strike_B","Defend_B","Defend_B","Defend_B","Zap","Dualcast","Genetic Algorithm","Double Energy","White Noise","Turbo","Echo Form","Chill","Blizzard","Chill","Coolheaded","Hologram","Sunder","Sunder","Amplify","CurseOfTheBell","Static Discharge+1","Melter","Storm+1","Doom and Gloom","Chill","Heatsinks+1","Tempest","Biased Cognition+1","Rebound+1","Reinforced Body","Sunder","Conserve Battery+1","Self Repair+1","Redo","Heatsinks+1","Chaos","Biased Cognition+1","Reprogram+1","Meteor Strike","Chill+1","Aggregate+1","Turbo+1","Double Energy","Creative AI+1","Consume+1","FTL","Coolheaded","BootSequence","Stack","Defragment+1","Chrysalis","Echo Form+1","Loop+1","Jack Of All Trades","Chaos","Capacitor+1","Aggregate+1"],"relics":["Fusion Hammer","Ancient Tea Set","Blue Candle","Art of War","Frozen Egg 2","Dream Catcher","Calling Bell","PreservedInsect","Cables","Prayer Wheel","Mango","Blood Vial","Kunai","Red Mask","Centennial Puzzle","Philosopher\u0027s Stone","Lantern","Oddly Smooth Stone","Orichalcum","Torii","DollysMirror","Regal Pillow","Letter Opener"],"potions_floor_usage":[6,6,12,14,27,35,48,50],"damage_taken":[{"damage":0,"enemies":"2 Louse","floor":1,"turns":3},{"damage":0,"enemies":"Cultist","floor":3,"turns":4},{"damage":5,"enemies":"Small Slimes","floor":4,"turns":3},{"damage":1,"enemies":"Gremlin Nob","floor":6,"turns":3},{"damage":14,"enemies":"Gremlin Gang","floor":7,"turns":6},{"damage":0,"enemies":"3 Louse","floor":10,"turns":5},{"damage":0,"enemies":"Lagavulin","floor":12,"turns":6},{"damage":4,"enemies":"Gremlin Nob","floor":14,"turns":4},{"damage":17,"enemies":"Slime Boss","floor":16,"turns":6},{"damage":12,"enemies":"3 Byrds","floor":18,"turns":7},{"damage":0,"enemies":"Spheric Guardian","floor":21,"turns":2},{"damage":1,"enemies":"Gremlin Leader","floor":23,"turns":6},{"damage":12,"enemies":"Snake Plant","floor":25,"turns":4},{"damage":38,"enemies":"Book of Stabbing","floor":27,"turns":5},{"damage":0,"enemies":"Masked Bandits","floor":28,"turns":3},{"damage":0,"enemies":"Snecko","floor":29,"turns":3},{"damage":24,"enemies":"Shelled Parasite and Fungi","floor":30,"turns":4},{"damage":19,"enemies":"Slavers","floor":31,"turns":4},{"damage":14,"enemies":"Champ","floor":33,"turns":6},{"damage":0,"enemies":"3 Darklings","floor":35,"turns":4},{"damage":0,"enemies":"Orb Walker","floor":38,"turns":4},{"damage":16,"enemies":"Writhing Mass","floor":39,"turns":4},{"damage":32,"enemies":"Nemesis","floor":40,"turns":5},{"damage":3,"enemies":"Giant Head","floor":42,"turns":6},{"damage":0,"enemies":"Mind Bloom Boss Battle","floor":45,"turns":3},{"damage":42,"enemies":"Nemesis","floor":48,"turns":5},{"damage":0,"enemies":"Awakened One","floor":50,"turns":9}],"seed_played":"-4402868845041898343","potions_obtained":[{"floor":1,"key":"PowerPotion"},{"floor":3,"key":"Explosive Potion"},{"floor":6,"key":"PowerPotion"},{"floor":12,"key":"Weak Potion"},{"floor":18,"key":"AttackPotion"},{"floor":21,"key":"Swift Potion"},{"floor":28,"key":"FairyPotion"},{"floor":29,"key":"Ancient Potion"},{"floor":40,"key":"Swift Potion"}],"is_trial":false,"path_per_floor":["M","?","M","M","?","E","M","$","T","M","?","E","R","E","R","B",null,"M","?","?","M","$","E","R","M","T","E","?","M","M","E","R","B",null,"M","?","?","M","M","E","R","E","T","R","?","R","$","E","R","B",null],"character_chosen":"DEFECT","items_purchased":["Coolheaded","Tempest","Chrysalis","DollysMirror","Loop+1","Jack Of All Trades","PotionOfCapacity","Regal Pillow","Chaos"],"campfire_rested":8,"item_purchase_floors":[8,22,47,47,47,47,47,47,47],"current_hp_per_floor":[75,75,75,70,70,69,55,55,55,55,55,55,75,71,75,58,75,63,63,63,63,63,76,89,77,77,41,43,45,43,26,52,50,89,89,89,89,89,83,63,89,89,89,89,89,89,89,57,89,89],"gold":151,"neow_bonus":"BOSS_RELIC","is_prod":false,"is_daily":false,"chose_seed":false,"campfire_upgraded":0,"win_rate":0,"timestamp":1570845809,"path_taken":["M","?","M","?","?","E","M","$","T","?","?","E","R","E","R","BOSS","M","?","?","?","$","E","R","M","T","E","?","M","M","E","R","BOSS","M","?","?","M","M","E","R","E","T","R","?","R","$","E","R","BOSS"],"build_version":"2019-10-10","purchased_purges":0,"victory":true,"max_hp_per_floor":[75,75,75,75,75,75,75,75,75,75,75,75,75,75,75,75,75,75,75,75,75,75,89,89,89,89,89,89,89,89,89,89,89,89,89,89,89,89,89,89,89,89,89,89,89,89,89,89,89,89],"card_choices":[{"not_picked":["Blizzard","Sunder"],"picked":"Genetic Algorithm","floor":1},{"not_picked":["Gash","Auto Shields"],"picked":"Double Energy","floor":3},{"not_picked":["Steam","Rebound"],"picked":"White Noise","floor":4},{"not_picked":["Rip and Tear","Steam"],"picked":"Blizzard","floor":6},{"not_picked":["Stack","Barrage"],"picked":"Chill","floor":7},{"not_picked":["Barrage","FTL"],"picked":"Hologram","floor":10},{"not_picked":["Hologram","Turbo"],"picked":"Sunder","floor":12},{"not_picked":["Compile Driver","Conserve Battery"],"picked":"Sunder","floor":14},{"not_picked":["Conserve Battery","Rip and Tear"],"picked":"Ball Lightning","floor":15},{"not_picked":["Thunder Strike","Core Surge"],"picked":"Amplify","floor":16},{"not_picked":["Barrage","Go for the Eyes+1"],"picked":"Static Discharge+1","floor":18},{"not_picked":["Rebound","Compile Driver"],"picked":"Melter","floor":18},{"not_picked":["Self Repair+1","Redo"],"picked":"Chill","floor":21},{"not_picked":["Coolheaded","Turbo"],"picked":"Heatsinks+1","floor":21},{"not_picked":["Steam","Coolheaded"],"picked":"Biased Cognition+1","floor":23},{"not_picked":["Steam","Gash"],"picked":"Rebound+1","floor":24},{"not_picked":["Recycle+1","Beam Cell"],"picked":"Reinforced Body","floor":25},{"not_picked":["Stack","Beam Cell+1"],"picked":"Sunder","floor":25},{"not_picked":["Stack+1","Undo"],"picked":"Conserve Battery+1","floor":27},{"not_picked":["Hyperbeam","Double Energy"],"picked":"Self Repair+1","floor":28},{"not_picked":["Leap","Genetic Algorithm"],"picked":"Redo","floor":29},{"not_picked":["Compile Driver","Melter"],"picked":"Heatsinks+1","floor":29},{"not_picked":["Go for the Eyes","Rip and Tear"],"picked":"Chaos","floor":30},{"not_picked":["Scrape","Sweeping Beam+1","Compile Driver"],"picked":"SKIP","floor":30},{"not_picked":["Turbo","Conserve Battery+1"],"picked":"Biased Cognition+1","floor":31},{"not_picked":["Conserve Battery+1","Redo"],"picked":"Reprogram+1","floor":32},{"not_picked":["Hyperbeam","All For One"],"picked":"Meteor Strike","floor":33},{"not_picked":["Beam Cell","Rebound+1"],"picked":"Chill+1","floor":35},{"not_picked":["Undo","Gash"],"picked":"Aggregate+1","floor":35},{"not_picked":["Hologram+1","Undo"],"picked":"Turbo+1","floor":38},{"not_picked":["Sunder","Barrage+1"],"picked":"Double Energy","floor":38},{"not_picked":["Self Repair+1","Hologram"],"picked":"Creative AI+1","floor":39},{"not_picked":["Sweeping Beam","Cold Snap+1"],"picked":"Consume+1","floor":39},{"not_picked":["Turbo","All For One"],"picked":"FTL","floor":40},{"not_picked":["Rebound","Beam Cell"],"picked":"Coolheaded","floor":41},{"not_picked":["Biased Cognition+1","Double Energy"],"picked":"BootSequence","floor":42},{"not_picked":["Recycle","Cold Snap+1"],"picked":"Stack","floor":44},{"not_picked":["Melter","Ball Lightning+1"],"picked":"Defragment+1","floor":45},{"not_picked":["Doom and Gloom+1","Melter"],"picked":"Capacitor+1","floor":48},{"not_picked":["Sweeping Beam+1","Rebound+1"],"picked":"Aggregate+1","floor":49}],"player_experience":182602,"relics_obtained":[{"floor":6,"key":"Blue Candle"},{"floor":9,"key":"Art of War"},{"floor":12,"key":"Frozen Egg 2"},{"floor":14,"key":"Dream Catcher"},{"floor":17,"key":"PreservedInsect"},{"floor":17,"key":"Cables"},{"floor":17,"key":"Prayer Wheel"},{"floor":23,"key":"Mango"},{"floor":26,"key":"Blood Vial"},{"floor":27,"key":"Kunai"},{"floor":28,"key":"Red Mask"},{"floor":31,"key":"Centennial Puzzle"},{"floor":40,"key":"Lantern"},{"floor":42,"key":"Oddly Smooth Stone"},{"floor":43,"key":"Orichalcum"},{"floor":45,"key":"Torii"},{"floor":48,"key":"Letter Opener"}],"event_choices":[{"damage_healed":0,"gold_gain":0,"player_choice":"Paid Gold","damage_taken":0,"relics_obtained":["Ancient Tea Set"],"max_hp_gain":0,"max_hp_loss":0,"event_name":"WeMeetAgain","floor":2,"gold_loss":79},{"damage_healed":0,"gold_gain":0,"player_choice":"3 cards matched","damage_taken":0,"max_hp_gain":0,"max_hp_loss":0,"event_name":"Match and Keep!","floor":5,"gold_loss":0,"cards_obtained":["Turbo","Echo Form","Chill"]},{"cards_removed":["Defend_B"],"damage_healed":0,"gold_gain":0,"player_choice":"Card Removal","damage_taken":0,"max_hp_gain":0,"max_hp_loss":0,"event_name":"The Cleric","floor":11,"gold_loss":50},{"damage_healed":0,"gold_gain":0,"player_choice":"Read","damage_taken":0,"max_hp_gain":0,"max_hp_loss":0,"event_name":"The Library","floor":19,"gold_loss":0,"cards_obtained":["Storm"]},{"damage_healed":0,"gold_gain":0,"cards_transformed":["Strike_B"],"player_choice":"Transformed","damage_taken":0,"max_hp_gain":0,"max_hp_loss":0,"event_name":"Transmorgrifier","floor":20,"gold_loss":0,"cards_obtained":["Doom and Gloom"]},{"damage_healed":0,"gold_gain":0,"player_choice":"Fought Bandits","damage_taken":0,"max_hp_gain":0,"max_hp_loss":0,"event_name":"Masked Bandits","floor":28,"gold_loss":0},{"cards_removed":["Ball Lightning"],"damage_healed":0,"gold_gain":0,"player_choice":"Removed Attack","damage_taken":0,"max_hp_gain":0,"max_hp_loss":0,"event_name":"Falling","floor":36,"gold_loss":0},{"damage_healed":0,"gold_gain":222,"player_choice":"Wore Mask","damage_taken":0,"max_hp_gain":0,"max_hp_loss":0,"event_name":"Tomb of Lord Red Mask","floor":37,"gold_loss":0},{"damage_healed":0,"gold_gain":0,"player_choice":"Fight","damage_taken":0,"max_hp_gain":0,"max_hp_loss":0,"event_name":"MindBloom","floor":45,"gold_loss":0}],"is_beta":true,"boss_relics":[{"not_picked":["Snecko Eye","Coffee Dripper"],"picked":"Calling Bell"},{"not_picked":["Busted Crown","Cursed Key"],"picked":"Philosopher\u0027s Stone"}],"items_purged_floors":[],"is_endless":false,"potions_floor_spawned":[1,3,6,12,18,21,28,29,31,40,45],"ascension_level":1}