{"gold_per_floor":[115,290,302,377,394,429,429,429,429,454,125,148,168,209,209,330,330,345,380,340,365,385,385,423,423,423,464,485,92,110,124,124,253,253,278,294,67,67,85,85,121,144,144,144,182,206,226,244,244,244],"floor_reached":50,"playtime":4012,"items_purged":["Doubt"],"score":890,"play_id":"98e3b08e-c534-4174-bc74-dcac3fff8731","local_time":"20191006123238","is_ascension_mode":true,"campfire_choices":[{"floor":7,"key":"REST"},{"data":"Well Laid Plans","floor":15,"key":"SMITH"},{"data":"Master of Strategy","floor":23,"key":"SMITH"},{"floor":25,"key":"REST"},{"data":"Tactician","floor":32,"key":"SMITH"},{"data":"Doppelganger","floor":40,"key":"SMITH"},{"floor":44,"key":"REST"},{"floor":49,"key":"REST"}],"neow_cost":"NONE","seed_source_timestamp":2204193262505,"circlet_count":0,"master_deck":["Strike_G","Strike_G","Strike_G","Strike_G","Strike_G","Defend_G","Defend_G","Defend_G","Defend_G","Defend_G","Survivor","Neutralize","Concentrate","Dagger Throw","Backflip","Glass Knife+1","Prepared","Quick Slash+1","Acrobatics","Well Laid Plans+1","Master of Strategy+1","Deflect","Adrenaline+1","Skewer+1","Adrenaline","Well Laid Plans+1","Infinite Blades+1","Cloak And Dagger","Underhanded Strike+1","Tactician+1","Blade Dance+1","Flying Knee+1","Venomology","Reflex","Underhanded Strike+1","Doppelganger+1","CurseOfTheBell","Quick Slash+1","Setup+1","Accuracy","Madness","Dagger Throw+1","Flying Knee+1","Distraction","Calculated Gamble+1","Finisher+1","Outmaneuver"],"relics":["Ring of the Snake","Molten Egg 2","Golden Idol","InkBottle","Vajra","SacredBark","Red Mask","Regal Pillow","CaptainsWheel","Letter Opener","Pear","Calling Bell","Bronze Scales","Gremlin Horn","Mango","Bottled Flame","Paper Crane","Lantern"],"potions_floor_usage":[14,19,19,24,24,33,33,36,39,41,41,45,48,50,50],"damage_taken":[{"damage":0,"enemies":"Cultist","floor":1,"turns":6},{"damage":0,"enemies":"2 Louse","floor":3,"turns":3},{"damage":1,"enemies":"Jaw Worm","floor":5,"turns":5},{"damage":37,"enemies":"3 Sentries","floor":6,"turns":14},{"damage":0,"enemies":"2 Fungi Beasts","floor":10,"turns":3},{"damage":21,"enemies":"Lots of Slimes","floor":12,"turns":5},{"damage":2,"enemies":"3 Louse","floor":13,"turns":2},{"damage":8,"enemies":"Gremlin Nob","floor":14,"turns":3},{"damage":0,"enemies":"Slime Boss","floor":16,"turns":5},{"damage":0,"enemies":"Chosen","floor":18,"turns":4},{"damage":0,"enemies":"Masked Bandits","floor":19,"turns":4},{"damage":1,"enemies":"Spheric Guardian","floor":21,"turns":3},{"damage":29,"enemies":"Snecko","floor":22,"turns":6},{"damage":14,"enemies":"Book of Stabbing","floor":24,"turns":6},{"damage":15,"enemies":"Slavers","floor":27,"turns":6},{"damage":3,"enemies":"Cultist and Chosen","floor":28,"turns":4},{"damage":0,"enemies":"Centurion and Healer","floor":30,"turns":2},{"damage":15,"enemies":"Snake Plant","floor":31,"turns":4},{"damage":16,"enemies":"Collector","floor":33,"turns":4},{"damage":0,"enemies":"3 Shapes","floor":35,"turns":2},{"damage":0,"enemies":"Orb Walker","floor":36,"turns":2},{"damage":20,"enemies":"Maw","floor":39,"turns":6},{"damage":32,"enemies":"Giant Head","floor":41,"turns":6},{"damage":25,"enemies":"3 Darklings","floor":42,"turns":4},{"damage":0,"enemies":"Reptomancer","floor":45,"turns":2},{"damage":4,"enemies":"4 Shapes","floor":46,"turns":4},{"damage":12,"enemies":"Jaw Worm Horde","floor":47,"turns":3},{"damage":10,"enemies":"Transient","floor":48,"turns":5},{"damage":94,"enemies":"Time Eater","floor":50,"turns":5}],"seed_played":"5455351518338299401","potions_obtained":[{"floor":1,"key":"Dexterity Potion"},{"floor":5,"key":"Dexterity Potion"},{"floor":12,"key":"PowerPotion"},{"floor":16,"key":"SpeedPotion"},{"floor":21,"key":"Block Potion"},{"floor":22,"key":"Regen Potion"},{"floor":27,"key":"Strength Potion"},{"floor":30,"key":"FearPotion"},{"floor":36,"key":"Fire Potion"},{"floor":42,"key":"Energy Potion"},{"floor":45,"key":"Swift Potion"},{"floor":47,"key":"Strength Potion"}],"is_trial":false,"path_per_floor":["M","?","M","?","M","E","R","?","T","M","$","M","M","E","R","B",null,"M","?","?","M","M","R","E","R","T","E","M","$","M","M","R","B",null,"M","M","$","?","M","R","E","M","T","R","E","M","M","M","R","B"],"character_chosen":"THE_SILENT","items_purchased":["Quick Slash+1","Acrobatics","Well Laid Plans","Master of Strategy","Venomology","Pear","Accuracy","Madness","Dagger Throw+1","Flying Knee+1"],"campfire_rested":4,"item_purchase_floors":[11,11,11,11,29,29,37,37,37,37],"current_hp_per_floor":[77,77,77,66,65,28,51,51,51,51,51,30,28,20,20,20,77,77,77,77,76,47,47,33,71,71,56,53,63,63,48,48,32,101,101,101,101,101,81,81,49,24,24,69,69,65,53,43,88,0],"gold":244,"neow_bonus":"TEN_PERCENT_HP_BONUS","is_prod":false,"is_daily":false,"chose_seed":false,"campfire_upgraded":4,"win_rate":0,"timestamp":1570318358,"path_taken":["M","?","M","?","M","E","R","?","T","M","$","M","M","E","R","BOSS","M","?","?","M","M","R","E","R","T","E","M","$","?","M","R","BOSS","M","M","$","?","M","R","E","M","T","R","E","M","M","?","R","BOSS"],"build_version":"2019-10-04","purchased_purges":1,"victory":false,"max_hp_per_floor":[77,77,77,77,77,77,77,77,77,77,77,77,77,77,77,77,77,77,77,77,77,77,77,77,77,77,77,77,87,87,87,87,87,101,101,101,101,101,101,101,101,101,101,101,101,101,101,101,101,101],"card_choices":[{"not_picked":["Cloak And Dagger","Eviscerate"],"picked":"Concentrate","floor":1},{"not_picked":["Bane","Poisoned Stab"],"picked":"Dagger Throw","floor":3},{"not_picked":["Dagger Throw","Flying Knee"],"picked":"Backflip","floor":5},{"not_picked":["Bane","Backflip"],"picked":"Glass Knife","floor":6},{"not_picked":["Deadly Poison","PiercingWail"],"picked":"Prepared","floor":10},{"not_picked":["Riddle With Holes+1","Sucker Punch+1"],"picked":"Deflect","floor":12},{"not_picked":["Tactician","Dodge and Roll"],"picked":"Adrenaline","floor":13},{"not_picked":["Poisoned Stab+1","Escape Plan"],"picked":"Skewer+1","floor":14},{"not_picked":["Burst","Venomology"],"picked":"Adrenaline","floor":16},{"not_picked":["Escape Plan","Choke+1"],"picked":"Well Laid Plans+1","floor":18},{"not_picked":["Finisher+1","Tactician"],"picked":"Infinite Blades+1","floor":19},{"not_picked":["Acrobatics","Noxious Fumes"],"picked":"Cloak And Dagger","floor":21},{"not_picked":["Deadly Poison+1","PiercingWail+1"],"picked":"Underhanded Strike+1","floor":22},{"not_picked":["Blade Dance+1","Deadly Poison"],"picked":"Tactician","floor":24},{"not_picked":["Dagger Throw+1","Riddle With Holes+1"],"picked":"Blade Dance+1","floor":27},{"not_picked":["Quick Slash+1","Blur"],"picked":"Flying Knee+1","floor":28},{"not_picked":["Endless Agony+1","Setup"],"picked":"Reflex","floor":30},{"not_picked":["Infinite Blades","Sucker Punch+1"],"picked":"Underhanded Strike+1","floor":31},{"not_picked":["Envenom","Bullet Time"],"picked":"Doppelganger","floor":33},{"not_picked":["Acrobatics","Deadly Poison+1"],"picked":"Quick Slash+1","floor":35},{"not_picked":["Tactician+1","Unload+1"],"picked":"Setup+1","floor":36},{"not_picked":["Calculated Gamble","Blade Dance"],"picked":"Distraction","floor":39},{"not_picked":["Flying Knee+1","Poisoned Stab+1"],"picked":"Calculated Gamble+1","floor":41},{"not_picked":["Dodge and Roll+1","Underhanded Strike+1"],"picked":"Finisher+1","floor":42},{"not_picked":["Quick Slash+1","Finisher+1","Blade Dance"],"picked":"SKIP","floor":45},{"not_picked":["Endless Agony+1","Heel Hook+1","Dagger Spray+1"],"picked":"SKIP","floor":46},{"not_picked":["Acrobatics","Bouncing Flask+1","Quick Slash+1"],"picked":"SKIP","floor":47},{"not_picked":["Deadly Poison","Bane+1"],"picked":"Outmaneuver","floor":48}],"player_experience":153496,"relics_obtained":[{"floor":6,"key":"Molten Egg 2"},{"floor":9,"key":"InkBottle"},{"floor":14,"key":"Vajra"},{"floor":19,"key":"Red Mask"},{"floor":24,"key":"Regal Pillow"},{"floor":26,"key":"CaptainsWheel"},{"floor":27,"key":"Letter Opener"},{"floor":34,"key":"Bronze Scales"},{"floor":34,"key":"Gremlin Horn"},{"floor":34,"key":"Mango"},{"floor":41,"key":"Bottled Flame"},{"floor":43,"key":"Paper Crane"},{"floor":45,"key":"Lantern"}],"event_choices":[{"damage_healed":0,"gold_gain":175,"player_choice":"AGREE","damage_taken":0,"max_hp_gain":0,"max_hp_loss":0,"event_name":"Liars Game","floor":2,"gold_loss":0,"cards_obtained":["Doubt"]},{"damage_healed":0,"gold_gain":75,"player_choice":"Gather Gold","damage_taken":11,"max_hp_gain":0,"max_hp_loss":0,"event_name":"World of Goop","floor":4,"gold_loss":0},{"damage_healed":0,"gold_gain":0,"player_choice":"Take Wound","damage_taken":0,"relics_obtained":["Golden Idol"],"max_hp_gain":0,"max_hp_loss":0,"event_name":"Golden Idol","floor":8,"gold_loss":0,"cards_obtained":["Injury"]},{"damage_healed":0,"gold_gain":0,"player_choice":"Fought Bandits","damage_taken":0,"max_hp_gain":0,"max_hp_loss":0,"event_name":"Masked Bandits","floor":19,"gold_loss":0},{"damage_healed":0,"gold_gain":0,"player_choice":"Upgrade","damage_taken":0,"max_hp_gain":0,"max_hp_loss":0,"event_name":"Designer","floor":20,"gold_loss":40,"cards_upgraded":["Adrenaline"]},{"cards_removed":["Injury"],"damage_healed":0,"gold_gain":0,"player_choice":"Purged","damage_taken":0,"max_hp_gain":0,"max_hp_loss":0,"event_name":"Purifier","floor":38,"gold_loss":0}],"is_beta":true,"boss_relics":[{"not_picked":["Runic Dome","Velvet Choker"],"picked":"SacredBark"},{"not_picked":["Fusion Hammer","Coffee Dripper"],"picked":"Calling Bell"}],"items_purged_floors":[29],"is_endless":false,"potions_floor_spawned":[1,5,12,16,21,22,27,30,31,36,42,45,47],"killed_by":"Time Eater","ascension_level":4}