{"gold_per_floor":[109,59,69,244,244,244,269,280,307,324,352,352,372,16,16,16,16],"floor_reached":17,"playtime":315,"items_purged":[],"score":145,"play_id":"769e8b39-21dd-4e4a-9350-12da2f3c93d9","local_time":"20191012090304","is_ascension_mode":false,"campfire_choices":[{"data":"Zap","floor":6,"key":"SMITH"},{"data":"Chaos","floor":15,"key":"SMITH"}],"neow_cost":"NONE","seed_source_timestamp":1163728742488400,"circlet_count":0,"master_deck":["Strike_B","Strike_B","Defend_B","Defend_B","Defend_B","Defend_B","Zap+1","Dualcast","Beam Cell","Scrape","Doubt","Melter","Chaos+1","Sweeping Beam","Capacitor","Go for the Eyes"],"relics":["Cracked Core","Blood Vial","Oddly Smooth Stone","Odd Mushroom","Medical Kit","Orichalcum","Ectoplasm"],"potions_floor_usage":[16,16],"damage_taken":[{"damage":0,"enemies":"Small Slimes","floor":1,"turns":2},{"damage":1,"enemies":"Jaw Worm","floor":3,"turns":3},{"damage":2,"enemies":"2 Louse","floor":8,"turns":2},{"damage":6,"enemies":"Blue Slaver","floor":10,"turns":2},{"damage":22,"enemies":"The Mushroom Lair","floor":11,"turns":4},{"damage":8,"enemies":"Looter","floor":13,"turns":3},{"damage":5,"enemies":"Slime Boss","floor":16,"turns":6}],"seed_played":"7669515538970755344","potions_obtained":[{"floor":8,"key":"PowerPotion"},{"floor":11,"key":"PowerPotion"}],"is_trial":false,"path_per_floor":["M","?","M","?","?","R","T","M","T","M","?","?","M","$","R","B",null],"character_chosen":"DEFECT","items_purchased":["Medical Kit","Orichalcum"],"campfire_rested":0,"item_purchase_floors":[14,14],"current_hp_per_floor":[82,82,81,81,86,86,86,85,85,81,61,61,55,55,55,52,87],"gold":16,"neow_bonus":"TEN_PERCENT_HP_BONUS","is_prod":false,"is_daily":false,"chose_seed":false,"campfire_upgraded":2,"win_rate":0,"timestamp":1570863784,"path_taken":["M","?","M","?","?","R","?","?","T","M","?","?","M","$","R","BOSS"],"build_version":"2019-07-17","purchased_purges":0,"victory":false,"max_hp_per_floor":[82,82,82,82,87,87,87,87,87,87,87,87,87,87,87,87,87],"card_choices":[{"not_picked":["Static Discharge","Fusion"],"picked":"Beam Cell","floor":1},{"not_picked":["Hologram","Compile Driver"],"picked":"Scrape","floor":3},{"not_picked":["Rebound","Double Energy"],"picked":"Melter","floor":8},{"not_picked":["Compile Driver","Steam Power"],"picked":"Chaos","floor":10},{"not_picked":["Fusion","Aggregate"],"picked":"Sweeping Beam","floor":11},{"not_picked":["Rebound","Capacitor"],"picked":"Go for the Eyes","floor":13}],"player_experience":463960,"relics_obtained":[{"floor":7,"key":"Blood Vial"},{"floor":9,"key":"Oddly Smooth Stone"},{"floor":11,"key":"Odd Mushroom"}],"event_choices":[{"cards_removed":["Strike_B"],"damage_healed":0,"gold_gain":0,"player_choice":"Card Removal","damage_taken":0,"max_hp_gain":0,"max_hp_loss":0,"event_name":"The Cleric","floor":2,"gold_loss":50},{"damage_healed":0,"gold_gain":175,"player_choice":"AGREE","damage_taken":0,"max_hp_gain":0,"max_hp_loss":0,"event_name":"Liars Game","floor":4,"gold_loss":0,"cards_obtained":["Doubt"]},{"damage_healed":0,"gold_gain":0,"player_choice":"Donut","damage_taken":0,"max_hp_gain":5,"max_hp_loss":0,"event_name":"Big Fish","floor":5,"gold_loss":0},{"damage_healed":0,"gold_gain":0,"player_choice":"Fought Mushrooms","damage_taken":0,"max_hp_gain":0,"max_hp_loss":0,"event_name":"Mushrooms","floor":11,"gold_loss":0},{"damage_healed":0,"gold_gain":0,"cards_transformed":["Strike_B"],"player_choice":"Transformed","damage_taken":0,"max_hp_gain":0,"max_hp_loss":0,"event_name":"Transmorgrifier","floor":12,"gold_loss":0,"cards_obtained":["Capacitor"]}],"is_beta":false,"boss_relics":[{"not_picked":["Sozu","Busted Crown"],"picked":"Ectoplasm"}],"items_purged_floors":[],"is_endless":false,"potions_floor_spawned":[8,11,16],"ascension_level":0}