{"gold_per_floor":[110,124,136,148,33,33,68,68,115,134,150,169,230,180,180,279,279,293,392,402,317,136,169,169,92,92,104,118,118],"floor_reached":29,"playtime":5366,"items_purged":["Defend_G"],"score":247,"play_id":"2c95981b-a7c0-4e9b-91ae-a725ee7ba27c","local_time":"20191003214035","is_ascension_mode":false,"campfire_choices":[{"data":"Catalyst","floor":6,"key":"SMITH"},{"floor":8,"key":"REST"},{"floor":15,"key":"REST"}],"neow_cost":"NONE","seed_source_timestamp":357778396861000,"circlet_count":0,"master_deck":["Strike_G","Strike_G","Defend_G","Defend_G","Defend_G","Defend_G","Survivor","Neutralize","PiercingWail","Catalyst+1","Leg Sweep","Dash","Crippling Poison","Noxious Fumes","Poisoned Stab","Dagger Spray","Outmaneuver","Backflip","Burst","Flying Knee+1","Riddle With Holes+1","Wraith Form v2+1","PiercingWail","Deadly Poison","Backflip","Infinite Blades+1","Blade Dance+1","Catalyst+1","Flechettes","Backflip"],"relics":["Ring of the Snake","Frozen Egg 2","Strawberry","Potion Belt","Astrolabe","Sundial","Boot","Bottled Flame"],"potions_floor_usage":[2,7,7,23,27,28,28],"damage_taken":[{"damage":1,"enemies":"Cultist","floor":1,"turns":5},{"damage":0,"enemies":"Jaw Worm","floor":2,"turns":6},{"damage":2,"enemies":"Small Slimes","floor":3,"turns":4},{"damage":9,"enemies":"3 Louse","floor":4,"turns":8},{"damage":13,"enemies":"3 Sentries","floor":7,"turns":8},{"damage":0,"enemies":"2 Fungi Beasts","floor":10,"turns":4},{"damage":0,"enemies":"Exordium Wildlife","floor":11,"turns":6},{"damage":5,"enemies":"3 Louse","floor":12,"turns":3},{"damage":27,"enemies":"3 Sentries","floor":13,"turns":10},{"damage":43,"enemies":"The Guardian","floor":16,"turns":13},{"damage":13,"enemies":"3 Byrds","floor":18,"turns":5},{"damage":10,"enemies":"Shell Parasite","floor":20,"turns":6},{"damage":45,"enemies":"Slavers","floor":23,"turns":7},{"damage":2,"enemies":"Snecko","floor":27,"turns":6},{"damage":3,"enemies":"Snake Plant","floor":28,"turns":4},{"damage":6,"enemies":"Gremlin Leader","floor":29,"turns":2}],"seed_played":"-4002570910794362190","potions_obtained":[{"floor":1,"key":"EssenceOfSteel"},{"floor":2,"key":"Block Potion"},{"floor":4,"key":"FearPotion"},{"floor":16,"key":"FearPotion"},{"floor":20,"key":"FearPotion"},{"floor":27,"key":"GhostInAJar"}],"is_trial":false,"path_per_floor":["M","M","M","M","$","R","E","R","T","M","M","M","?","?","R","B",null,"M","?","M","?","$","E","?","$","T","M","M","E"],"character_chosen":"THE_SILENT","items_purchased":["Noxious Fumes","Deadly Poison","Backflip","Infinite Blades+1","EssenceOfSteel"],"campfire_rested":2,"item_purchase_floors":[5,22,22,22,25],"current_hp_per_floor":[69,69,67,58,58,58,45,66,73,73,73,68,41,41,64,21,77,64,64,54,54,54,9,9,9,9,7,4,0],"gold":118,"neow_bonus":"THREE_CARDS","is_prod":false,"is_daily":false,"chose_seed":false,"campfire_upgraded":1,"win_rate":0.0,"timestamp":1570135235,"path_taken":["M","M","M","M","?","R","E","R","T","M","M","M","?","?","R","BOSS","M","?","M","?","?","E","?","$","T","M","M","E"],"build_version":"2019-07-17","purchased_purges":1,"victory":false,"max_hp_per_floor":[70,70,70,70,70,70,70,70,77,77,77,77,77,77,77,77,77,77,77,77,77,77,77,77,77,77,77,77,77],"card_choices":[{"not_picked":["Flying Knee","Expertise"],"picked":"PiercingWail","floor":0},{"not_picked":["Infinite Blades","Flechettes"],"picked":"Catalyst","floor":1},{"not_picked":["PiercingWail","Flying Knee"],"picked":"Leg Sweep","floor":2},{"not_picked":["Infinite Blades","Bane"],"picked":"Dash","floor":3},{"not_picked":["Blade Dance","Sucker Punch"],"picked":"Crippling Poison","floor":4},{"not_picked":["Outmaneuver","Prepared"],"picked":"Poisoned Stab","floor":7},{"not_picked":["Quick Slash","Eviscerate"],"picked":"Dagger Spray","floor":10},{"not_picked":["Riddle With Holes","Finisher"],"picked":"Outmaneuver","floor":11},{"not_picked":["Slice","Backstab"],"picked":"Backflip","floor":12},{"not_picked":["Phantasmal Killer","Glass Knife"],"picked":"Burst","floor":16},{"not_picked":["Riddle With Holes","Predator+1"],"picked":"PiercingWail","floor":18},{"not_picked":["Riddle With Holes+1","Dagger Throw","Noxious Fumes+1"],"picked":"SKIP","floor":20},{"not_picked":["Quick Slash","Riddle With Holes"],"picked":"Blade Dance+1","floor":23},{"not_picked":["PiercingWail","Backflip"],"picked":"Flechettes","floor":27},{"not_picked":["Slice","Acrobatics"],"picked":"Backflip","floor":28}],"player_experience":26406,"relics_obtained":[{"floor":7,"key":"Frozen Egg 2"},{"floor":9,"key":"Strawberry"},{"floor":13,"key":"Potion Belt"},{"floor":23,"key":"Boot"},{"floor":26,"key":"Bottled Flame"}],"event_choices":[{"damage_healed":0,"gold_gain":0,"player_choice":"Searched \u00271\u0027 times","damage_taken":0,"max_hp_gain":0,"max_hp_loss":0,"event_name":"Dead Adventurer","floor":13,"gold_loss":0},{"damage_healed":0,"gold_gain":0,"player_choice":"Left Gold","damage_taken":0,"max_hp_gain":0,"max_hp_loss":0,"event_name":"World of Goop","floor":14,"gold_loss":50},{"damage_healed":0,"gold_gain":99,"player_choice":"Stole From Cult","damage_taken":0,"max_hp_gain":0,"max_hp_loss":0,"event_name":"Nest","floor":19,"gold_loss":0},{"damage_healed":0,"gold_gain":0,"player_choice":"Obtained Relic","damage_taken":0,"relics_obtained":["Sundial"],"max_hp_gain":0,"max_hp_loss":0,"event_name":"Addict","floor":21,"gold_loss":85},{"damage_healed":0,"gold_gain":0,"player_choice":"Copied","damage_taken":0,"max_hp_gain":0,"max_hp_loss":0,"event_name":"Duplicator","floor":24,"gold_loss":0,"cards_obtained":["Catalyst"]}],"is_beta":false,"boss_relics":[{"not_picked":["Busted Crown","Runic Dome"],"picked":"Astrolabe"}],"items_purged_floors":[5],"is_endless":false,"potions_floor_spawned":[1,2,4,16,20,27],"killed_by":"Gremlin Leader","ascension_level":0}