{"gold_per_floor":[118,118,129,204,219,219,254,254,254,274,325,337,369,411,423,435],"floor_reached":16,"playtime":540,"items_purged":[],"score":220,"play_id":"079b5221-3d3c-4d9a-93b9-1c5f0a052961","local_time":"20191011192511","is_ascension_mode":true,"campfire_choices":[{"data":"Capacitor","floor":6.0,"key":"SMITH"},{"data":"Zap","floor":8.0,"key":"SMITH"},{"floor":12.0,"key":"REST"},{"floor":15.0,"key":"REST"}],"neow_cost":"TEN_PERCENT_HP_LOSS","seed_source_timestamp":1114186219793699,"circlet_count":0,"master_deck":["AscendersBane","Strike_B","Strike_B","Defend_B","Defend_B","Defend_B","Defend_B","Zap+1","Dualcast","Ball Lightning","Melter","Redo","Cold Snap","Capacitor+1","BootSequence","Conserve Battery","Leap","Reinforced Body"],"special_seed":0,"relics":["Cracked Core","Ornamental Fan","Boot","MawBank","Blood Vial"],"potions_floor_usage":[16],"damage_taken":[{"damage":1.0,"enemies":"2 Louse","floor":1.0,"turns":2.0},{"damage":0.0,"enemies":"Small Slimes","floor":3.0,"turns":2.0},{"damage":0.0,"enemies":"Jaw Worm","floor":5.0,"turns":3.0},{"damage":9.0,"enemies":"Gremlin Nob","floor":7.0,"turns":3.0},{"damage":29.0,"enemies":"Exordium Thugs","floor":10.0,"turns":4.0},{"damage":19.0,"enemies":"Large Slime","floor":13.0,"turns":5.0},{"damage":14.0,"enemies":"Lagavulin","floor":14.0,"turns":6.0},{"damage":29,"enemies":"Slime Boss","floor":16,"turns":11}],"seed_played":"6700340464813608357","potions_obtained":[{"floor":5.0,"key":"FearPotion"},{"floor":10.0,"key":"PowerPotion"},{"floor":13.0,"key":"FearPotion"}],"is_trial":false,"path_per_floor":["M","?","M","?","M","R","E","R","T","M","T","R","M","E","R","B"],"character_chosen":"DEFECT","items_purchased":[],"campfire_rested":2,"item_purchase_floors":[],"current_hp_per_floor":[63,68,68,57,57,57,48,48,48,19,19,39,20,6,26,0],"gold":435,"neow_bonus":"TRANSFORM_TWO_CARDS","is_prod":false,"is_daily":false,"chose_seed":false,"campfire_upgraded":2,"win_rate":0,"timestamp":1570814711,"path_taken":["M","?","M","?","?","R","E","R","T","M","?","R","M","E","R","BOSS"],"build_version":"2019-07-17","purchased_purges":0,"victory":false,"max_hp_per_floor":[64,69,69,69,69,69,69,69,69,69,69,69,69,69,69,69],"card_choices":[{"not_picked":["Darkness","Double Energy"],"picked":"Redo","floor":1.0},{"not_picked":["Reprogram","Barrage"],"picked":"Cold Snap","floor":3.0},{"not_picked":["Scrape","Melter"],"picked":"Capacitor","floor":5.0},{"not_picked":["Streamline","Beam Cell"],"picked":"BootSequence","floor":7.0},{"not_picked":["Streamline","Fusion"],"picked":"Conserve Battery","floor":10.0},{"not_picked":["Beam Cell","Rebound"],"picked":"Leap","floor":13.0},{"not_picked":["Compile Driver","Sweeping Beam"],"picked":"Reinforced Body","floor":14.0}],"player_experience":459343,"relics_obtained":[{"floor":7.0,"key":"Ornamental Fan"},{"floor":9.0,"key":"Boot"},{"floor":11.0,"key":"MawBank"},{"floor":14.0,"key":"Blood Vial"}],"event_choices":[{"damage_healed":0.0,"max_hp_gain":5.0,"max_hp_loss":0.0,"gold_gain":0.0,"event_name":"Big Fish","player_choice":"Donut","floor":2.0,"gold_loss":0.0,"damage_taken":0.0},{"damage_healed":0.0,"max_hp_gain":0.0,"max_hp_loss":0.0,"gold_gain":75.0,"event_name":"World of Goop","player_choice":"Gather Gold","floor":4.0,"gold_loss":0.0,"damage_taken":11.0}],"is_beta":false,"boss_relics":[],"items_purged_floors":[],"is_endless":false,"potions_floor_spawned":[5,10,13],"killed_by":"Slime Boss","ascension_level":20}