{"gold_per_floor":[19,34,34,48,124,163,234,234,311,346,97,97],"floor_reached":12,"playtime":634,"items_purged":["Strike_G"],"score":103,"play_id":"ff4d6765-e12c-44eb-8b06-ecc22c745ce7","local_time":"20191005163218","is_ascension_mode":true,"campfire_choices":[{"floor":8,"key":"REST"}],"neow_cost":"NO_GOLD","seed_source_timestamp":17259435878928,"circlet_count":0,"master_deck":["Strike_G","Strike_G","Strike_G","Strike_G","Defend_G","Defend_G","Defend_G","Defend_G","Defend_G","Survivor","Neutralize","Underhanded Strike","Backflip","Injury","Prepared","Predator","Tactician","Malaise","Purity"],"relics":["Ring of the Snake","Du-Vu Doll","Golden Idol","Anchor","Smiling Mask","Vajra"],"potions_floor_usage":[6,6,7,11],"damage_taken":[{"damage":0,"enemies":"Small Slimes","floor":1,"turns":5},{"damage":0,"enemies":"2 Louse","floor":2,"turns":4},{"damage":1,"enemies":"Jaw Worm","floor":4,"turns":4},{"damage":7,"enemies":"3 Sentries","floor":6,"turns":11},{"damage":47,"enemies":"Lagavulin Event","floor":7,"turns":8},{"damage":22,"enemies":"Gremlin Nob","floor":10,"turns":4},{"damage":25,"enemies":"Lagavulin","floor":12,"turns":7}],"seed_played":"-7693011353715041532","potions_obtained":[{"floor":2,"key":"Block Potion"},{"floor":4,"key":"Block Potion"},{"floor":7,"key":"Fruit Juice"}],"is_trial":false,"path_per_floor":["M","M","?","M","?","E","?","R","T","E","$","E"],"character_chosen":"THE_SILENT","items_purchased":["Fruit Juice","Purity"],"campfire_rested":1,"item_purchase_floors":[11,11],"current_hp_per_floor":[70,70,70,69,69,62,20,42,42,20,25,0],"gold":97,"neow_bonus":"ONE_RARE_RELIC","is_prod":false,"is_daily":false,"chose_seed":false,"campfire_upgraded":0,"win_rate":0,"timestamp":1570246338,"path_taken":["M","M","?","M","?","E","?","R","T","E","?","E"],"build_version":"2019-10-04","purchased_purges":1,"victory":false,"max_hp_per_floor":[70,70,70,70,70,70,75,75,75,75,80,80],"card_choices":[{"not_picked":["Outmaneuver","Blade Dance"],"picked":"Underhanded Strike","floor":1},{"not_picked":["Slice","Outmaneuver"],"picked":"Backflip","floor":2},{"not_picked":["Acrobatics","Footwork"],"picked":"Prepared","floor":4},{"not_picked":["Dagger Spray","Slice"],"picked":"Predator","floor":6},{"not_picked":["Poisoned Stab","Sucker Punch"],"picked":"Tactician","floor":7},{"not_picked":["All Out Attack","Terror"],"picked":"Malaise","floor":10}],"player_experience":150555,"relics_obtained":[{"floor":6,"key":"Anchor"},{"floor":10,"key":"Vajra"}],"event_choices":[{"damage_healed":0,"gold_gain":0,"player_choice":"Take Wound","damage_taken":0,"relics_obtained":["Golden Idol"],"max_hp_gain":0,"max_hp_loss":0,"event_name":"Golden Idol","floor":3,"gold_loss":0,"cards_obtained":["Injury"]},{"damage_healed":0,"gold_gain":76,"player_choice":"Gained Gold","damage_taken":0,"max_hp_gain":0,"max_hp_loss":0,"event_name":"Golden Wing","floor":5,"gold_loss":0},{"damage_healed":0,"gold_gain":0,"player_choice":"Searched \u00273\u0027 times","damage_taken":0,"relics_obtained":["Smiling Mask"],"max_hp_gain":0,"max_hp_loss":0,"event_name":"Dead Adventurer","floor":7,"gold_loss":0}],"is_beta":true,"boss_relics":[],"items_purged_floors":[11],"is_endless":false,"potions_floor_spawned":[2,4,7],"killed_by":"Lagavulin","ascension_level":4}