{"gold_per_floor":[114,129,129,0,175,175,9,9,9,54,69,84,99,22,22,122,122,137,152,4,19,19,19,34,49,49,49,49,49,14,14,14,114,114,129,4,19,19,34,34,64,64,364,364,364,379,394,44,44,44],"floor_reached":51,"playtime":2082,"items_purged":["Doubt"],"score":792,"play_id":"c7943b78-3f0f-45e4-b9d7-a731213808f2","local_time":"20180924113609","daily_mods":["Heirloom","Lethality","Vintage"],"is_ascension_mode":false,"campfire_choices":[{"data":"Zap","floor":6.0,"key":"SMITH"},{"data":"Sweeping Beam","floor":8.0,"key":"SMITH"},{"data":"Defragment","floor":15.0,"key":"SMITH"},{"data":"Sunder","floor":23.0,"key":"SMITH"},{"floor":28.0,"key":"REST"},{"floor":32.0,"key":"REST"},{"floor":40.0,"key":"DIG"},{"data":"Creative AI","floor":42.0,"key":"SMITH"},{"floor":44.0,"key":"DIG"},{"data":"Coolheaded","floor":49,"key":"SMITH"}],"neow_cost":"","seed_source_timestamp":0,"circlet_count":0,"master_deck":["Zap+1","Dualcast","Capacitor","Gash","BootSequence","Sweeping Beam+1","Defragment+1","All For One","Compile Driver","Steam","Beam Cell","Cold Snap","Sunder+1","Coolheaded+1","Rebound","Steam","Defragment+1","Stack","Hologram","Turbo+1","Storm","Coolheaded","Creative AI+1","Conserve Battery","FTL","Defragment+1","Conserve Battery","Gash+1"],"special_seed":17798,"relics":["Cracked Core","Bird Faced Urn","StoneCalendar","Mummified Hand","Ornamental Fan","Tiny Chest","Du-Vu Doll","Blood Vial","Orichalcum","Mango","Pandora\u0027s Box","Shovel","Dream Catcher","Strawberry","Ancient Tea Set","Gremlin Horn","Juzu Bracelet","Bag of Marbles","Runic Dome","Pocketwatch","Potion Belt","Bronze Scales","Centennial Puzzle","Molten Egg 2","Old Coin","Thread and Needle","Calipers","Bottled Lightning","Unceasing Top"],"potions_floor_usage":[50,50],"damage_taken":[{"damage":5.0,"enemies":"Small Slimes","floor":1.0,"turns":3.0},{"damage":0.0,"enemies":"Jaw Worm","floor":2.0,"turns":3.0},{"damage":0.0,"enemies":"Cultist","floor":10.0,"turns":2.0},{"damage":5.0,"enemies":"Exordium Thugs","floor":11.0,"turns":4.0},{"damage":0.0,"enemies":"Large Slime","floor":12.0,"turns":3.0},{"damage":0.0,"enemies":"2 Fungi Beasts","floor":13.0,"turns":2.0},{"damage":60.0,"enemies":"Hexaghost","floor":16.0,"turns":6.0},{"damage":12.0,"enemies":"2 Thieves","floor":18.0,"turns":3.0},{"damage":0.0,"enemies":"Chosen","floor":19.0,"turns":3.0},{"damage":16.0,"enemies":"Centurion and Healer","floor":21.0,"turns":5.0},{"damage":26.0,"enemies":"Snake Plant","floor":24.0,"turns":3.0},{"damage":37.0,"enemies":"Shelled Parasite and Fungi","floor":25.0,"turns":4.0},{"damage":2.0,"enemies":"Champ","floor":33.0,"turns":7.0},{"damage":30.0,"enemies":"3 Darklings","floor":35.0,"turns":4.0},{"damage":0.0,"enemies":"Orb Walker","floor":37.0,"turns":2.0},{"damage":3.0,"enemies":"Reptomancer","floor":39.0,"turns":4.0},{"damage":6.0,"enemies":"Nemesis","floor":41.0,"turns":4.0},{"damage":3.0,"enemies":"4 Shapes","floor":46.0,"turns":3.0},{"damage":0.0,"enemies":"Spire Growth","floor":47.0,"turns":4.0},{"damage":2,"enemies":"Donu and Deca","floor":50,"turns":4}],"seed_played":"696348812476848075","potions_obtained":[{"floor":10.0,"key":"PowerPotion"},{"floor":11.0,"key":"Fire Potion"},{"floor":12.0,"key":"Dexterity Potion"},{"floor":13.0,"key":"SteroidPotion"},{"floor":19.0,"key":"Ancient Potion"},{"floor":41.0,"key":"SneckoOil"},{"floor":46.0,"key":"AttackPotion"}],"is_trial":false,"path_per_floor":["M","M","?","$","?","R","$","R","T","M","M","M","M","$","R","B",null,"M","M","$","M","?","R","M","M","T","?","R","?","$","?","R","B",null,"M","$","M","?","M","R","E","R","T","R","?","M","M","$","R","B"],"character_chosen":"DEFECT","items_purchased":["Capacitor","Gash","BootSequence","Sweeping Beam","Defragment","Defragment","Stack","Hologram","Storm","Conserve Battery","FTL","Unceasing Top","Gash+1"],"campfire_rested":2,"item_purchase_floors":[4,4,7,7,14,20,20,20,30,36,36,48,48],"current_hp_per_floor":[70,70,75,75,75,75,75,75,75,75,70,72,74,74,74,36,94,84,90,90,87,87,87,63,34,34,34,64,64,64,64,94,99,101,81,81,83,83,96,96,100,100,100,100,100,101,101,101,101,101],"gold":44,"neow_bonus":"","is_prod":false,"is_daily":true,"chose_seed":false,"campfire_upgraded":6,"win_rate":1,"timestamp":1537756569,"path_taken":["M","M","?","?","?","R","$","R","T","?","M","M","M","$","R","BOSS","M","M","$","M","?","R","M","M","T","?","R","?","$","?","R","BOSS","M","$","M","?","M","R","E","R","T","R","?","M","M","$","R","BOSS"],"build_version":"2018-09-20","purchased_purges":1,"victory":true,"max_hp_per_floor":[75,75,80,80,80,80,80,80,80,80,80,80,80,80,80,94,94,94,94,94,101,101,101,101,101,101,101,101,101,101,101,101,101,101,101,101,101,101,101,101,101,101,101,101,101,101,101,101,101,101],"card_choices":[{"not_picked":["Multi-Cast","Core Surge"],"picked":"All For One","floor":16.0},{"not_picked":["Rebound","Steam Power+1"],"picked":"Turbo","floor":28.0},{"not_picked":["Rebound+1","Turbo"],"picked":"Coolheaded","floor":32.0},{"not_picked":["Core Surge","Reboot"],"picked":"Creative AI","floor":33.0},{"not_picked":["Barrage+1","Compile Driver"],"picked":"Conserve Battery","floor":41.0}],"player_experience":56764,"relics_obtained":[{"floor":1.0,"key":"StoneCalendar"},{"floor":2.0,"key":"Mummified Hand"},{"floor":9.0,"key":"Ornamental Fan"},{"floor":10.0,"key":"Tiny Chest"},{"floor":11.0,"key":"Du-Vu Doll"},{"floor":12.0,"key":"Blood Vial"},{"floor":13.0,"key":"Orichalcum"},{"floor":16.0,"key":"Mango"},{"floor":18.0,"key":"Shovel"},{"floor":19.0,"key":"Dream Catcher"},{"floor":21.0,"key":"Strawberry"},{"floor":24.0,"key":"Ancient Tea Set"},{"floor":25.0,"key":"Gremlin Horn"},{"floor":26.0,"key":"Juzu Bracelet"},{"floor":33.0,"key":"Bag of Marbles"},{"floor":35.0,"key":"Pocketwatch"},{"floor":37.0,"key":"Potion Belt"},{"floor":39.0,"key":"Bronze Scales"},{"floor":40.0,"key":"Centennial Puzzle"},{"floor":41.0,"key":"Molten Egg 2"},{"floor":43.0,"key":"Old Coin"},{"floor":44.0,"key":"Thread and Needle"},{"floor":46.0,"key":"Calipers"},{"floor":47.0,"key":"Bottled Lightning"}],"event_choices":[{"event_name":"Big Fish","player_choice":"Donut","floor":3.0,"damage_taken":0.0},{"event_name":"Liars Game","player_choice":"agreed","floor":5.0,"damage_taken":0.0},{"event_name":"N\u0027loth","player_choice":"Ignored","floor":22.0,"damage_taken":0.0},{"event_name":"Accursed Blacksmith","player_choice":"Forge","floor":27.0,"damage_taken":0.0},{"event_name":"Upgrade Shrine","player_choice":"Upgraded","floor":29.0,"damage_taken":0.0},{"event_name":"Beggar","player_choice":"Ignored","floor":31.0,"damage_taken":0.0},{"event_name":"Duplicator","player_choice":"One dupe","floor":38.0,"damage_taken":0.0},{"event_name":"Tomb of Lord Red Mask","player_choice":"Ignored","floor":45.0,"damage_taken":0.0}],"is_beta":false,"boss_relics":[{"not_picked":["Runic Pyramid","Black Star"],"picked":"Pandora\u0027s Box"},{"not_picked":["Empty Cage","Astrolabe"],"picked":"Runic Dome"}],"items_purged_floors":[7],"is_endless":false,"potions_floor_spawned":[10,11,12,13,19,25,35,41,46],"ascension_level":0}