{"gold_per_floor":[116,116,66,76,87,87,102,102,181,212,212,225,245,260,260,361,361,380,394,394,394,411,411,426,442,442,442,453,453,471,482,482,580,580,596,612,658,253,267,267,278,278,278,278,298,0,18,31,31,31],"floor_reached":51,"playtime":2662,"items_purged":["Defend_R"],"score":709,"play_id":"e6f4a6e0-d59f-43c4-960d-dff56fc58292","local_time":"20181008032835","is_ascension_mode":false,"campfire_choices":[{"data":"Bash","floor":6.0,"key":"SMITH"},{"data":"True Grit","floor":8.0,"key":"SMITH"},{"data":"True Grit","floor":11.0,"key":"SMITH"},{"data":"Metallicize","floor":15.0,"key":"SMITH"},{"data":"Fiend Fire","floor":23.0,"key":"SMITH"},{"data":"Metallicize","floor":27.0,"key":"SMITH"},{"data":"Clash","floor":32.0,"key":"SMITH"},{"data":"Demon Form","floor":40.0,"key":"SMITH"},{"floor":44.0,"key":"REST"},{"floor":49.0,"key":"REST"}],"neow_cost":"NONE","seed_source_timestamp":639894232898278,"circlet_count":0,"master_deck":["Strike_R+1","Strike_R+1","Defend_R","Defend_R","Defend_R","Bash+1","Metallicize+1","Thunderclap","True Grit+1","Fiend Fire+1","True Grit+1","Clash","Battle Trance","Offering","Flex+1","Clash+1","Clash","Writhe","Metallicize+1","Whirlwind+1","Clash+1","Burning Pact+1","Demon Form+1","Whirlwind+1","Cleave+1","Fire Breathing+1","Exhume","Metallicize","Doubt","Barricade"],"special_seed":0,"relics":["Burning Blood","Anchor","Smiling Mask","Singing Bowl","Strawberry","Cursed Key","Molten Egg 2","Astrolabe","Turnip","Lantern","Whetstone","Thread and Needle","Vajra","Red Mask"],"potions_floor_usage":[50,50],"damage_taken":[{"damage":1.0,"enemies":"Jaw Worm","floor":1.0,"turns":2.0},{"damage":0.0,"enemies":"2 Louse","floor":4.0,"turns":3.0},{"damage":0.0,"enemies":"Small Slimes","floor":5.0,"turns":3.0},{"damage":5.0,"enemies":"Looter","floor":7.0,"turns":3.0},{"damage":34.0,"enemies":"Lagavulin","floor":10.0,"turns":6.0},{"damage":1.0,"enemies":"2 Fungi Beasts","floor":12.0,"turns":3.0},{"damage":3.0,"enemies":"Blue Slaver","floor":13.0,"turns":4.0},{"damage":1.0,"enemies":"Exordium Wildlife","floor":14.0,"turns":3.0},{"damage":35.0,"enemies":"The Guardian","floor":16.0,"turns":12.0},{"damage":11.0,"enemies":"3 Byrds","floor":18.0,"turns":6.0},{"damage":26.0,"enemies":"Spheric Guardian","floor":19.0,"turns":4.0},{"damage":12.0,"enemies":"Snake Plant","floor":22.0,"turns":2.0},{"damage":6.0,"enemies":"Snecko","floor":24.0,"turns":3.0},{"damage":9.0,"enemies":"Shelled Parasite and Fungi","floor":25.0,"turns":5.0},{"damage":10.0,"enemies":"Centurion and Healer","floor":28.0,"turns":6.0},{"damage":1.0,"enemies":"Cultist and Chosen","floor":30.0,"turns":4.0},{"damage":21.0,"enemies":"Snecko","floor":31.0,"turns":5.0},{"damage":54.0,"enemies":"Automaton","floor":33.0,"turns":7.0},{"damage":0.0,"enemies":"3 Shapes","floor":35.0,"turns":2.0},{"damage":0.0,"enemies":"Orb Walker","floor":36.0,"turns":3.0},{"damage":26.0,"enemies":"Mysterious Sphere","floor":37.0,"turns":3.0},{"damage":8.0,"enemies":"3 Darklings","floor":39.0,"turns":2.0},{"damage":35.0,"enemies":"Transient","floor":41.0,"turns":5.0},{"damage":33.0,"enemies":"Mind Bloom Boss Battle","floor":42.0,"turns":5.0},{"damage":10.0,"enemies":"4 Shapes","floor":45.0,"turns":12.0},{"damage":23.0,"enemies":"Spire Growth","floor":47.0,"turns":5.0},{"damage":19.0,"enemies":"Sphere and 2 Shapes","floor":48.0,"turns":7.0},{"damage":42,"enemies":"Donu and Deca","floor":50,"turns":8}],"seed_played":"5224931705742661164","potions_obtained":[{"floor":1.0,"key":"EntropicBrew"},{"floor":5.0,"key":"FearPotion"},{"floor":13.0,"key":"FearPotion"},{"floor":18.0,"key":"BloodPotion"},{"floor":25.0,"key":"PowerPotion"},{"floor":30.0,"key":"BloodPotion"},{"floor":35.0,"key":"Explosive Potion"},{"floor":47.0,"key":"PowerPotion"},{"floor":48.0,"key":"Energy Potion"}],"is_trial":false,"path_per_floor":["M","?","?","M","M","R","M","R","T","E","R","M","M","M","R","B",null,"M","M","?","?","M","R","M","M","T","R","M","T","M","M","R","B",null,"M","M","?","$","M","R","M","?","T","R","M","?","M","M","R","B"],"character_chosen":"IRONCLAD","items_purchased":["Lantern","Whetstone","PowerPotion"],"campfire_rested":2,"item_purchase_floors":[38,38,38],"current_hp_per_floor":[80,80,80,80,80,80,80,80,80,59,59,66,69,74,74,45,89,84,64,64,64,58,58,60,66,66,66,62,62,69,63,63,15,93,95,95,77,77,77,77,50,23,23,53,51,51,34,23,54,18],"gold":31,"neow_bonus":"RANDOM_COMMON_RELIC","is_prod":false,"is_daily":false,"chose_seed":false,"campfire_upgraded":8,"win_rate":0,"timestamp":1538936915,"path_taken":["M","?","?","M","M","R","M","R","T","E","R","M","M","M","R","BOSS","M","M","?","?","M","R","M","M","T","R","?","?","M","M","R","BOSS","M","M","?","$","M","R","M","?","T","R","?","?","?","?","R","BOSS"],"build_version":"2018-10-04v2","purchased_purges":1,"victory":true,"max_hp_per_floor":[80,80,80,80,80,80,80,80,80,87,87,89,89,89,89,89,89,89,89,89,89,89,89,91,91,91,91,91,91,93,93,93,93,93,95,95,97,97,99,99,101,101,101,101,103,103,103,105,105,105],"card_choices":[{"not_picked":["Anger","Clash"],"picked":"Metallicize","floor":1.0},{"not_picked":["Seeing Red","Sword Boomerang"],"picked":"Thunderclap","floor":4.0},{"not_picked":["Dropkick","Body Slam"],"picked":"True Grit","floor":5.0},{"not_picked":["Warcry","Wild Strike"],"picked":"Fiend Fire","floor":7.0},{"not_picked":["Flex","Ghostly Armor"],"picked":"True Grit","floor":10.0},{"not_picked":["Blood for Blood","Combust","True Grit"],"picked":"Singing Bowl","floor":12.0},{"not_picked":["Perfected Strike","Metallicize"],"picked":"Clash","floor":13.0},{"not_picked":["Warcry","Twin Strike"],"picked":"Battle Trance","floor":14.0},{"not_picked":["Limit Break","Reaper"],"picked":"Offering","floor":16.0},{"not_picked":["Reckless Charge","Havoc+1"],"picked":"Flex+1","floor":18.0},{"not_picked":["Cleave","Intimidate"],"picked":"Clash","floor":19.0},{"not_picked":["Twin Strike+1","Perfected Strike+1"],"picked":"Metallicize","floor":22.0},{"not_picked":["Rupture","Thunderclap+1","Shrug It Off"],"picked":"Singing Bowl","floor":24.0},{"not_picked":["Headbutt+1","Sever Soul+1"],"picked":"Whirlwind+1","floor":25.0},{"not_picked":["Body Slam+1","Entrench"],"picked":"Clash+1","floor":28.0},{"not_picked":["Cleave+1","Burning Pact","Ghostly Armor"],"picked":"Singing Bowl","floor":30.0},{"not_picked":["Body Slam+1","Twin Strike+1"],"picked":"Burning Pact+1","floor":31.0},{"not_picked":["Double Tap","Reaper+1"],"picked":"Demon Form","floor":33.0},{"not_picked":["Rupture+1","Perfected Strike+1","Havoc+1"],"picked":"Singing Bowl","floor":35.0},{"not_picked":["Fire Breathing+1","Armaments+1"],"picked":"Exhume","floor":36.0},{"not_picked":["Shrug It Off","Flex","Headbutt+1"],"picked":"Singing Bowl","floor":37.0},{"not_picked":["Sever Soul+1","Shockwave","Fiend Fire+1"],"picked":"Singing Bowl","floor":39.0},{"not_picked":["Wild Strike+1","True Grit+1","Warcry"],"picked":"Singing Bowl","floor":41.0},{"not_picked":["Body Slam+1","Heavy Blade+1"],"picked":"Metallicize","floor":42.0},{"not_picked":["Sword Boomerang+1","Burning Pact+1","Whirlwind+1"],"picked":"Singing Bowl","floor":45.0},{"not_picked":["Headbutt+1","Corruption+1"],"picked":"Barricade","floor":47.0},{"not_picked":["Corruption","Havoc+1","Thunderclap+1"],"picked":"Singing Bowl","floor":48.0}],"player_experience":162358,"relics_obtained":[{"floor":9.0,"key":"Singing Bowl"},{"floor":10.0,"key":"Strawberry"},{"floor":37.0,"key":"Turnip"},{"floor":42.0,"key":"Thread and Needle"},{"floor":43.0,"key":"Vajra"}],"event_choices":[{"event_name":"Big Fish","player_choice":"Box","floor":2.0,"damage_taken":0.0},{"event_name":"The Cleric","player_choice":"Card Removal","floor":3.0,"damage_taken":0.0},{"event_name":"The Library","player_choice":"Read","floor":20.0,"damage_taken":0.0},{"event_name":"The Mausoleum","player_choice":"Yes","floor":21.0,"damage_taken":0.0},{"event_name":"Mysterious Sphere","player_choice":"Fight","floor":37.0,"damage_taken":0.0},{"event_name":"MindBloom","player_choice":"Fight","floor":42.0,"damage_taken":0.0},{"event_name":"Tomb of Lord Red Mask","player_choice":"Paid","floor":46.0,"damage_taken":0.0}],"is_beta":false,"boss_relics":[{"not_picked":["Fusion Hammer","Philosopher\u0027s Stone"],"picked":"Cursed Key"},{"not_picked":["Black Star","Calling Bell"],"picked":"Astrolabe"}],"items_purged_floors":[38],"is_endless":false,"potions_floor_spawned":[1,5,13,18,25,30,35,36,47,48],"ascension_level":0}