{"gold_per_floor":[414,414,429,444,444,459,474,241,316,346,150,69,84,49,49,149,149,164,164,164,179,194,194,209,209],"floor_reached":25,"playtime":2418,"items_purged":[],"score":205,"play_id":"7d252c63-f19b-4898-95ed-f8cd7963adfb","local_time":"20190628201133","daily_mods":["Heirloom","Vintage","Terminal"],"is_ascension_mode":false,"campfire_choices":[{"data":"Anger","floor":15,"key":"SMITH"},{"data":"Rampage","floor":23,"key":"SMITH"}],"neow_cost":"","seed_source_timestamp":89656220275139,"circlet_count":0,"master_deck":["Strike_R","Strike_R","Strike_R","Strike_R","Strike_R","Defend_R","Defend_R","Defend_R","Defend_R","Bash+1","Battle Trance","Shrug It Off+1","Anger+1","Rampage+1","Intimidate","Panacea","Reaper"],"special_seed":18076,"relics":["Black Blood","Old Coin","Ornamental Fan","Oddly Smooth Stone","Meat on the Bone","Letter Opener","Omamori","Red Skull","Pantograph","Anchor","Magic Flower","Vajra","Strawberry","Sundial","Regal Pillow"],"potions_floor_usage":[10,16,22,24,25,25],"damage_taken":[{"damage":0,"enemies":"2 Louse","floor":1,"turns":4},{"damage":0,"enemies":"Cultist","floor":3,"turns":4},{"damage":0,"enemies":"Jaw Worm","floor":4,"turns":3},{"damage":14,"enemies":"Exordium Thugs","floor":6,"turns":6},{"damage":10,"enemies":"Red Slaver","floor":7,"turns":4},{"damage":21,"enemies":"Lagavulin","floor":10,"turns":10},{"damage":0,"enemies":"Large Slime","floor":13,"turns":6},{"damage":39,"enemies":"Hexaghost","floor":16,"turns":11},{"damage":1,"enemies":"Shell Parasite","floor":18,"turns":9},{"damage":0,"enemies":"Chosen","floor":21,"turns":5},{"damage":30,"enemies":"Shelled Parasite and Fungi","floor":22,"turns":8},{"damage":18,"enemies":"Centurion and Healer","floor":24,"turns":10},{"damage":81,"enemies":"Gremlin Leader","floor":25,"turns":6}],"seed_played":"3787465507851504461","potions_obtained":[{"floor":3,"key":"Dexterity Potion"},{"floor":6,"key":"Swift Potion"},{"floor":16,"key":"Poison Potion"},{"floor":18,"key":"Explosive Potion"},{"floor":22,"key":"BloodPotion"}],"is_trial":false,"path_per_floor":["M","?","M","M","?","M","M","$","T","E","$","$","M","?","R","B",null,"M","?","?","M","M","R","M","E"],"character_chosen":"IRONCLAD","items_purchased":["Battle Trance","Shrug It Off","Red Skull","Rampage","Intimidate","Explosive Potion","Panacea"],"campfire_rested":0,"item_purchase_floors":[8,8,8,11,11,11,12],"current_hp_per_floor":[78,77,76,75,74,66,62,62,62,47,47,47,53,65,64,52,62,61,60,59,65,50,50,62,0],"gold":209,"neow_bonus":"","is_prod":false,"is_daily":true,"chose_seed":false,"campfire_upgraded":2,"win_rate":0.0,"timestamp":1561770693,"path_taken":["M","?","M","?","?","M","M","$","T","E","?","$","?","?","R","BOSS","M","?","?","M","M","R","M","E"],"build_version":"2019-01-23","purchased_purges":0,"victory":false,"max_hp_per_floor":[78,77,76,75,74,73,72,71,70,69,68,67,66,65,64,63,62,61,60,59,65,64,63,62,62],"card_choices":[{"not_picked":["Sentinel","Battle Trance"],"picked":"Anger","floor":10},{"not_picked":["Exhume","Berserk"],"picked":"Reaper","floor":16}],"player_experience":1821,"relics_obtained":[{"floor":1,"key":"Ornamental Fan"},{"floor":3,"key":"Oddly Smooth Stone"},{"floor":4,"key":"Meat on the Bone"},{"floor":6,"key":"Letter Opener"},{"floor":7,"key":"Omamori"},{"floor":9,"key":"Pantograph"},{"floor":10,"key":"Anchor"},{"floor":13,"key":"Magic Flower"},{"floor":18,"key":"Vajra"},{"floor":21,"key":"Strawberry"},{"floor":22,"key":"Sundial"},{"floor":24,"key":"Regal Pillow"}],"event_choices":[{"damage_healed":0,"gold_gain":0,"player_choice":"Upgraded","damage_taken":0,"max_hp_gain":0,"max_hp_loss":0,"event_name":"Upgrade Shrine","floor":2,"gold_loss":0,"cards_upgraded":["Bash"]},{"damage_healed":0,"gold_gain":0,"player_choice":"Ignored","damage_taken":0,"max_hp_gain":0,"max_hp_loss":0,"event_name":"Purifier","floor":5,"gold_loss":0},{"damage_healed":16,"gold_gain":0,"player_choice":"Healed","damage_taken":0,"max_hp_gain":0,"max_hp_loss":0,"event_name":"The Cleric","floor":14,"gold_loss":35},{"damage_healed":0,"gold_gain":0,"player_choice":"Ignored","damage_taken":0,"max_hp_gain":0,"max_hp_loss":0,"event_name":"Vampires","floor":19,"gold_loss":0},{"damage_healed":0,"gold_gain":0,"player_choice":"Upgraded","damage_taken":0,"max_hp_gain":0,"max_hp_loss":0,"event_name":"Upgrade Shrine","floor":20,"gold_loss":0,"cards_upgraded":["Shrug It Off"]}],"is_beta":false,"boss_relics":[{"not_picked":["Runic Cube","Mark of Pain"],"picked":"Black Blood"}],"items_purged_floors":[],"is_endless":false,"potions_floor_spawned":[3,6,16,18,22],"killed_by":"Gremlin Leader","ascension_level":0}