{"gold_per_floor":[114,124,140,156,176,176,202,202,229,246,257,41,216,235,235,331,331,346,356,29,29,39,39,139,139,164,164,179,192,192,107,107,208,208,220,220,220,220,233,233,261,161,185,65,65,77,77,95,95,95],"floor_reached":51,"playtime":2350,"items_purged":["Strike_B","Doubt"],"score":679,"play_id":"5c11d529-0c38-40a1-9316-3a2607a186b2","local_time":"20181028155005","is_ascension_mode":false,"campfire_choices":[{"data":"Zap","floor":6.0,"key":"SMITH"},{"data":"Sunder","floor":8.0,"key":"SMITH"},{"data":"Defragment","floor":15.0,"key":"SMITH"},{"data":"Go for the Eyes","floor":23.0,"key":"SMITH"},{"floor":25.0,"key":"REST"},{"data":"Dualcast","floor":27.0,"key":"SMITH"},{"data":"Static Discharge","floor":30.0,"key":"SMITH"},{"data":"Streamline","floor":32.0,"key":"SMITH"},{"data":"Machine Learning","floor":40,"key":"SMITH"},{"data":"Defragment","floor":45,"key":"SMITH"},{"data":"Jack Of All Trades","floor":47,"key":"SMITH"},{"floor":49,"key":"REST"}],"neow_cost":"NONE","seed_source_timestamp":26153897632475,"circlet_count":0,"master_deck":["Strike_B","Strike_B","Defend_B","Defend_B","Defend_B+1","Defend_B","Zap+1","Melter","Sunder+1","Chill","Cold Snap","Coolheaded","Go for the Eyes+1","Reinforced Body+1","Coolheaded","Defragment+1","Streamline+1","Core Surge","Conserve Battery","Static Discharge+1","Machine Learning+1","Jack Of All Trades+1","White Noise+1","Undo","Defragment+1","Lockon+1"],"special_seed":0,"relics":["Cracked Core","DataDisk","Art of War","War Paint","Busted Crown","Sundial","Torii","Bottled Lightning","Lantern","Regal Pillow","Velvet Choker","Oddly Smooth Stone","Blood Vial"],"potions_floor_usage":[41,50,50,50],"damage_taken":[{"damage":2.0,"enemies":"Small Slimes","floor":1.0,"turns":3.0},{"damage":1.0,"enemies":"Cultist","floor":2.0,"turns":3.0},{"damage":1.0,"enemies":"Jaw Worm","floor":3.0,"turns":3.0},{"damage":0.0,"enemies":"Exordium Wildlife","floor":4.0,"turns":3.0},{"damage":0.0,"enemies":"Large Slime","floor":5.0,"turns":4.0},{"damage":16.0,"enemies":"Lagavulin","floor":7.0,"turns":9.0},{"damage":0.0,"enemies":"2 Fungi Beasts","floor":10.0,"turns":3.0},{"damage":0.0,"enemies":"Lots of Slimes","floor":11.0,"turns":4.0},{"damage":0.0,"enemies":"Red Slaver","floor":14.0,"turns":4.0},{"damage":16.0,"enemies":"Hexaghost","floor":16.0,"turns":11.0},{"damage":0.0,"enemies":"Spheric Guardian","floor":18.0,"turns":3.0},{"damage":0.0,"enemies":"3 Byrds","floor":19.0,"turns":5.0},{"damage":0.0,"enemies":"Snecko","floor":22.0,"turns":5.0},{"damage":11.0,"enemies":"Colosseum Slavers","floor":24.0,"turns":4.0},{"damage":19.0,"enemies":"Colosseum Nobs","floor":24.0,"turns":7.0},{"damage":0.0,"enemies":"Chosen and Byrds","floor":28.0,"turns":6.0},{"damage":1.0,"enemies":"Snake Plant","floor":29.0,"turns":4.0},{"damage":36.0,"enemies":"Collector","floor":33.0,"turns":16.0},{"damage":0.0,"enemies":"Orb Walker","floor":35.0,"turns":3.0},{"damage":0,"enemies":"3 Shapes","floor":39,"turns":6},{"damage":17,"enemies":"Reptomancer","floor":41,"turns":8},{"damage":0,"enemies":"Sphere and 2 Shapes","floor":46,"turns":6},{"damage":0,"enemies":"4 Shapes","floor":48,"turns":8},{"damage":30,"enemies":"Donu and Deca","floor":50,"turns":8}],"seed_played":"-3501494395255757212","potions_obtained":[{"floor":1.0,"key":"SkillPotion"},{"floor":5.0,"key":"Dexterity Potion"},{"floor":7.0,"key":"Poison Potion"},{"floor":22.0,"key":"Dexterity Potion"},{"floor":33.0,"key":"Weak Potion"},{"floor":41,"key":"SneckoOil"},{"floor":46,"key":"PowerPotion"}],"is_trial":false,"path_per_floor":["M","M","M","M","M","R","E","R","T","M","M","$","?","M","R","B",null,"M","M","$","?","M","R","?","R","T","R","M","M","R","?","R","B",null,"M","?","?","?","M","R","E","$","T","$","R","M","R","M","R","B"],"character_chosen":"DEFECT","items_purchased":["Defragment","War Paint","Sundial","Defragment","Dexterity Potion"],"campfire_rested":2,"item_purchase_floors":[12,12,20,44,44],"current_hp_per_floor":[73,72,71,71,71,71,55,55,55,55,55,55,55,55,55,39,75,75,75,75,61,61,61,31,55,55,55,55,54,54,54,54,18,80,80,80,80,80,80,80,63,63,63,63,63,65,65,67,80,50],"gold":95,"neow_bonus":"REMOVE_CARD","is_prod":false,"is_daily":false,"chose_seed":false,"campfire_upgraded":10,"win_rate":0,"timestamp":1540709405,"path_taken":["M","M","M","M","M","R","E","R","T","M","M","$","?","M","R","BOSS","M","M","?","?","M","R","?","R","T","R","?","M","R","?","R","BOSS","M","?","?","?","M","R","E","$","T","$","R","M","R","?","R","BOSS"],"build_version":"2018-10-25v2","purchased_purges":2,"victory":true,"max_hp_per_floor":[75,75,75,75,75,75,75,75,75,75,75,75,75,75,75,75,75,75,75,75,80,80,80,80,80,80,80,80,80,80,80,80,80,80,80,80,80,80,80,80,80,80,80,80,80,80,80,80,80,80],"card_choices":[{"not_picked":["Cold Snap","Steam"],"picked":"Melter","floor":1.0},{"not_picked":["Conserve Battery","Beam Cell"],"picked":"Sunder","floor":2.0},{"not_picked":["Gash","Coolheaded"],"picked":"Chill","floor":3.0},{"not_picked":["Steam","Gash"],"picked":"Cold Snap","floor":4.0},{"not_picked":["Aggregate","Turbo"],"picked":"Coolheaded","floor":5.0},{"not_picked":["Sweeping Beam","Sunder"],"picked":"Go for the Eyes","floor":7.0},{"not_picked":["Genetic Algorithm","Thunder Strike"],"picked":"Reinforced Body","floor":10.0},{"not_picked":["Recycle","Turbo"],"picked":"Coolheaded","floor":11.0},{"not_picked":["Auto Shields","Conserve Battery"],"picked":"Streamline","floor":14.0},{"not_picked":["Fission","Reboot"],"picked":"Core Surge","floor":16.0},{"not_picked":["Cold Snap"],"picked":"SKIP","floor":18.0},{"not_picked":[],"picked":"Conserve Battery","floor":19.0},{"not_picked":["Fusion+1"],"picked":"SKIP","floor":22.0},{"not_picked":[],"picked":"Static Discharge","floor":28.0},{"not_picked":["Sweeping Beam+1"],"picked":"SKIP","floor":29.0},{"not_picked":[],"picked":"Machine Learning","floor":33.0},{"not_picked":["Redo+1"],"picked":"SKIP","floor":35.0},{"not_picked":[],"picked":"Jack Of All Trades","floor":37},{"not_picked":[],"picked":"White Noise+1","floor":39},{"not_picked":[],"picked":"Undo","floor":41},{"not_picked":["Scrape+1"],"picked":"SKIP","floor":46},{"not_picked":[],"picked":"Lockon+1","floor":48}],"player_experience":356267,"relics_obtained":[{"floor":7.0,"key":"DataDisk"},{"floor":9.0,"key":"Art of War"},{"floor":24.0,"key":"Torii"},{"floor":24.0,"key":"Bottled Lightning"},{"floor":26.0,"key":"Lantern"},{"floor":41,"key":"Oddly Smooth Stone"},{"floor":43,"key":"Blood Vial"}],"event_choices":[{"damage_healed":0.0,"max_hp_gain":0.0,"max_hp_loss":0.0,"gold_gain":175.0,"event_name":"Liars Game","player_choice":"AGREE","floor":13.0,"gold_loss":0.0,"damage_taken":0.0,"cards_obtained":["Doubt"]},{"damage_healed":0.0,"max_hp_gain":5.0,"max_hp_loss":0.0,"gold_gain":0.0,"event_name":"Forgotten Altar","player_choice":"Shed Blood","floor":21.0,"gold_loss":0.0,"damage_taken":19.0},{"damage_healed":0.0,"max_hp_gain":0.0,"max_hp_loss":0.0,"gold_gain":0.0,"event_name":"Colosseum","player_choice":"Fight","floor":24.0,"gold_loss":0.0,"damage_taken":0.0},{"damage_healed":0.0,"max_hp_gain":0.0,"max_hp_loss":0.0,"gold_gain":0.0,"event_name":"Colosseum","player_choice":"Fought Nobs","floor":24.0,"gold_loss":0.0,"damage_taken":0.0},{"damage_healed":0.0,"max_hp_gain":0.0,"max_hp_loss":0.0,"gold_gain":0.0,"event_name":"Addict","player_choice":"Obtained Relic","floor":31.0,"gold_loss":85.0,"damage_taken":0.0,"relics_obtained":["Regal Pillow"]},{"damage_healed":0.0,"max_hp_gain":0.0,"max_hp_loss":0.0,"gold_gain":0.0,"event_name":"Mysterious Sphere","player_choice":"Ignored","floor":36.0,"gold_loss":0.0,"damage_taken":0.0},{"damage_healed":0,"gold_gain":0,"player_choice":"Memory 1","damage_taken":0,"max_hp_gain":0,"max_hp_loss":0,"event_name":"SensoryStone","floor":37,"gold_loss":0},{"cards_removed":["Dualcast"],"damage_healed":0,"gold_gain":0,"player_choice":"Removed Skill","damage_taken":0,"max_hp_gain":0,"max_hp_loss":0,"event_name":"Falling","floor":38,"gold_loss":0}],"is_beta":false,"boss_relics":[{"not_picked":["Orrery","Calling Bell"],"picked":"Busted Crown"},{"not_picked":["Philosopher\u0027s Stone","Runic Dome"],"picked":"Velvet Choker"}],"items_purged_floors":[20,42],"is_endless":false,"potions_floor_spawned":[1,5,7,10,11,22,33,41,46,48],"ascension_level":0}