{"gold_per_floor":[112,112,126,136,161,196,208,237,249,32,32,49,4,15,15,120,120,140,140,153,172,172,172,205,222,222,72,91,91,110,120,120,219,219,230,246,121,140,140,157,157,45,45,45,64,74,101,120,120,120],"floor_reached":51,"playtime":3219,"items_purged":["Strike_R","Strike_R","Strike_R"],"score":710,"play_id":"8cfc0ff2-8440-4d0b-b592-bc4969fc4748","local_time":"20181006154459","is_ascension_mode":false,"campfire_choices":[{"data":"Bash","floor":7.0,"key":"SMITH"},{"data":"Body Slam","floor":11.0,"key":"SMITH"},{"data":"Armaments","floor":15.0,"key":"SMITH"},{"data":"True Grit","floor":23.0,"key":"SMITH"},{"data":"Metallicize","floor":29,"key":"SMITH"},{"floor":32,"key":"REST"},{"data":"Juggernaut","floor":41,"key":"SMITH"},{"floor":49,"key":"REST"}],"neow_cost":"NONE","seed_source_timestamp":510924608199660,"circlet_count":0,"master_deck":["Strike_R","Defend_R","Defend_R+1","Defend_R","Defend_R","Bash+1","True Grit+1","Battle Trance","Dropkick","Armaments+1","Body Slam+1","Metallicize+1","True Grit","Ghostly Armor","Flame Barrier","Shrug It Off","Uppercut","Juggernaut+1","Armaments+1","Burning Pact","Shrug It Off","Spot Weakness+1","Dropkick","Entrench+1","Shrug It Off","Shockwave+1","Demon Form","Rampage+1","Shrug It Off","Iron Wave","Madness","Madness","Burning Pact+1","Feel No Pain","Normality","Body Slam+1","Warcry","Headbutt+1"],"special_seed":0,"relics":["Burning Blood","Regal Pillow","MawBank","Bag of Marbles","Velvet Choker","Red Mask","War Paint","Cursed Key","Pantograph","Anchor"],"potions_floor_usage":[24,24,24,30,33,33,48,50,50],"damage_taken":[{"damage":13.0,"enemies":"Jaw Worm","floor":1.0,"turns":5.0},{"damage":0.0,"enemies":"Cultist","floor":3.0,"turns":3.0},{"damage":0.0,"enemies":"2 Louse","floor":4.0,"turns":3.0},{"damage":26.0,"enemies":"3 Sentries","floor":6.0,"turns":13.0},{"damage":2.0,"enemies":"Blue Slaver","floor":8.0,"turns":6.0},{"damage":0.0,"enemies":"Looter","floor":12.0,"turns":4.0},{"damage":3.0,"enemies":"2 Fungi Beasts","floor":14.0,"turns":4.0},{"damage":27.0,"enemies":"The Guardian","floor":16.0,"turns":20.0},{"damage":3.0,"enemies":"2 Thieves","floor":18.0,"turns":4.0},{"damage":2.0,"enemies":"Shell Parasite","floor":20.0,"turns":4.0},{"damage":5.0,"enemies":"Cultist and Chosen","floor":21.0,"turns":8.0},{"damage":28,"enemies":"Masked Bandits","floor":24,"turns":8},{"damage":5,"enemies":"Centurion and Healer","floor":25,"turns":6},{"damage":8,"enemies":"Snecko","floor":28,"turns":5},{"damage":15,"enemies":"Snake Plant","floor":30,"turns":4},{"damage":5,"enemies":"Shelled Parasite and Fungi","floor":31,"turns":5},{"damage":68,"enemies":"Automaton","floor":33,"turns":12},{"damage":0,"enemies":"3 Shapes","floor":35,"turns":7},{"damage":14,"enemies":"Orb Walker","floor":36,"turns":5},{"damage":0,"enemies":"3 Darklings","floor":38,"turns":6},{"damage":8,"enemies":"Reptomancer","floor":40,"turns":8},{"damage":0,"enemies":"Sphere and 2 Shapes","floor":45,"turns":7},{"damage":12,"enemies":"Spire Growth","floor":46,"turns":4},{"damage":36,"enemies":"2 Orb Walkers","floor":47,"turns":6},{"damage":21,"enemies":"Reptomancer","floor":48,"turns":8},{"damage":46,"enemies":"Donu and Deca","floor":50,"turns":11}],"seed_played":"2999260609113580271","potions_obtained":[{"floor":1.0,"key":"FearPotion"},{"floor":3.0,"key":"Strength Potion"},{"floor":4.0,"key":"GamblersBrew"},{"floor":18.0,"key":"Strength Potion"},{"floor":25,"key":"Regen Potion"},{"floor":28,"key":"SpeedPotion"},{"floor":31,"key":"SneckoOil"},{"floor":33,"key":"Block Potion"},{"floor":35,"key":"AttackPotion"}],"is_trial":false,"path_per_floor":["M","?","M","M","T","E","R","M","T","$","R","M","$","M","R","B",null,"M","?","M","M","?","R","?","M","T","$","M","R","M","M","R","B",null,"M","M","$","M","?","M","R","$","T","$","M","M","E","M","R","B"],"character_chosen":"IRONCLAD","items_purchased":["Metallicize","True Grit","Ghostly Armor","Shrug It Off","Dexterity Potion","Feel No Pain","LiquidBronze"],"campfire_rested":2,"item_purchase_floors":[10,10,10,13,27,42,42],"current_hp_per_floor":[73,66,72,78,78,58,58,62,62,62,62,68,68,71,71,50,80,80,65,69,70,70,70,48,49,49,49,47,47,47,48,85,23,85,85,77,77,83,72,70,70,70,70,70,76,70,40,25,65,45],"gold":120,"neow_bonus":"THREE_CARDS","is_prod":false,"is_daily":false,"chose_seed":false,"campfire_upgraded":6,"win_rate":1,"timestamp":1538808299,"path_taken":["M","?","M","M","?","E","R","M","T","$","R","M","?","?","R","BOSS","M","?","M","M","?","R","?","M","T","$","M","R","M","M","R","BOSS","M","M","$","M","?","M","R","?","T","$","M","?","E","M","R","BOSS"],"build_version":"2018-10-04v2","purchased_purges":3,"victory":true,"max_hp_per_floor":[80,80,80,80,80,80,80,80,80,80,80,80,80,80,80,80,80,80,85,85,85,85,85,85,85,85,85,85,85,85,85,85,85,85,85,85,85,85,85,85,85,85,85,85,85,85,85,85,85,85],"card_choices":[{"not_picked":["Cleave","Clash"],"picked":"True Grit","floor":0.0},{"not_picked":["Bloodletting","Anger"],"picked":"Battle Trance","floor":1.0},{"not_picked":["Headbutt","Thunderclap"],"picked":"Dropkick","floor":3.0},{"not_picked":["Shrug It Off","Anger"],"picked":"Armaments","floor":4.0},{"not_picked":["Brutality","Anger"],"picked":"Body Slam","floor":6.0},{"not_picked":["Blood for Blood","Perfected Strike","Second Wind"],"picked":"SKIP","floor":8.0},{"not_picked":["Pummel","Flex"],"picked":"Flame Barrier","floor":12.0},{"not_picked":["Rupture","Sword Boomerang"],"picked":"Uppercut","floor":14.0},{"not_picked":["Brutality","Impervious"],"picked":"Juggernaut","floor":16.0},{"not_picked":["Shockwave","Iron Wave"],"picked":"Armaments+1","floor":18.0},{"not_picked":["Spot Weakness","Cleave+1"],"picked":"Burning Pact","floor":20.0},{"not_picked":["Clothesline","Rage","Intimidate"],"picked":"SKIP","floor":21.0},{"not_picked":["Thunderclap","Heavy Blade"],"picked":"Spot Weakness","floor":24},{"not_picked":["Clothesline","Havoc"],"picked":"Dropkick","floor":25},{"not_picked":["Clothesline","Flex+1"],"picked":"Entrench+1","floor":28},{"not_picked":["Twin Strike","Reckless Charge+1"],"picked":"Shrug It Off","floor":30},{"not_picked":["Thunderclap","Flex"],"picked":"Shockwave+1","floor":31},{"not_picked":["Brutality","Limit Break"],"picked":"Demon Form","floor":33},{"not_picked":["Cleave","Infernal Blade"],"picked":"Rampage+1","floor":35},{"not_picked":["Rupture","Burning Pact"],"picked":"Shrug It Off","floor":36},{"not_picked":["Inflame+1","Anger+1"],"picked":"Iron Wave","floor":38},{"not_picked":["Wild Strike+1","Thunderclap"],"picked":"Burning Pact+1","floor":40},{"not_picked":["Wild Strike+1","Hemokinesis+1","Bloodletting+1"],"picked":"SKIP","floor":45},{"not_picked":["Searing Blow+1","Havoc+1"],"picked":"Body Slam+1","floor":46},{"not_picked":["Seeing Red","Brutality"],"picked":"Warcry","floor":47},{"not_picked":["Sever Soul+1","Sword Boomerang"],"picked":"Headbutt+1","floor":48}],"player_experience":127613,"relics_obtained":[{"floor":5.0,"key":"Regal Pillow"},{"floor":6.0,"key":"MawBank"},{"floor":9.0,"key":"Bag of Marbles"},{"floor":24,"key":"Red Mask"},{"floor":26,"key":"War Paint"},{"floor":43,"key":"Pantograph"},{"floor":47,"key":"Anchor"}],"event_choices":[{"event_name":"Golden Wing","player_choice":"Card Removal","floor":2.0,"damage_taken":0.0},{"event_name":"Forgotten Altar","player_choice":"Shed Blood","floor":19.0,"damage_taken":0.0},{"event_name":"The Library","player_choice":"Read","floor":22.0,"damage_taken":0.0},{"event_name":"Masked Bandits","player_choice":"Fought Bandits","floor":24,"damage_taken":0},{"event_name":"Winding Halls","player_choice":"Embrace Madness","floor":39,"damage_taken":0}],"is_beta":false,"boss_relics":[{"not_picked":["Runic Cube","Mark of Pain"],"picked":"Velvet Choker"},{"not_picked":["Coffee Dripper","Snecko Eye"],"picked":"Cursed Key"}],"items_purged_floors":[10,27,37],"is_endless":false,"potions_floor_spawned":[1,3,4,12,18,25,28,31,33,35,38,46,47],"ascension_level":0}