{"gold_per_floor":[115,134,148,160,178,178,191,191,191,191,191,191,141,168,168,272,272,290,40,40,52,52,52,67,67,67,67,67,85,120,133,133,234,234,246,11,0,15,15,15,80,94,94,94,149,149,169,186,186,186],"floor_reached":51,"playtime":2878,"items_purged":["Strike_B"],"score":722,"play_id":"93598f83-a29e-49ef-88a9-272645fe8924","local_time":"20181021134137","is_ascension_mode":false,"campfire_choices":[{"data":"Zap","floor":6,"key":"SMITH"},{"data":"Buffer","floor":8,"key":"SMITH"},{"data":"Sweeping Beam","floor":11,"key":"SMITH"},{"data":"Dualcast","floor":15,"key":"SMITH"},{"data":"Beam Cell","floor":23,"key":"SMITH"},{"data":"Leap","floor":25,"key":"SMITH"},{"data":"Leap","floor":28,"key":"SMITH"},{"data":"Barrage","floor":32,"key":"SMITH"},{"data":"Loop","floor":40,"key":"SMITH"},{"data":"Go for the Eyes","floor":44,"key":"SMITH"},{"data":"Fusion","floor":46,"key":"SMITH"},{"data":"Consume","floor":49,"key":"SMITH"}],"neow_cost":"NONE","seed_source_timestamp":391729058133682,"circlet_count":0,"master_deck":["Strike_B+1","Defend_B+1","Defend_B+1","Defend_B+1","Zap+1","Dualcast+1","Sweeping Beam+1","Cold Snap","Coolheaded","Steam","FTL","Blizzard+1","Buffer+1","Compile Driver","Electrodynamics","Leap+1","Core Surge","Cold Snap","Beam Cell+1","Leap+1","Capacitor+1","Barrage+1","Leap+1","Echo Form","Fusion+1","Loop+1","Capacitor+1","Conserve Battery","Go for the Eyes+1","Hologram+1","Consume+1"],"relics":["FrozenCore","Ancient Tea Set","Kunai","Sozu","Centennial Puzzle","Emotion Chip","Smiling Mask","Mercury Hourglass","DollysMirror","Red Mask","Tiny Chest","The Courier","Mango"],"potions_floor_usage":[4,50],"damage_taken":[{"damage":1,"enemies":"Small Slimes","floor":1,"turns":3},{"damage":0,"enemies":"Jaw Worm","floor":2,"turns":3},{"damage":0,"enemies":"2 Louse","floor":3,"turns":2},{"damage":0,"enemies":"Exordium Thugs","floor":4,"turns":5},{"damage":1,"enemies":"Exordium Wildlife","floor":5,"turns":4},{"damage":5,"enemies":"2 Fungi Beasts","floor":7,"turns":3},{"damage":0,"enemies":"3 Sentries","floor":14,"turns":6},{"damage":39,"enemies":"Hexaghost","floor":16,"turns":13},{"damage":0,"enemies":"Chosen","floor":18,"turns":4},{"damage":0,"enemies":"Spheric Guardian","floor":21,"turns":3},{"damage":0,"enemies":"Snake Plant","floor":24,"turns":4},{"damage":0,"enemies":"Cultist and Chosen","floor":29,"turns":6},{"damage":28,"enemies":"Slavers","floor":30,"turns":5},{"damage":0,"enemies":"Snecko","floor":31,"turns":5},{"damage":33,"enemies":"Champ","floor":33,"turns":15},{"damage":0,"enemies":"Orb Walker","floor":35,"turns":4},{"damage":8,"enemies":"3 Darklings","floor":38,"turns":5},{"damage":0,"enemies":"Reptomancer","floor":41,"turns":6},{"damage":0,"enemies":"Spire Growth","floor":42,"turns":6},{"damage":15,"enemies":"2 Orb Walkers","floor":45,"turns":7},{"damage":0,"enemies":"Jaw Worm Horde","floor":47,"turns":3},{"damage":12,"enemies":"Transient","floor":48,"turns":5},{"damage":1,"enemies":"Time Eater","floor":50,"turns":14}],"seed_played":"-1265497393202942751","potions_obtained":[{"floor":3,"key":"Poison Potion"},{"floor":5,"key":"SpeedPotion"},{"floor":7,"key":"Strength Potion"}],"is_trial":false,"path_per_floor":["M","M","M","M","M","R","M","R","T","?","R","?","?","E","R","B",null,"M","$","T","M","?","R","M","R","T","?","R","M","E","M","R","B",null,"M","$","?","M","?","R","E","M","T","R","?","R","M","M","R","B"],"character_chosen":"DEFECT","items_purchased":["Core Surge","Cold Snap","Loop","DollysMirror"],"campfire_rested":0,"item_purchase_floors":[19,19,36,36],"current_hp_per_floor":[74,74,74,74,73,73,68,68,68,61,61,61,61,61,61,22,75,75,75,75,75,75,75,75,75,75,75,75,75,47,47,47,14,75,75,75,75,67,67,67,67,67,67,67,66,66,66,54,54,53],"gold":186,"neow_bonus":"THREE_CARDS","is_prod":false,"is_daily":false,"chose_seed":false,"campfire_upgraded":12,"win_rate":0,"timestamp":1540096897,"path_taken":["M","M","M","M","M","R","M","R","T","?","R","?","?","E","R","BOSS","M","$","?","M","?","R","M","R","T","?","R","M","E","M","R","BOSS","M","$","?","M","?","R","E","M","T","R","?","R","?","M","R","BOSS"],"build_version":"2018-10-18","purchased_purges":1,"victory":true,"max_hp_per_floor":[75,75,75,75,75,75,75,75,75,75,75,75,75,75,75,75,75,75,75,75,75,75,75,75,75,75,75,75,75,75,75,75,75,75,75,75,75,75,75,75,75,75,75,75,89,89,89,89,89,89],"card_choices":[{"not_picked":["Conserve Battery","Reprogram"],"picked":"Sweeping Beam","floor":0},{"not_picked":["Beam Cell","Skim"],"picked":"Cold Snap","floor":1},{"not_picked":["Stack","Hologram"],"picked":"Coolheaded","floor":2},{"not_picked":["Lockon","Darkness"],"picked":"Steam","floor":3},{"not_picked":["Coolheaded","Aggregate"],"picked":"FTL","floor":4},{"not_picked":["Steam","Ball Lightning"],"picked":"Blizzard","floor":5},{"not_picked":["Sweeping Beam","Conserve Battery"],"picked":"Buffer","floor":7},{"not_picked":["Rip and Tear","Double Energy"],"picked":"Compile Driver","floor":14},{"not_picked":["Thunder Strike","Rainbow"],"picked":"Electrodynamics","floor":16},{"not_picked":["Gash","Streamline"],"picked":"Leap","floor":18},{"not_picked":["Auto Shields","Barrage+1"],"picked":"Beam Cell","floor":21},{"not_picked":["Sweeping Beam","Force Field"],"picked":"Leap","floor":24},{"not_picked":["Turbo","Hologram"],"picked":"Capacitor+1","floor":29},{"not_picked":["Cold Snap+1","Ball Lightning"],"picked":"Barrage","floor":30},{"not_picked":["Streamline+1","Ball Lightning"],"picked":"Leap+1","floor":31},{"not_picked":["Reboot","Electrodynamics"],"picked":"Echo Form","floor":33},{"not_picked":["Leap+1","Doom and Gloom"],"picked":"Fusion","floor":35},{"not_picked":["Undo","Stack"],"picked":"Conserve Battery","floor":38},{"not_picked":["Sweeping Beam+1","Meteor Strike"],"picked":"Go for the Eyes","floor":41},{"not_picked":["Recycle+1","Tempest","Blizzard"],"picked":"SKIP","floor":42},{"not_picked":["Go for the Eyes+1","Conserve Battery+1"],"picked":"Hologram+1","floor":45},{"not_picked":["Barrage","Auto Shields+1"],"picked":"Consume","floor":47},{"not_picked":["Turbo","Rip and Tear+1","Coolheaded"],"picked":"SKIP","floor":48}],"player_experience":296177,"relics_obtained":[{"floor":9,"key":"Ancient Tea Set"},{"floor":14,"key":"Kunai"},{"floor":20,"key":"Centennial Puzzle"},{"floor":26,"key":"Emotion Chip"},{"floor":30,"key":"Mercury Hourglass"},{"floor":41,"key":"Tiny Chest"},{"floor":43,"key":"The Courier"},{"floor":45,"key":"Mango"}],"event_choices":[{"cards_removed":["Strike_B"],"damage_healed":0,"gold_gain":0,"player_choice":"Card Removal","damage_taken":7,"max_hp_gain":0,"max_hp_loss":0,"event_name":"Golden Wing","floor":10,"gold_loss":0},{"damage_healed":0,"gold_gain":0,"player_choice":"Grow","damage_taken":0,"max_hp_gain":0,"max_hp_loss":0,"event_name":"Living Wall","floor":12,"gold_loss":0,"cards_upgraded":["Blizzard"]},{"cards_removed":["Strike_B"],"damage_healed":0,"gold_gain":0,"player_choice":"Card Removal","damage_taken":0,"max_hp_gain":0,"max_hp_loss":0,"event_name":"The Cleric","floor":13,"gold_loss":50},{"damage_healed":0,"gold_gain":0,"player_choice":"Simplicity","damage_taken":0,"max_hp_gain":0,"max_hp_loss":0,"event_name":"Back to Basics","floor":22,"gold_loss":0,"cards_upgraded":["Strike_B","Defend_B","Defend_B","Defend_B","Defend_B"]},{"damage_healed":0,"gold_gain":0,"player_choice":"Gave Potion","damage_taken":0,"relics_obtained":["Smiling Mask"],"max_hp_gain":0,"max_hp_loss":0,"event_name":"WeMeetAgain","floor":27,"gold_loss":0},{"damage_healed":0,"gold_gain":0,"player_choice":"Paid","damage_taken":0,"relics_obtained":["Red Mask"],"max_hp_gain":0,"max_hp_loss":0,"event_name":"Tomb of Lord Red Mask","floor":37,"gold_loss":11},{"cards_removed":["Defend_B"],"damage_healed":0,"gold_gain":0,"player_choice":"Removed Skill","damage_taken":0,"max_hp_gain":0,"max_hp_loss":0,"event_name":"Falling","floor":39,"gold_loss":0},{"damage_healed":0,"gold_gain":0,"player_choice":"Fight","damage_taken":0,"max_hp_gain":0,"max_hp_loss":0,"event_name":"Mysterious Sphere","floor":45,"gold_loss":0}],"is_beta":false,"boss_relics":[{"not_picked":["Eternal Feather","Astrolabe"],"picked":"Sozu"},{"not_picked":["Lizard Tail","Snecko Eye"],"picked":"FrozenCore"}],"items_purged_floors":[19],"is_endless":false,"potions_floor_spawned":[3,5,7,21,30,31,33,42,45],"ascension_level":0}