{"gold_per_floor":[12,31,41,56,72,72,106,118,145,170,180,197,197,212,212,312,312,252,252,53,53,53,53,53,53,53,53,53,53,53,3,3,3,3,3,3,3,3,3,3,3,3,3,3,3,3,3,3,3,3],"floor_reached":51,"playtime":2451,"items_purged":["Defend_R"],"score":732,"play_id":"0876854f-cdd1-4e8b-abc3-08248c0adbd2","local_time":"20181017223709","is_ascension_mode":false,"campfire_choices":[{"data":"True Grit","floor":6.0,"key":"SMITH"},{"data":"True Grit","floor":13.0,"key":"SMITH"},{"data":"Bash","floor":15.0,"key":"SMITH"},{"data":"Whirlwind","floor":24.0,"key":"SMITH"},{"floor":27.0,"key":"DIG"},{"floor":29.0,"key":"DIG"},{"floor":32.0,"key":"DIG"},{"floor":41,"key":"DIG"},{"floor":44,"key":"DIG"},{"data":"Clash","floor":46,"key":"SMITH"},{"data":"Flex","floor":49,"key":"SMITH"}],"neow_cost":"NO_GOLD","seed_source_timestamp":78599841974643,"circlet_count":0,"master_deck":["Strike_R","Strike_R","Strike_R","Strike_R","Strike_R","Defend_R+1","Defend_R","Defend_R","Bash+1","True Grit+1","Clash+1","Clash+1","Whirlwind+1","Iron Wave","Warcry","True Grit+1","Dark Embrace","Clash","Clash","Clash","Shrug It Off+1","Warcry","Flex+1","Inflame+1","Clash","Clash+1","Flex+1","True Grit+1"],"special_seed":0,"relics":["Burning Blood","Unceasing Top","Strawberry","Juzu Bracelet","Letter Opener","Ectoplasm","Anchor","Shovel","Meat on the Bone","Nilry\u0027s Codex","Smiling Mask","Vajra","Red Mask","Potion Belt","Kunai","Boot","Runic Pyramid","Turnip","Du-Vu Doll","Oddly Smooth Stone","War Paint","Blood Vial"],"potions_floor_usage":[50,50,50],"damage_taken":[{"damage":6.0,"enemies":"Cultist","floor":1.0,"turns":3.0},{"damage":4.0,"enemies":"Jaw Worm","floor":2.0,"turns":4.0},{"damage":5.0,"enemies":"Small Slimes","floor":3.0,"turns":3.0},{"damage":7.0,"enemies":"Blue Slaver","floor":4.0,"turns":2.0},{"damage":1.0,"enemies":"2 Fungi Beasts","floor":5.0,"turns":4.0},{"damage":25.0,"enemies":"3 Sentries","floor":7.0,"turns":8.0},{"damage":0.0,"enemies":"3 Louse","floor":8.0,"turns":3.0},{"damage":16.0,"enemies":"Lagavulin","floor":10.0,"turns":8.0},{"damage":8.0,"enemies":"Exordium Wildlife","floor":11.0,"turns":4.0},{"damage":5.0,"enemies":"Looter","floor":12.0,"turns":3.0},{"damage":0.0,"enemies":"Blue Slaver","floor":14.0,"turns":3.0},{"damage":62.0,"enemies":"The Guardian","floor":16.0,"turns":12.0},{"damage":13.0,"enemies":"2 Thieves","floor":18.0,"turns":4.0},{"damage":5.0,"enemies":"Chosen","floor":19.0,"turns":5.0},{"damage":0.0,"enemies":"Snake Plant","floor":21.0,"turns":2.0},{"damage":2.0,"enemies":"Colosseum Slavers","floor":22.0,"turns":3.0},{"damage":14.0,"enemies":"Colosseum Nobs","floor":22.0,"turns":4.0},{"damage":0.0,"enemies":"Centurion and Healer","floor":25.0,"turns":4.0},{"damage":4.0,"enemies":"Masked Bandits","floor":28.0,"turns":3.0},{"damage":4.0,"enemies":"Slavers","floor":30.0,"turns":4.0},{"damage":32.0,"enemies":"Champ","floor":33.0,"turns":10.0},{"damage":20,"enemies":"Orb Walker","floor":35,"turns":3},{"damage":15,"enemies":"Mysterious Sphere","floor":38,"turns":3},{"damage":2,"enemies":"3 Shapes","floor":39,"turns":2},{"damage":25,"enemies":"2 Orb Walkers","floor":40,"turns":5},{"damage":0,"enemies":"Mind Bloom Boss Battle","floor":42,"turns":4},{"damage":0,"enemies":"Sphere and 2 Shapes","floor":45,"turns":4},{"damage":14,"enemies":"Time Eater","floor":50,"turns":4}],"seed_played":"4523787912112859624","potions_obtained":[{"floor":4.0,"key":"Ancient Potion"},{"floor":7.0,"key":"Poison Potion"},{"floor":10.0,"key":"Explosive Potion"},{"floor":11.0,"key":"FairyPotion"},{"floor":21.0,"key":"Poison Potion"},{"floor":22.0,"key":"SkillPotion"},{"floor":40,"key":"LiquidBronze"},{"floor":42,"key":"SkillPotion"}],"is_trial":false,"path_per_floor":["M","M","M","M","M","R","E","M","T","E","M","M","R","M","R","B",null,"M","M","$","M","?","?","R","M","T","R","?","R","E","$","R","B",null,"M","$","?","?","M","E","R","?","T","R","M","R","?","?","R","B"],"character_chosen":"IRONCLAD","items_purchased":["Clash","Anchor"],"campfire_rested":0,"item_purchase_floors":[20,20],"current_hp_per_floor":[80,80,80,79,80,80,68,74,74,64,62,63,63,69,69,13,87,80,81,81,87,79,63,63,69,69,69,71,71,73,73,73,59,87,73,73,73,64,68,61,61,67,67,67,75,75,75,75,75,69],"gold":3,"neow_bonus":"ONE_RARE_RELIC","is_prod":false,"is_daily":false,"chose_seed":false,"campfire_upgraded":6,"win_rate":0,"timestamp":1539783429,"path_taken":["M","?","M","M","M","R","E","M","T","E","M","M","R","M","R","BOSS","M","M","$","M","?","?","R","M","T","R","?","R","E","?","R","BOSS","M","$","?","?","M","E","R","?","T","R","M","R","?","?","R","BOSS"],"build_version":"2018-10-11","purchased_purges":1,"victory":true,"max_hp_per_floor":[80,80,80,80,80,80,87,87,87,87,87,87,87,87,87,87,87,87,87,87,87,87,87,87,87,87,87,87,87,87,87,87,87,87,87,87,87,87,87,87,87,87,87,87,87,87,87,87,87,87],"card_choices":[{"not_picked":["Clothesline","Perfected Strike"],"picked":"True Grit","floor":1.0},{"not_picked":["Sentinel","Headbutt"],"picked":"Clash","floor":2.0},{"not_picked":["Reaper","Inflame"],"picked":"Clash","floor":3.0},{"not_picked":["Second Wind","Flex"],"picked":"Whirlwind","floor":4.0},{"not_picked":["Fire Breathing","Headbutt"],"picked":"Iron Wave","floor":5.0},{"not_picked":["Hemokinesis","Thunderclap"],"picked":"Warcry","floor":7.0},{"not_picked":["Sword Boomerang","Anger"],"picked":"Shrug It Off","floor":8.0},{"not_picked":["Perfected Strike","Armaments","Clothesline"],"picked":"SKIP","floor":10.0},{"not_picked":["Immolate","Warcry"],"picked":"True Grit","floor":11.0},{"not_picked":["Reckless Charge","Armaments","Sentinel"],"picked":"SKIP","floor":12.0},{"not_picked":["Heavy Blade","Sword Boomerang","Pommel Strike"],"picked":"SKIP","floor":14.0},{"not_picked":["Berserk","Demon Form"],"picked":"Dark Embrace","floor":16.0},{"not_picked":["Clothesline+1","Flex"],"picked":"Clash","floor":18.0},{"not_picked":["Whirlwind+1","Havoc"],"picked":"Clash","floor":19.0},{"not_picked":["Seeing Red","Wild Strike"],"picked":"Shrug It Off+1","floor":21.0},{"not_picked":["Whirlwind","Bloodletting"],"picked":"Warcry","floor":22.0},{"not_picked":["Spot Weakness","Disarm+1"],"picked":"Flex+1","floor":25.0},{"not_picked":["Sever Soul","Entrench+1","Rage"],"picked":"SKIP","floor":30.0},{"not_picked":["Reckless Charge","Twin Strike+1"],"picked":"Inflame+1","floor":35},{"not_picked":["True Grit+1","Shrug It Off+1"],"picked":"Clash","floor":38},{"not_picked":["Shrug It Off","Perfected Strike"],"picked":"Clash+1","floor":39},{"not_picked":["Dual Wield","Blood for Blood"],"picked":"Flex","floor":40},{"not_picked":["Iron Wave+1","Thunderclap+1"],"picked":"True Grit","floor":42},{"not_picked":["Sword Boomerang","Heavy Blade+1","Immolate"],"picked":"SKIP","floor":45}],"player_experience":265853,"relics_obtained":[{"floor":7.0,"key":"Strawberry"},{"floor":9.0,"key":"Juzu Bracelet"},{"floor":10.0,"key":"Letter Opener"},{"floor":22.0,"key":"Shovel"},{"floor":22.0,"key":"Meat on the Bone"},{"floor":23.0,"key":"Nilry\u0027s Codex"},{"floor":26.0,"key":"Smiling Mask"},{"floor":27.0,"key":"Vajra"},{"floor":28.0,"key":"Red Mask"},{"floor":29.0,"key":"Potion Belt"},{"floor":30.0,"key":"Kunai"},{"floor":32.0,"key":"Boot"},{"floor":38,"key":"Turnip"},{"floor":40,"key":"Du-Vu Doll"},{"floor":41,"key":"Oddly Smooth Stone"},{"floor":43,"key":"War Paint"},{"floor":44,"key":"Blood Vial"}],"event_choices":[{"event_name":"Colosseum","player_choice":"Fight","floor":22.0,"damage_taken":0.0},{"event_name":"Colosseum","player_choice":"Fought Nobs","floor":22.0,"damage_taken":0.0},{"event_name":"Cursed Tome","player_choice":"Obtained Book","floor":23.0,"damage_taken":0.0},{"event_name":"Masked Bandits","player_choice":"Fought Bandits","floor":28.0,"damage_taken":0.0},{"event_name":"Falling","player_choice":"Removed Skill","floor":37,"damage_taken":0},{"event_name":"Mysterious Sphere","player_choice":"Fight","floor":38,"damage_taken":0},{"event_name":"MindBloom","player_choice":"Fight","floor":42,"damage_taken":0},{"event_name":"Accursed Blacksmith","player_choice":"Forge","floor":47,"damage_taken":0},{"event_name":"Tomb of Lord Red Mask","player_choice":"Wore Mask","floor":48,"damage_taken":0}],"is_beta":false,"boss_relics":[{"not_picked":["Runic Dome","Astrolabe"],"picked":"Ectoplasm"},{"not_picked":["Velvet Choker","Black Star"],"picked":"Runic Pyramid"}],"items_purged_floors":[31],"is_endless":false,"potions_floor_spawned":[4,7,10,11,12,16,21,22,22,40,42],"ascension_level":0}