{"gold_per_floor":[118,132,147,0,20,20,54,66,93,109,109,141,141,152,152,249,249,266,279,28,28,60,60,77,77,77,77,96,96,109,123,123,219,219,231,4,4,226,236,265,265,297,373,373],"floor_reached":44,"playtime":2303,"items_purged":["Strike_B"],"score":530,"play_id":"906ebbb8-d70a-43bd-ac18-db65bdf60c36","local_time":"20181029232356","is_ascension_mode":false,"campfire_choices":[{"data":"Zap","floor":6.0,"key":"SMITH"},{"data":"Consume","floor":11.0,"key":"SMITH"},{"data":"Loop","floor":13.0,"key":"SMITH"},{"data":"Beam Cell","floor":15.0,"key":"SMITH"},{"data":"Amplify","floor":23.0,"key":"SMITH"},{"data":"Force Field","floor":25.0,"key":"SMITH"},{"data":"Hologram","floor":27.0,"key":"SMITH"},{"data":"Dualcast","floor":29.0,"key":"SMITH"},{"floor":32.0,"key":"REST"},{"data":"Coolheaded","floor":41.0,"key":"SMITH"}],"neow_cost":"NONE","seed_source_timestamp":139586722175824,"circlet_count":0,"master_deck":["Strike_B","Strike_B","Strike_B","Defend_B","Defend_B","Defend_B","Defend_B","Zap+1","Dualcast+1","Beam Cell+1","Lockon","Loop+1","Tempest","Consume+1","Electrodynamics","Cold Snap","Coolheaded+1","Hologram+1","Amplify+1","Force Field+1","Leap","Loop+1","Fusion+1","Go for the Eyes+1","Recycle+1","Leap","Cold Snap","Core Surge","Stack+1","Doom and Gloom","Undo+1"],"special_seed":0,"relics":["FrozenCore","Strawberry","Orichalcum","Pen Nib","Happy Flower","Art of War","Inserter","Cables","Red Mask","Frozen Egg 2","PreservedInsect","Regal Pillow","Dream Catcher","Gremlin Horn"],"potions_floor_usage":[44],"damage_taken":[{"damage":1.0,"enemies":"Jaw Worm","floor":1.0,"turns":4.0},{"damage":0.0,"enemies":"Cultist","floor":2.0,"turns":3.0},{"damage":5.0,"enemies":"Small Slimes","floor":3.0,"turns":2.0},{"damage":8.0,"enemies":"2 Fungi Beasts","floor":5.0,"turns":3.0},{"damage":4.0,"enemies":"Gremlin Nob","floor":7.0,"turns":3.0},{"damage":17.0,"enemies":"Exordium Thugs","floor":8.0,"turns":4.0},{"damage":3.0,"enemies":"3 Louse","floor":10.0,"turns":4.0},{"damage":16.0,"enemies":"Lagavulin","floor":12.0,"turns":5.0},{"damage":0.0,"enemies":"2 Fungi Beasts","floor":14.0,"turns":2.0},{"damage":15.0,"enemies":"Slime Boss","floor":16.0,"turns":5.0},{"damage":0.0,"enemies":"Chosen","floor":18.0,"turns":4.0},{"damage":7.0,"enemies":"3 Byrds","floor":19.0,"turns":3.0},{"damage":22.0,"enemies":"Masked Bandits","floor":22.0,"turns":3.0},{"damage":12.0,"enemies":"Shelled Parasite and Fungi","floor":24.0,"turns":7.0},{"damage":0.0,"enemies":"Chosen and Byrds","floor":28.0,"turns":4.0},{"damage":9.0,"enemies":"Sentry and Sphere","floor":30.0,"turns":4.0},{"damage":5.0,"enemies":"Snake Plant","floor":31.0,"turns":4.0},{"damage":0.0,"enemies":"Champ","floor":33.0,"turns":16.0},{"damage":10.0,"enemies":"Orb Walker","floor":35.0,"turns":5.0},{"damage":5.0,"enemies":"3 Darklings","floor":39.0,"turns":4.0},{"damage":16.0,"enemies":"Giant Head","floor":40.0,"turns":11.0},{"damage":37.0,"enemies":"Reptomancer","floor":42.0,"turns":7.0},{"damage":19,"enemies":"Jaw Worm Horde","floor":44,"turns":2}],"seed_played":"3510543633934605418","potions_obtained":[{"floor":2.0,"key":"Ancient Potion"},{"floor":3.0,"key":"Poison Potion"},{"floor":7.0,"key":"EssenceOfSteel"},{"floor":8.0,"key":"FearPotion"},{"floor":28.0,"key":"Weak Potion"},{"floor":31.0,"key":"Dexterity Potion"},{"floor":40.0,"key":"LiquidBronze"}],"is_trial":false,"path_per_floor":["M","M","M","$","M","R","E","M","T","M","R","E","R","M","R","B",null,"M","M","$","?","?","R","M","R","T","R","M","R","M","M","R","B",null,"M","$","?","?","M","E","R","E","T"],"character_chosen":"DEFECT","items_purchased":["Orichalcum","Cables","PreservedInsect"],"campfire_rested":1,"item_purchase_floors":[4,20,36],"current_hp_per_floor":[81,81,76,76,68,68,64,47,47,44,44,28,28,28,28,13,82,82,75,75,75,53,53,41,41,41,41,41,41,32,27,51,51,82,72,72,72,72,67,51,51,14,14,0],"gold":373,"neow_bonus":"RANDOM_COMMON_RELIC","is_prod":false,"is_daily":false,"chose_seed":false,"campfire_upgraded":9,"win_rate":0,"timestamp":1540823036,"path_taken":["M","M","M","$","M","R","E","M","T","M","R","E","R","M","R","BOSS","M","M","$","?","?","R","M","R","T","R","M","R","M","M","R","BOSS","M","$","?","?","?","E","R","E","T","M"],"build_version":"2018-10-25v2","purchased_purges":1,"victory":false,"max_hp_per_floor":[82,82,82,82,82,82,82,82,82,82,82,82,82,82,82,82,82,82,82,82,82,82,82,82,82,82,82,82,82,82,82,82,82,82,82,82,78,78,78,78,78,78,78,78],"card_choices":[{"not_picked":["Coolheaded","Blizzard"],"picked":"Beam Cell","floor":1.0},{"not_picked":["Coolheaded","Rip and Tear"],"picked":"Lockon","floor":2.0},{"not_picked":["Streamline","Leap"],"picked":"Loop","floor":3.0},{"not_picked":["Force Field","Stack"],"picked":"Tempest","floor":5.0},{"not_picked":["Rebound","Turbo"],"picked":"Consume","floor":7.0},{"not_picked":["Sweeping Beam","Steam"],"picked":"Electrodynamics","floor":8.0},{"not_picked":["Go for the Eyes","Force Field"],"picked":"Cold Snap","floor":10.0},{"not_picked":["Gash","Conserve Battery"],"picked":"Coolheaded","floor":12.0},{"not_picked":["Force Field","Compile Driver"],"picked":"Hologram","floor":14.0},{"not_picked":["Electrodynamics","All For One"],"picked":"Amplify","floor":16.0},{"not_picked":["Beam Cell+1","Gash"],"picked":"Force Field","floor":18.0},{"not_picked":["Redo","Beam Cell"],"picked":"Leap","floor":19.0},{"not_picked":["Go for the Eyes","Stack"],"picked":"Fusion+1","floor":22.0},{"not_picked":["Chaos","Reinforced Body+1"],"picked":"Go for the Eyes+1","floor":24.0},{"not_picked":["Seek","Cold Snap+1"],"picked":"Recycle+1","floor":28.0},{"not_picked":["Beam Cell","Storm+1"],"picked":"Leap","floor":30.0},{"not_picked":["Beam Cell","Stack"],"picked":"Cold Snap","floor":31.0},{"not_picked":["Rainbow","Reboot"],"picked":"Core Surge","floor":33.0},{"not_picked":["Reinforced Body","Darkness+1"],"picked":"Stack+1","floor":35.0},{"not_picked":["Static Discharge+1","Cold Snap+1","Rip and Tear"],"picked":"SKIP","floor":39.0},{"not_picked":["Gash","Double Energy"],"picked":"Doom and Gloom","floor":40.0},{"not_picked":["Leap+1","Self Repair+1"],"picked":"Undo+1","floor":42.0}],"player_experience":378420,"relics_obtained":[{"floor":7.0,"key":"Pen Nib"},{"floor":9.0,"key":"Happy Flower"},{"floor":12.0,"key":"Art of War"},{"floor":22.0,"key":"Red Mask"},{"floor":26.0,"key":"Frozen Egg 2"},{"floor":40.0,"key":"Regal Pillow"},{"floor":42.0,"key":"Dream Catcher"},{"floor":43.0,"key":"Gremlin Horn"}],"event_choices":[{"damage_healed":0.0,"max_hp_gain":0.0,"max_hp_loss":0.0,"gold_gain":0.0,"event_name":"Duplicator","player_choice":"Copied","floor":21.0,"gold_loss":0.0,"damage_taken":0.0,"cards_obtained":["Loop"]},{"damage_healed":0.0,"max_hp_gain":0.0,"max_hp_loss":0.0,"gold_gain":0.0,"event_name":"Masked Bandits","player_choice":"Fought Bandits","floor":22.0,"gold_loss":0.0,"damage_taken":0.0},{"damage_healed":0.0,"max_hp_gain":0.0,"max_hp_loss":4.0,"gold_gain":0.0,"event_name":"Winding Halls","player_choice":"Max HP","floor":37.0,"gold_loss":0.0,"damage_taken":0.0},{"damage_healed":0.0,"max_hp_gain":0.0,"max_hp_loss":0.0,"gold_gain":222.0,"event_name":"Tomb of Lord Red Mask","player_choice":"Wore Mask","floor":38.0,"gold_loss":0.0,"damage_taken":0.0}],"is_beta":false,"boss_relics":[{"not_picked":["Cursed Key","Pandora\u0027s Box"],"picked":"Inserter"},{"not_picked":["Philosopher\u0027s Stone","White Beast Statue"],"picked":"FrozenCore"}],"items_purged_floors":[36],"is_endless":false,"potions_floor_spawned":[2,3,7,8,28,31,33,39,40],"killed_by":"Jaw Worm Horde","ascension_level":0}