{"gold_per_floor":[117,72,87,99,117,117,129,129,153,165,185,212,234,234,234,334,334,350,368,101,111,111,111,111,111,134,147,147,167,181,200,200,295,295,306,256,256,8,8,8,19,29,29,54,69,99,99,119,119,119],"floor_reached":51,"playtime":3381,"items_purged":["Strike_R","Strike_R+1","Strike_R+1"],"score":738,"play_id":"2f5a2fd7-def7-4edc-a8de-6b58fb012bc5","local_time":"20181006113545","is_ascension_mode":false,"campfire_choices":[{"data":"Bash","floor":6.0,"key":"SMITH"},{"data":"Armaments","floor":8.0,"key":"SMITH"},{"data":"True Grit","floor":15.0,"key":"SMITH"},{"data":"Body Slam","floor":23.0,"key":"SMITH"},{"data":"True Grit","floor":28.0,"key":"SMITH"},{"data":"Barricade","floor":32.0,"key":"SMITH"},{"data":"Evolve","floor":40.0,"key":"SMITH"},{"floor":47,"key":"REST"},{"floor":49,"key":"REST"}],"neow_cost":"NONE","seed_source_timestamp":0,"circlet_count":0,"master_deck":["Strike_R+1","Defend_R+1","Defend_R+1","Defend_R+1","Defend_R+1","Bash+1","Thunderclap","Shrug It Off","Body Slam+1","Evolve+1","Flex","Armaments+1","Flame Barrier+1","Flame Barrier+1","Clothesline","True Grit+1","Barricade+1","True Grit+1","Wild Strike","Shrug It Off","Body Slam","Warcry","Demon Form","Uppercut+1","Impervious","Iron Wave+1"],"special_seed":0,"relics":["Burning Blood","Orichalcum","Potion Belt","Odd Mushroom","Runic Dome","Membership Card","War Paint","Busted Crown","Dodecahedron","Mummified Hand","Art of War","Darkstone Periapt"],"potions_floor_usage":[45,46,50,50],"damage_taken":[{"damage":6.0,"enemies":"Cultist","floor":1.0,"turns":3.0},{"damage":8.0,"enemies":"2 Louse","floor":3.0,"turns":3.0},{"damage":8.0,"enemies":"Jaw Worm","floor":4.0,"turns":4.0},{"damage":10.0,"enemies":"Exordium Thugs","floor":5.0,"turns":5.0},{"damage":0.0,"enemies":"3 Louse","floor":7.0,"turns":4.0},{"damage":7.0,"enemies":"Blue Slaver","floor":10.0,"turns":4.0},{"damage":6.0,"enemies":"2 Fungi Beasts","floor":11.0,"turns":5.0},{"damage":39.0,"enemies":"Gremlin Nob","floor":12.0,"turns":5.0},{"damage":18.0,"enemies":"The Mushroom Lair","floor":13.0,"turns":6.0},{"damage":8.0,"enemies":"Hexaghost","floor":16.0,"turns":13.0},{"damage":3.0,"enemies":"Shell Parasite","floor":18.0,"turns":6.0},{"damage":18.0,"enemies":"Spheric Guardian","floor":19.0,"turns":8.0},{"damage":9.0,"enemies":"Shelled Parasite and Fungi","floor":21.0,"turns":9.0},{"damage":7.0,"enemies":"Snake Plant","floor":27.0,"turns":6.0},{"damage":4.0,"enemies":"Centurion and Healer","floor":29.0,"turns":8.0},{"damage":0.0,"enemies":"Snecko","floor":30.0,"turns":5.0},{"damage":2.0,"enemies":"Sentry and Sphere","floor":31.0,"turns":9.0},{"damage":3.0,"enemies":"Champ","floor":33.0,"turns":14.0},{"damage":4.0,"enemies":"Orb Walker","floor":35.0,"turns":4.0},{"damage":7.0,"enemies":"3 Darklings","floor":41.0,"turns":9.0},{"damage":32.0,"enemies":"Reptomancer","floor":42.0,"turns":9.0},{"damage":43.0,"enemies":"2 Orb Walkers","floor":44.0,"turns":7.0},{"damage":0,"enemies":"4 Shapes","floor":45,"turns":6},{"damage":0,"enemies":"Giant Head","floor":46,"turns":5},{"damage":4,"enemies":"Maw","floor":48,"turns":7},{"damage":9,"enemies":"Time Eater","floor":50,"turns":10}],"seed_played":"4821800941828538480","potions_obtained":[{"floor":3.0,"key":"GamblersBrew"},{"floor":4.0,"key":"Fire Potion"},{"floor":10.0,"key":"SpeedPotion"},{"floor":13.0,"key":"AttackPotion"},{"floor":16.0,"key":"Explosive Potion"},{"floor":21.0,"key":"Dexterity Potion"},{"floor":27.0,"key":"Ancient Potion"},{"floor":29.0,"key":"FearPotion"},{"floor":31.0,"key":"GamblersBrew"},{"floor":42.0,"key":"Energy Potion"},{"floor":45,"key":"AttackPotion"}],"is_trial":false,"path_per_floor":["M","$","M","M","M","R","M","R","T","M","M","E","?","?","R","B",null,"M","M","$","M","?","R","?","?","T","M","R","M","M","M","R","B",null,"M","$","?","$","?","R","M","M","T","E","M","E","R","M","R","B"],"character_chosen":"IRONCLAD","items_purchased":["Body Slam","Membership Card","Dodecahedron","PowerPotion","Uppercut"],"campfire_rested":2,"item_purchase_floors":[2,20,38,38,38],"current_hp_per_floor":[80,80,78,76,72,72,78,78,78,77,77,44,32,32,32,30,80,80,68,68,65,65,65,50,50,50,49,49,51,57,61,61,64,85,85,85,85,85,85,85,84,58,58,21,27,33,58,60,85,82],"gold":119,"neow_bonus":"THREE_CARDS","is_prod":false,"is_daily":false,"chose_seed":false,"campfire_upgraded":7,"win_rate":1,"timestamp":1538793345,"path_taken":["M","$","M","M","M","R","M","R","T","?","M","E","?","?","R","BOSS","BOSS","M","M","$","M","?","R","?","?","T","M","R","M","M","?","R","BOSS","M","$","?","$","?","R","M","?","T","E","?","E","R","M","R","BOSS"],"build_version":"2018-10-04","purchased_purges":3,"victory":true,"max_hp_per_floor":[80,80,80,80,80,80,80,80,80,80,80,80,80,80,80,80,80,80,80,80,80,80,80,85,85,85,85,85,85,85,85,85,85,85,85,85,85,85,85,85,85,85,85,85,85,85,85,85,85,85],"card_choices":[{"not_picked":["Heavy Blade","Bloodletting"],"picked":"Thunderclap","floor":0.0},{"not_picked":["Thunderclap","Flex"],"picked":"Shrug It Off","floor":1.0},{"not_picked":["Thunderclap","Rupture"],"picked":"Evolve","floor":3.0},{"not_picked":["Pummel","Seeing Red"],"picked":"Flex","floor":4.0},{"not_picked":["Bloodletting","Perfected Strike"],"picked":"Armaments","floor":5.0},{"not_picked":["Perfected Strike","Burning Pact"],"picked":"Flame Barrier","floor":7.0},{"not_picked":["Dark Embrace","Carnage"],"picked":"Flame Barrier","floor":10.0},{"not_picked":["Sword Boomerang","Iron Wave"],"picked":"Clothesline","floor":11.0},{"not_picked":["Clash","Armaments"],"picked":"True Grit","floor":12.0},{"not_picked":["Reaper","Berserk"],"picked":"Barricade","floor":16.0},{"not_picked":["Hemokinesis+1","Ghostly Armor"],"picked":"True Grit","floor":18.0},{"not_picked":["Twin Strike","Carnage"],"picked":"Wild Strike","floor":19.0},{"not_picked":["Perfected Strike+1","Heavy Blade"],"picked":"Shrug It Off","floor":21.0},{"not_picked":["Fire Breathing+1","Wild Strike"],"picked":"Body Slam","floor":27.0},{"not_picked":["Reckless Charge+1","Rupture","Anger"],"picked":"SKIP","floor":29.0},{"not_picked":["Twin Strike+1","Rage"],"picked":"Warcry","floor":30.0},{"not_picked":["Thunderclap","Cleave+1","Infernal Blade"],"picked":"SKIP","floor":31.0},{"not_picked":["Barricade","Reaper"],"picked":"Demon Form","floor":33.0},{"not_picked":["Second Wind"],"picked":"SKIP","floor":35.0},{"not_picked":["Flex"],"picked":"SKIP","floor":41.0},{"not_picked":["Hemokinesis"],"picked":"SKIP","floor":42.0},{"not_picked":[],"picked":"Impervious","floor":44.0},{"not_picked":[],"picked":"Iron Wave+1","floor":45},{"not_picked":["Wild Strike+1"],"picked":"SKIP","floor":46},{"not_picked":["Rage"],"picked":"SKIP","floor":48}],"player_experience":118420,"relics_obtained":[{"floor":9.0,"key":"Orichalcum"},{"floor":12.0,"key":"Potion Belt"},{"floor":13.0,"key":"Odd Mushroom"},{"floor":26.0,"key":"War Paint"},{"floor":43.0,"key":"Mummified Hand"},{"floor":44.0,"key":"Art of War"},{"floor":46,"key":"Darkstone Periapt"}],"event_choices":[{"event_name":"Mushrooms","player_choice":"Fought Mushrooms","floor":13.0,"damage_taken":0.0},{"event_name":"Golden Idol","player_choice":"Ignored","floor":14.0,"damage_taken":0.0},{"event_name":"Back to Basics","player_choice":"Simplicity","floor":22.0,"damage_taken":0.0},{"event_name":"Forgotten Altar","player_choice":"Shed Blood","floor":24.0,"damage_taken":0.0},{"event_name":"Purifier","player_choice":"One Purge","floor":25.0,"damage_taken":0.0},{"event_name":"Tomb of Lord Red Mask","player_choice":"Ignored","floor":37.0,"damage_taken":0.0},{"event_name":"Upgrade Shrine","player_choice":"Upgraded","floor":39.0,"damage_taken":0.0}],"is_beta":false,"boss_relics":[{"not_picked":["Philosopher\u0027s Stone","Astrolabe"],"picked":"Runic Dome"},{"not_picked":["Eternal Feather","Velvet Choker"],"picked":"Busted Crown"}],"items_purged_floors":[20,36,38],"is_endless":false,"potions_floor_spawned":[3,4,10,13,16,21,27,29,31,41,42,45],"ascension_level":0}