{"gold_per_floor":[216,233,251,261,278,278,290,315,341,191,210,210,44,56,56,158,158,172,182,182,199,199],"floor_reached":22,"playtime":944,"items_purged":["Strike_B"],"score":182,"play_id":"862804b4-98ef-4421-90da-c11c966e138f","local_time":"20190831182850","is_ascension_mode":false,"campfire_choices":[{"data":"Zap","floor":6,"key":"SMITH"},{"data":"Chaos","floor":12,"key":"SMITH"},{"data":"Rainbow","floor":15,"key":"SMITH"}],"neow_cost":"NONE","seed_source_timestamp":1537624122383837,"circlet_count":0,"master_deck":["Strike_B","Strike_B","Defend_B","Defend_B","Defend_B","Defend_B","Zap+1","Dualcast","BootSequence","Capacitor","Rip and Tear","Cold Snap","Leap","Chaos+1","Auto Shields","Ball Lightning","Rainbow+1","Gash","Seek","Barrage","Undo","Defragment"],"relics":["Cracked Core","Odd Mushroom","Anchor","White Beast Statue"],"potions_floor_usage":[],"damage_taken":[{"damage":0,"enemies":"2 Louse","floor":1,"turns":3},{"damage":1,"enemies":"Small Slimes","floor":2,"turns":4},{"damage":0,"enemies":"Jaw Worm","floor":3,"turns":3},{"damage":0,"enemies":"Looter","floor":4,"turns":2},{"damage":2,"enemies":"2 Fungi Beasts","floor":5,"turns":3},{"damage":11,"enemies":"Lots of Slimes","floor":7,"turns":4},{"damage":19,"enemies":"The Mushroom Lair","floor":8,"turns":5},{"damage":3,"enemies":"Looter","floor":11,"turns":4},{"damage":0,"enemies":"Large Slime","floor":14,"turns":3},{"damage":17,"enemies":"The Guardian","floor":16,"turns":11},{"damage":3,"enemies":"Shell Parasite","floor":18,"turns":6},{"damage":15,"enemies":"3 Byrds","floor":19,"turns":5},{"damage":16,"enemies":"Snake Plant","floor":21,"turns":4},{"damage":54,"enemies":"3 Cultists","floor":22,"turns":5}],"seed_played":"4232606990214936542","potions_obtained":[{"floor":3,"key":"SpeedPotion"},{"floor":7,"key":"Weak Potion"},{"floor":8,"key":"LiquidBronze"},{"floor":19,"key":"EssenceOfSteel"}],"is_trial":false,"path_per_floor":["M","M","M","M","M","R","M","?","T","$","M","R","$","M","R","B",null,"M","M","?","M","M"],"character_chosen":"DEFECT","items_purchased":["Auto Shields","Rainbow","Gash"],"campfire_rested":0,"item_purchase_floors":[10,13,13],"current_hp_per_floor":[75,74,74,74,72,72,61,42,42,42,39,39,39,39,39,22,75,72,57,57,41,0],"gold":199,"neow_bonus":"HUNDRED_GOLD","is_prod":false,"is_daily":false,"chose_seed":false,"campfire_upgraded":3,"win_rate":0,"timestamp":1567268930,"path_taken":["M","M","M","M","M","R","M","?","T","$","M","R","$","M","R","BOSS","M","M","?","M","M"],"build_version":"2019-07-17","purchased_purges":1,"victory":false,"max_hp_per_floor":[75,75,75,75,75,75,75,75,75,75,75,75,75,75,75,75,75,75,75,75,75,75],"card_choices":[{"not_picked":["Beam Cell","Hologram"],"picked":"BootSequence","floor":1},{"not_picked":["Compile Driver","Rip and Tear"],"picked":"Capacitor","floor":2},{"not_picked":["Steam","Scrape"],"picked":"Rip and Tear","floor":3},{"not_picked":["Aggregate","Go for the Eyes"],"picked":"Cold Snap","floor":4},{"not_picked":["BootSequence","Compile Driver","Rebound"],"picked":"SKIP","floor":5},{"not_picked":["Double Energy","Hello World"],"picked":"Leap","floor":7},{"not_picked":["Thunder Strike","Cold Snap"],"picked":"Chaos","floor":8},{"not_picked":["Beam Cell","Coolheaded"],"picked":"Ball Lightning","floor":11},{"not_picked":["Double Energy","Conserve Battery","Hologram"],"picked":"SKIP","floor":14},{"not_picked":["Amplify","Meteor Strike"],"picked":"Seek","floor":16},{"not_picked":["Compile Driver","Recycle+1"],"picked":"Barrage","floor":18},{"not_picked":["Stack","Go for the Eyes"],"picked":"Undo","floor":19},{"not_picked":["Rebound+1","Genetic Algorithm"],"picked":"Defragment","floor":21}],"player_experience":110108,"relics_obtained":[{"floor":8,"key":"Odd Mushroom"},{"floor":9,"key":"Anchor"}],"event_choices":[{"damage_healed":0,"gold_gain":0,"player_choice":"Fought Mushrooms","damage_taken":0,"max_hp_gain":0,"max_hp_loss":0,"event_name":"Mushrooms","floor":8,"gold_loss":0},{"cards_removed":["Strike_B"],"damage_healed":0,"gold_gain":0,"player_choice":"Elegance","damage_taken":0,"max_hp_gain":0,"max_hp_loss":0,"event_name":"Back to Basics","floor":20,"gold_loss":0}],"is_beta":false,"boss_relics":[{"not_picked":["Lizard Tail","Astrolabe"],"picked":"White Beast Statue"}],"items_purged_floors":[10],"is_endless":false,"potions_floor_spawned":[3,4,7,8,16,18,19,21],"killed_by":"3 Cultists","ascension_level":0}