{"gold_per_floor":[115,115,115,127,142,142,157,169,193,5,5,5,25,40,40,144,144,164,180,140,140,55,55,55,55,55,71,71,89,89],"floor_reached":30,"playtime":2048,"items_purged":[],"score":222,"play_id":"3616dadb-5616-48d0-b70a-6ffed2a3e824","local_time":"20190629222302","is_ascension_mode":false,"campfire_choices":[{"data":"Shockwave","floor":6,"key":"SMITH"},{"data":"Cleave","floor":12,"key":"SMITH"},{"floor":15,"key":"REST"},{"floor":23,"key":"REST"},{"data":"Bloodletting","floor":25,"key":"SMITH"}],"neow_cost":"NONE","seed_source_timestamp":186248210660564,"circlet_count":0,"master_deck":["Strike_R","Strike_R","Strike_R","Strike_R","Strike_R","Defend_R","Defend_R","Defend_R","Defend_R","Bash","Shockwave+1","Cleave+1","Heavy Blade","Clothesline","Anger","Bludgeon+1","Thunderclap","Flame Barrier","Inflame","Reaper","Pommel Strike","Dual Wield+1","Bloodletting+1","Bloodletting+1","True Grit"],"relics":["Burning Blood","Juzu Bracelet","Velvet Choker","Dream Catcher","Gambling Chip","Pantograph"],"potions_floor_usage":[16,16,16],"damage_taken":[{"damage":4,"enemies":"Small Slimes","floor":1,"turns":5},{"damage":3,"enemies":"Cultist","floor":4,"turns":5},{"damage":6,"enemies":"Jaw Worm","floor":5,"turns":3},{"damage":20,"enemies":"Red Slaver","floor":7,"turns":5},{"damage":11,"enemies":"Blue Slaver","floor":8,"turns":4},{"damage":20,"enemies":"Exordium Wildlife","floor":13,"turns":5},{"damage":0,"enemies":"Lots of Slimes","floor":14,"turns":1},{"damage":86,"enemies":"Hexaghost","floor":16,"turns":12},{"damage":15,"enemies":"Chosen","floor":18,"turns":5},{"damage":0,"enemies":"Spheric Guardian","floor":19,"turns":3},{"damage":33,"enemies":"Centurion and Healer","floor":27,"turns":7},{"damage":39,"enemies":"3 Cultists","floor":29,"turns":6},{"damage":34,"enemies":"Shelled Parasite and Fungi","floor":30,"turns":2}],"seed_played":"-162636310859996512","potions_obtained":[{"floor":1,"key":"SpeedPotion"},{"floor":4,"key":"Energy Potion"},{"floor":13,"key":"FearPotion"},{"floor":14,"key":"LiquidBronze"},{"floor":16,"key":"PowerPotion"},{"floor":18,"key":"GamblersBrew"}],"is_trial":false,"path_per_floor":["M","?","?","M","M","R","M","M","T","$","$","R","M","M","R","B",null,"M","M","?","?","?","R","T","R","T","M","?","M","M"],"character_chosen":"IRONCLAD","items_purchased":["Bludgeon","Thunderclap"],"campfire_rested":2,"item_purchase_floors":[10,10],"current_hp_per_floor":[88,93,93,93,93,93,79,74,74,74,74,74,60,66,93,13,93,88,93,93,93,93,93,93,93,93,66,66,33,0],"gold":89,"neow_bonus":"TEN_PERCENT_HP_BONUS","is_prod":false,"is_daily":false,"chose_seed":false,"campfire_upgraded":3,"win_rate":0.0,"timestamp":1561864982,"path_taken":["M","?","?","?","M","R","M","M","T","?","$","R","M","M","R","BOSS","M","M","?","?","?","R","?","R","T","M","?","M","M"],"build_version":"2019-01-23","purchased_purges":0,"victory":false,"max_hp_per_floor":[88,93,93,93,93,93,93,93,93,93,93,93,93,93,93,93,93,93,93,93,93,93,93,93,93,93,93,93,93,93],"card_choices":[{"not_picked":["Warcry","Sword Boomerang"],"picked":"Shockwave","floor":1},{"not_picked":["Clash","True Grit"],"picked":"Cleave","floor":4},{"not_picked":["Entrench","Warcry"],"picked":"Heavy Blade","floor":5},{"not_picked":["Dropkick","Evolve"],"picked":"Clothesline","floor":7},{"not_picked":["Body Slam","Combust"],"picked":"Anger","floor":8},{"not_picked":["Flex","Whirlwind"],"picked":"Flame Barrier","floor":13},{"not_picked":["Shrug It Off","Clothesline"],"picked":"Inflame","floor":14},{"not_picked":["Fiend Fire","Berserk"],"picked":"Reaper","floor":16},{"not_picked":["Sword Boomerang","Heavy Blade"],"picked":"Pommel Strike","floor":18},{"not_picked":["Intimidate+1","Rampage"],"picked":"Dual Wield+1","floor":19},{"not_picked":["Flex+1","Headbutt"],"picked":"Bloodletting","floor":23},{"not_picked":["Clothesline","Rupture+1"],"picked":"Bloodletting+1","floor":27},{"not_picked":["Blood for Blood","Searing Blow"],"picked":"True Grit","floor":29}],"player_experience":21921,"relics_obtained":[{"floor":9,"key":"Juzu Bracelet"},{"floor":24,"key":"Gambling Chip"},{"floor":26,"key":"Pantograph"}],"event_choices":[{"damage_healed":0,"gold_gain":0,"player_choice":"Donut","damage_taken":0,"max_hp_gain":5,"max_hp_loss":0,"event_name":"Big Fish","floor":2,"gold_loss":0},{"damage_healed":0,"gold_gain":0,"player_choice":"Ignored","damage_taken":0,"max_hp_gain":0,"max_hp_loss":0,"event_name":"Purifier","floor":3,"gold_loss":0},{"damage_healed":0,"gold_gain":0,"player_choice":"Upgrade","damage_taken":0,"max_hp_gain":0,"max_hp_loss":0,"event_name":"Designer","floor":20,"gold_loss":40,"cards_upgraded":["Bludgeon"]},{"damage_healed":0,"gold_gain":0,"player_choice":"Ignored","damage_taken":0,"max_hp_gain":0,"max_hp_loss":0,"event_name":"Ghosts","floor":21,"gold_loss":0},{"damage_healed":0,"gold_gain":0,"player_choice":"Obtained Relic","damage_taken":0,"relics_obtained":["Dream Catcher"],"max_hp_gain":0,"max_hp_loss":0,"event_name":"Addict","floor":22,"gold_loss":85},{"damage_healed":0,"gold_gain":0,"player_choice":"Ignored","damage_taken":0,"max_hp_gain":0,"max_hp_loss":0,"event_name":"Vampires","floor":28,"gold_loss":0}],"is_beta":false,"boss_relics":[{"not_picked":["Mark of Pain","Coffee Dripper"],"picked":"Velvet Choker"}],"items_purged_floors":[],"is_endless":false,"potions_floor_spawned":[1,4,13,14,16,18],"killed_by":"Shelled Parasite and Fungi","ascension_level":0}