{"gold_per_floor":[112,131,150,2,13,42,42,58,58,58,69,103,120,134,134,238,238,256,271,31,51,51,51,81,81,107,107,139,54,67,67,67,164,164,176,176,0,0,10,42,42,52,126,137,147,98,27,27,27,27],"floor_reached":51,"playtime":2891,"items_purged":["Strike_B"],"score":779,"play_id":"3873e026-a10d-4a3c-a716-e6232a33149b","local_time":"20181023220922","is_ascension_mode":false,"campfire_choices":[{"data":"Streamline","floor":7.0,"key":"SMITH"},{"data":"Dualcast","floor":10.0,"key":"SMITH"},{"data":"Defragment","floor":15.0,"key":"SMITH"},{"data":"Buffer","floor":23,"key":"SMITH"},{"data":"Capacitor","floor":25,"key":"SMITH"},{"data":"Go for the Eyes","floor":27,"key":"SMITH"},{"data":"Biased Cognition","floor":32,"key":"SMITH"},{"floor":41,"key":"REST"},{"floor":49,"key":"REST"}],"neow_cost":"NONE","seed_source_timestamp":594972224997748,"circlet_count":0,"master_deck":["Defend_B","Defend_B","Defend_B","Defend_B","Zap+1","Dualcast+1","Defragment+1","Streamline+1","Auto Shields","BootSequence","Steam","Leap","Conserve Battery","Chill+1","Core Surge","Glacier+1","Undo+1","Buffer+1","Capacitor+1","Rainbow+1","Go for the Eyes+1","Blizzard","Conserve Battery+1","Biased Cognition+1","Sunder","Cold Snap","Defragment+1","Stack+1","Stack+1","Loop","Force Field+1"],"special_seed":0,"relics":["Cracked Core","Smiling Mask","Toxic Egg 2","Darkstone Periapt","Busted Crown","Cables","Omamori","Strawberry","Dodecahedron","Fusion Hammer","Red Mask","Bottled Lightning","Pantograph","Ginger"],"potions_floor_usage":[24,50],"damage_taken":[{"damage":0.0,"enemies":"Cultist","floor":1.0,"turns":3.0},{"damage":0.0,"enemies":"Jaw Worm","floor":2.0,"turns":3.0},{"damage":3.0,"enemies":"Small Slimes","floor":3.0,"turns":2.0},{"damage":0.0,"enemies":"Looter","floor":5.0,"turns":3.0},{"damage":28.0,"enemies":"Gremlin Nob","floor":6.0,"turns":5.0},{"damage":0.0,"enemies":"Red Slaver","floor":8.0,"turns":3.0},{"damage":0.0,"enemies":"2 Fungi Beasts","floor":11.0,"turns":3.0},{"damage":0.0,"enemies":"Lagavulin","floor":12.0,"turns":8.0},{"damage":0.0,"enemies":"Exordium Wildlife","floor":13.0,"turns":4.0},{"damage":1.0,"enemies":"Looter","floor":14.0,"turns":3.0},{"damage":16.0,"enemies":"The Guardian","floor":16.0,"turns":13.0},{"damage":0.0,"enemies":"Spheric Guardian","floor":18.0,"turns":7.0},{"damage":4.0,"enemies":"Shell Parasite","floor":19.0,"turns":9.0},{"damage":0.0,"enemies":"Chosen and Byrds","floor":21.0,"turns":8.0},{"damage":6,"enemies":"Slavers","floor":24,"turns":7},{"damage":6,"enemies":"Gremlin Leader","floor":28,"turns":12},{"damage":0,"enemies":"Centurion and Healer","floor":30,"turns":7},{"damage":0,"enemies":"Automaton","floor":33,"turns":14},{"damage":0,"enemies":"3 Shapes","floor":35,"turns":6},{"damage":0,"enemies":"3 Darklings","floor":39,"turns":6},{"damage":27,"enemies":"Reptomancer","floor":40,"turns":9},{"damage":0,"enemies":"4 Shapes","floor":42,"turns":6},{"damage":0,"enemies":"Jaw Worm Horde","floor":44,"turns":7},{"damage":0,"enemies":"Writhing Mass","floor":45,"turns":8},{"damage":0,"enemies":"Mind Bloom Boss Battle","floor":48,"turns":10},{"damage":4,"enemies":"Donu and Deca","floor":50,"turns":14}],"seed_played":"2508348348594928732","potions_obtained":[{"floor":3.0,"key":"Regen Potion"},{"floor":5.0,"key":"Energy Potion"},{"floor":6.0,"key":"Fire Potion"},{"floor":16.0,"key":"Poison Potion"},{"floor":24,"key":"FearPotion"}],"is_trial":false,"path_per_floor":["M","M","M","$","M","E","R","M","T","R","M","E","M","M","R","B",null,"M","M","$","M","?","R","E","R","T","R","E","?","M","?","R","B",null,"M","?","?","?","M","E","R","M","T","M","M","$","$","?","R","B"],"character_chosen":"DEFECT","items_purchased":["BootSequence","Capacitor","Rainbow+1","Stack+1","Loop"],"campfire_rested":2,"item_purchase_floors":[4,20,20,46,47],"current_hp_per_floor":[75,75,72,72,72,44,44,44,44,44,44,44,44,43,43,27,75,75,71,71,71,71,71,65,65,65,65,66,66,66,66,66,66,82,82,82,82,78,78,51,74,74,74,74,74,74,74,78,78,78],"gold":27,"neow_bonus":"UPGRADE_CARD","is_prod":false,"is_daily":false,"chose_seed":false,"campfire_upgraded":7,"win_rate":0,"timestamp":1540300162,"path_taken":["M","M","M","$","M","E","R","?","T","R","M","E","?","?","R","BOSS","M","M","$","M","?","R","E","R","T","R","E","?","M","?","R","BOSS","M","?","?","?","?","E","R","M","T","M","?","?","$","?","R","BOSS"],"build_version":"2018-10-18","purchased_purges":1,"victory":true,"max_hp_per_floor":[75,75,75,75,75,75,75,75,75,75,75,75,75,75,75,75,75,75,75,75,75,75,75,75,75,75,75,82,82,82,82,82,82,82,82,82,82,78,78,78,78,78,78,78,78,78,78,78,78,78],"card_choices":[{"not_picked":["Turbo","Aggregate"],"picked":"Defragment","floor":1.0},{"not_picked":["Melter","Go for the Eyes"],"picked":"Streamline","floor":2.0},{"not_picked":["Tempest","Rebound"],"picked":"Auto Shields","floor":3.0},{"not_picked":["Barrage","Go for the Eyes"],"picked":"Steam","floor":5.0},{"not_picked":["Barrage","Streamline"],"picked":"Leap","floor":6.0},{"not_picked":["Rebound","Reprogram"],"picked":"Conserve Battery","floor":8.0},{"not_picked":["Reinforced Body+1","Conserve Battery+1"],"picked":"Chill+1","floor":11.0},{"not_picked":["Rip and Tear","Steam+1"],"picked":"Core Surge","floor":12.0},{"not_picked":["Cold Snap","Coolheaded+1"],"picked":"Glacier+1","floor":13.0},{"not_picked":["Gash","Rebound"],"picked":"Undo+1","floor":14.0},{"not_picked":["Meteor Strike","Core Surge"],"picked":"Buffer","floor":16.0},{"not_picked":["Rebound+1"],"picked":"SKIP","floor":18.0},{"not_picked":["Steam+1"],"picked":"SKIP","floor":19.0},{"not_picked":["Self Repair"],"picked":"SKIP","floor":21.0},{"not_picked":[],"picked":"Conserve Battery+1","floor":24},{"not_picked":["Steam+1"],"picked":"SKIP","floor":28},{"not_picked":["Melter"],"picked":"SKIP","floor":30},{"not_picked":["Tempest+1"],"picked":"SKIP","floor":35},{"not_picked":["Gash+1"],"picked":"SKIP","floor":39},{"not_picked":[],"picked":"Cold Snap","floor":40},{"not_picked":[],"picked":"Defragment+1","floor":42},{"not_picked":[],"picked":"Stack+1","floor":44},{"not_picked":["Steam Power+1"],"picked":"SKIP","floor":45},{"not_picked":[],"picked":"Force Field+1","floor":48}],"player_experience":314476,"relics_obtained":[{"floor":6.0,"key":"Smiling Mask"},{"floor":9.0,"key":"Toxic Egg 2"},{"floor":12.0,"key":"Darkstone Periapt"},{"floor":24,"key":"Cables"},{"floor":26,"key":"Omamori"},{"floor":28,"key":"Strawberry"},{"floor":40,"key":"Bottled Lightning"},{"floor":43,"key":"Pantograph"},{"floor":48,"key":"Ginger"}],"event_choices":[{"damage_healed":0,"gold_gain":0,"player_choice":"2 cards matched","damage_taken":0,"max_hp_gain":0,"max_hp_loss":0,"event_name":"Match and Keep!","floor":22,"gold_loss":0,"cards_obtained":["Go for the Eyes","Blizzard"]},{"damage_healed":0,"gold_gain":0,"player_choice":"Obtained Relic","damage_taken":0,"relics_obtained":["Dodecahedron"],"max_hp_gain":0,"max_hp_loss":0,"event_name":"Addict","floor":29,"gold_loss":85},{"damage_healed":0,"gold_gain":0,"cards_transformed":["Strike_B","Strike_B"],"player_choice":"Became Test Subject","damage_taken":0,"max_hp_gain":0,"max_hp_loss":0,"event_name":"Drug Dealer","floor":31,"gold_loss":0,"cards_obtained":["Biased Cognition","Sunder"]},{"cards_removed":["Strike_B"],"damage_healed":0,"gold_gain":0,"player_choice":"Removed Attack","damage_taken":0,"max_hp_gain":0,"max_hp_loss":0,"event_name":"Falling","floor":36,"gold_loss":0},{"damage_healed":0,"gold_gain":0,"player_choice":"Paid","damage_taken":0,"relics_obtained":["Red Mask"],"max_hp_gain":0,"max_hp_loss":0,"event_name":"Tomb of Lord Red Mask","floor":37,"gold_loss":176},{"damage_healed":0,"gold_gain":0,"player_choice":"Max HP","damage_taken":0,"max_hp_gain":0,"max_hp_loss":4,"event_name":"Winding Halls","floor":38,"gold_loss":0},{"damage_healed":0,"gold_gain":0,"player_choice":"Fight","damage_taken":0,"max_hp_gain":0,"max_hp_loss":0,"event_name":"MindBloom","floor":48,"gold_loss":0}],"is_beta":false,"boss_relics":[{"not_picked":["Runic Dome","Empty Cage"],"picked":"Busted Crown"},{"not_picked":["Black Star","White Beast Statue"],"picked":"Fusion Hammer"}],"items_purged_floors":[4],"is_endless":false,"potions_floor_spawned":[3,5,6,12,14,16,19,24,30,33,39,44,45],"ascension_level":0}