{"gold_per_floor":[115,129,141,158,158,158,183,133,133,148,148,148,148,164,164,265,265,282,294,294,294,306,306,338,338,338,352,352,364,364,140,140,239,239,257,8,23,23,0,0,31,31,78,78,78,78,89,104,104,104],"floor_reached":51,"playtime":2765,"items_purged":["Strike_R","Defend_R"],"score":670,"play_id":"3e38e15b-c6ef-43b1-b4bb-af24c733f314","local_time":"20180926203022","is_ascension_mode":false,"campfire_choices":[{"data":"Armaments","floor":6.0,"key":"SMITH"},{"data":"True Grit","floor":13.0,"key":"SMITH"},{"data":"Armaments","floor":15.0,"key":"SMITH"},{"data":"Immolate","floor":23.0,"key":"SMITH"},{"data":"Havoc","floor":25.0,"key":"SMITH"},{"data":"Bash","floor":28.0,"key":"SMITH"},{"floor":32.0,"key":"REST"},{"data":"Limit Break","floor":40,"key":"SMITH"},{"floor":42,"key":"REST"},{"floor":44,"key":"REST"},{"data":"True Grit","floor":46,"key":"SMITH"},{"floor":49,"key":"REST"}],"neow_cost":"NONE","seed_source_timestamp":433158578435327,"circlet_count":0,"master_deck":["Defend_R","Defend_R","Bash+1","Twin Strike","Warcry","Armaments+1","Havoc+1","Flex","Armaments+1","True Grit+1","Flash of Steel","Immolate+1","Carnage","Flex","Fiend Fire+1","Pommel Strike+1","Warcry+1","Feel No Pain","True Grit+1","Limit Break+1","Rage+1","Burning Pact+1","Barricade+1","Flame Barrier+1","Offering","Mayhem","Reaper+1","Feel No Pain+1"],"special_seed":0,"relics":["Burning Blood","WingedGreaves","Charon\u0027s Ashes","Molten Egg 2","Velvet Choker","Enchiridion","Torii","Ancient Tea Set","Pear","Dodecahedron","Happy Flower","Astrolabe","Red Mask","Matryoshka","Boot","Pen Nib"],"potions_floor_usage":[47],"damage_taken":[{"damage":3.0,"enemies":"Small Slimes","floor":1.0,"turns":3.0},{"damage":6.0,"enemies":"Jaw Worm","floor":2.0,"turns":4.0},{"damage":6.0,"enemies":"Cultist","floor":3.0,"turns":3.0},{"damage":5.0,"enemies":"3 Louse","floor":4.0,"turns":4.0},{"damage":6.0,"enemies":"Gremlin Nob","floor":7.0,"turns":3.0},{"damage":0.0,"enemies":"Gremlin Gang","floor":10.0,"turns":4.0},{"damage":11.0,"enemies":"Large Slime","floor":14.0,"turns":4.0},{"damage":51.0,"enemies":"Hexaghost","floor":16.0,"turns":9.0},{"damage":10.0,"enemies":"Spheric Guardian","floor":18.0,"turns":3.0},{"damage":0.0,"enemies":"Chosen","floor":19.0,"turns":2.0},{"damage":10.0,"enemies":"Centurion and Healer","floor":22.0,"turns":4.0},{"damage":14.0,"enemies":"Slavers","floor":24.0,"turns":4.0},{"damage":0.0,"enemies":"Snecko","floor":27.0,"turns":2.0},{"damage":11.0,"enemies":"Shelled Parasite and Fungi","floor":29.0,"turns":4.0},{"damage":74.0,"enemies":"Automaton","floor":33.0,"turns":12.0},{"damage":15.0,"enemies":"Orb Walker","floor":35.0,"turns":4.0},{"damage":0.0,"enemies":"3 Shapes","floor":37.0,"turns":2.0},{"damage":76,"enemies":"Giant Head","floor":41,"turns":10},{"damage":6,"enemies":"3 Darklings","floor":47,"turns":3},{"damage":6,"enemies":"Spire Growth","floor":48,"turns":5},{"damage":29,"enemies":"Donu and Deca","floor":50,"turns":9}],"seed_played":"7038661765148563688","potions_obtained":[{"floor":3.0,"key":"AttackPotion"},{"floor":10.0,"key":"Explosive Potion"},{"floor":14.0,"key":"SpeedPotion"},{"floor":19.0,"key":"Poison Potion"},{"floor":24.0,"key":"Ancient Potion"},{"floor":33.0,"key":"BloodPotion"},{"floor":41,"key":"Swift Potion"}],"is_trial":false,"path_per_floor":["M","M","M","M","?","R","E","?","T","M","?","T","R","M","R","B",null,"M","M","?","?","M","R","E","R","T","M","R","M","T","$","R","B",null,"M","$","M","?","?","R","E","R","T","R","$","R","M","M","R","B"],"character_chosen":"IRONCLAD","items_purchased":["Happy Flower","Offering"],"campfire_rested":4,"item_purchase_floors":[31,36],"current_hp_per_floor":[80,80,80,80,80,80,80,80,80,80,80,80,80,75,75,30,80,76,80,64,64,60,60,52,52,62,68,68,63,63,63,90,22,90,90,90,90,90,90,90,20,47,47,74,74,74,74,74,90,81],"gold":104,"neow_bonus":"THREE_CARDS","is_prod":false,"is_daily":false,"chose_seed":false,"campfire_upgraded":8,"win_rate":1,"timestamp":1537961422,"path_taken":["M","M","M","M","?","R","E","?","T","M","?","?","R","?","R","BOSS","M","M","?","?","M","R","E","R","T","M","R","M","?","$","R","BOSS","M","$","?","?","?","R","E","R","T","R","$","R","M","?","R","BOSS"],"build_version":"2018-09-20","purchased_purges":2,"victory":true,"max_hp_per_floor":[80,80,80,80,80,80,80,80,80,80,80,80,80,80,80,80,80,80,80,80,80,80,80,80,80,90,90,90,90,90,90,90,90,90,90,90,90,90,90,90,90,90,90,90,90,90,90,90,90,90],"card_choices":[{"not_picked":["Shockwave","Sentinel"],"picked":"Twin Strike","floor":0.0},{"not_picked":["Fire Breathing","Twin Strike"],"picked":"Warcry","floor":1.0},{"not_picked":["Twin Strike","Pommel Strike"],"picked":"Armaments","floor":2.0},{"not_picked":["Hemokinesis","Headbutt"],"picked":"Havoc","floor":3.0},{"not_picked":["Perfected Strike","Brutality"],"picked":"Flex","floor":4.0},{"not_picked":["Sword Boomerang","Anger"],"picked":"Armaments","floor":7.0},{"not_picked":["Perfected Strike","Twin Strike"],"picked":"True Grit","floor":10.0},{"not_picked":["Hemokinesis+1","Warcry"],"picked":"Flex","floor":14.0},{"not_picked":["Bludgeon+1","Brutality"],"picked":"Fiend Fire+1","floor":16.0},{"not_picked":["Havoc","Clash+1"],"picked":"Pommel Strike+1","floor":18.0},{"not_picked":["Armaments","Hemokinesis+1"],"picked":"Warcry+1","floor":19.0},{"not_picked":["Entrench","Bludgeon+1"],"picked":"Feel No Pain","floor":22.0},{"not_picked":["Blood for Blood+1","Carnage+1","Heavy Blade+1"],"picked":"SKIP","floor":24.0},{"not_picked":["Wild Strike+1","Uppercut+1","Searing Blow+1"],"picked":"SKIP","floor":27.0},{"not_picked":["Rampage+1","Iron Wave+1"],"picked":"True Grit","floor":29.0},{"not_picked":["Bludgeon+1","Barricade"],"picked":"Limit Break","floor":33.0},{"not_picked":["Ghostly Armor","Thunderclap+1"],"picked":"Flame Barrier+1","floor":35.0},{"not_picked":["Perfected Strike+1","Twin Strike+1","Anger+1"],"picked":"SKIP","floor":37.0},{"not_picked":["Flash of Steel+1","Thinking Ahead"],"picked":"Mayhem","floor":38},{"not_picked":["Sword Boomerang+1","True Grit+1"],"picked":"Reaper+1","floor":41},{"not_picked":["Evolve+1","Reckless Charge+1"],"picked":"Feel No Pain+1","floor":47},{"not_picked":["Rage+1","Disarm+1","Anger+1"],"picked":"SKIP","floor":48}],"player_experience":67857,"relics_obtained":[{"floor":7.0,"key":"WingedGreaves"},{"floor":9.0,"key":"Charon\u0027s Ashes"},{"floor":12.0,"key":"Molten Egg 2"},{"floor":20.0,"key":"Enchiridion"},{"floor":24.0,"key":"Ancient Tea Set"},{"floor":26.0,"key":"Pear"},{"floor":30.0,"key":"Dodecahedron"},{"floor":41,"key":"Matryoshka"},{"floor":43,"key":"Boot"},{"floor":43,"key":"Pen Nib"}],"event_choices":[{"event_name":"Living Wall","player_choice":"Forget","floor":5.0,"damage_taken":0.0},{"event_name":"The Cleric","player_choice":"Card Removal","floor":8.0,"damage_taken":0.0},{"event_name":"Match and Keep!","player_choice":"3 cards matched","floor":11.0,"damage_taken":0.0},{"event_name":"Cursed Tome","player_choice":"Obtained Book","floor":20.0,"damage_taken":0.0},{"event_name":"The Mausoleum","player_choice":"Yes","floor":21.0,"damage_taken":0.0},{"event_name":"SensoryStone","player_choice":"Memory 1","floor":38,"damage_taken":0},{"event_name":"Tomb of Lord Red Mask","player_choice":"Paid","floor":39,"damage_taken":0}],"is_beta":false,"boss_relics":[{"not_picked":["Ectoplasm","Black Star"],"picked":"Velvet Choker"},{"not_picked":["Runic Cube","Runic Dome"],"picked":"Astrolabe"}],"items_purged_floors":[31,36],"is_endless":false,"potions_floor_spawned":[3,10,14,19,24,33,41],"ascension_level":0}