{"gold_per_floor":[118,128,3,3,13,44,44,60,60,80,110,110,110,6,6,110,160,179,179,96,195,195,195,208,29,55,71,85,97,97,116,116,217,217,229,247,55,72,85,85,105,105,151,151,26,37,57,57,57,57],"floor_reached":51,"playtime":3573,"items_purged":["Strike_G","Pain","Strike_G"],"score":761,"play_id":"64d9dc8e-d289-4656-a79f-5abfdadb0154","local_time":"20180921224339","is_ascension_mode":false,"campfire_choices":[{"data":"Glass Knife","floor":7.0,"key":"SMITH"},{"data":"Bouncing Flask","floor":13.0,"key":"SMITH"},{"data":"Footwork","floor":15.0,"key":"SMITH"},{"data":"Catalyst","floor":23.0,"key":"SMITH"},{"floor":30.0,"key":"REST"},{"data":"Noxious Fumes","floor":32.0,"key":"SMITH"},{"data":"Malaise","floor":40,"key":"SMITH"},{"data":"Backflip","floor":42,"key":"SMITH"},{"data":"Blur","floor":44,"key":"SMITH"},{"data":"Catalyst","floor":49,"key":"SMITH"}],"neow_cost":"NONE","seed_source_timestamp":8281201838932,"circlet_count":0,"master_deck":["Defend_G","Defend_G","Defend_G","Defend_G","Defend_G","Strike_G+1","Strike_G+1","Survivor","Neutralize+1","Bouncing Flask+1","Catalyst+1","PiercingWail","Flying Knee+1","Neutralize","Glass Knife+1","Forethought","Crippling Poison","Backflip","PiercingWail","Deadly Poison","Footwork+1","Dodge and Roll","Malaise+1","Backflip+1","Noxious Fumes+1","Backflip","Backflip+1","Well Laid Plans","Dodge and Roll+1","Blur+1","Prepared","Corpse Explosion","Backstab+1","Deflect+1","Catalyst+1","Distraction+1","Deep Breath"],"special_seed":0,"relics":["Ring of the Snake","Regal Pillow","Snake Skull","Ornamental Fan","Tiny House","Nilry\u0027s Codex","WarpedTongs","Whetstone","Eternal Feather","Strange Spoon","Dream Catcher"],"potions_floor_usage":[46,50,50,50],"damage_taken":[{"damage":0.0,"enemies":"2 Louse","floor":1.0,"turns":3.0},{"damage":0.0,"enemies":"Cultist","floor":2.0,"turns":3.0},{"damage":0.0,"enemies":"Small Slimes","floor":5.0,"turns":3.0},{"damage":14.0,"enemies":"3 Sentries","floor":6.0,"turns":9.0},{"damage":0.0,"enemies":"Blue Slaver","floor":8.0,"turns":3.0},{"damage":3.0,"enemies":"Gremlin Gang","floor":10.0,"turns":4.0},{"damage":2.0,"enemies":"Lagavulin","floor":11.0,"turns":5.0},{"damage":16.0,"enemies":"Slime Boss","floor":16.0,"turns":13.0},{"damage":2.0,"enemies":"Chosen","floor":18.0,"turns":4.0},{"damage":3.0,"enemies":"3 Byrds","floor":24.0,"turns":5.0},{"damage":14.0,"enemies":"Centurion and Healer","floor":27.0,"turns":6.0},{"damage":0.0,"enemies":"Shelled Parasite and Fungi","floor":28.0,"turns":5.0},{"damage":5.0,"enemies":"3 Cultists","floor":29.0,"turns":4.0},{"damage":0.0,"enemies":"Centurion and Healer","floor":31.0,"turns":6.0},{"damage":0.0,"enemies":"Automaton","floor":33.0,"turns":11.0},{"damage":1.0,"enemies":"3 Darklings","floor":35.0,"turns":5.0},{"damage":15.0,"enemies":"Orb Walker","floor":36.0,"turns":2.0},{"damage":0,"enemies":"Maw","floor":38,"turns":9},{"damage":3,"enemies":"Reptomancer","floor":39,"turns":5},{"damage":17,"enemies":"Transient","floor":41,"turns":5},{"damage":6,"enemies":"4 Shapes","floor":46,"turns":5},{"damage":23,"enemies":"Sphere and 2 Shapes","floor":47,"turns":5},{"damage":3,"enemies":"Awakened One","floor":50,"turns":17}],"seed_played":"5252264243878190068","potions_obtained":[{"floor":1.0,"key":"PowerPotion"},{"floor":10.0,"key":"PowerPotion"},{"floor":11.0,"key":"Swift Potion"},{"floor":16.0,"key":"EssenceOfSteel"},{"floor":17.0,"key":"Dexterity Potion"},{"floor":33.0,"key":"Dexterity Potion"},{"floor":46,"key":"Strength Potion"}],"is_trial":false,"path_per_floor":["M","M","$","?","M","E","R","M","T","M","E","?","R","$","R","B",null,"M","?","$","?","?","R","M","$","T","M","M","M","R","M","R","B",null,"M","M","$","M","M","R","M","R","T","R","$","M","M","?","R","B"],"character_chosen":"THE_SILENT","items_purchased":["PiercingWail","Footwork","Dodge and Roll","Noxious Fumes","Backflip","Well Laid Plans","Strange Spoon"],"campfire_rested":1,"item_purchase_floors":[3,14,14,20,20,25,37],"current_hp_per_floor":[70,70,70,70,70,56,56,56,56,53,51,51,51,51,51,35,75,73,57,57,57,57,57,54,54,54,40,40,35,72,72,72,72,75,74,59,59,59,56,75,58,75,75,75,75,69,46,46,67,64],"gold":57,"neow_bonus":"UPGRADE_CARD","is_prod":false,"is_daily":false,"chose_seed":false,"campfire_upgraded":9,"win_rate":1,"timestamp":1537537419,"path_taken":["M","M","$","?","M","E","R","M","T","?","E","?","R","$","R","BOSS","M","?","$","?","?","R","M","$","T","M","M","M","R","M","R","BOSS","M","M","$","M","M","R","M","R","T","R","$","M","M","?","R","BOSS"],"build_version":"2018-09-20","purchased_purges":3,"victory":true,"max_hp_per_floor":[70,70,70,70,70,70,70,70,70,70,70,70,70,70,70,70,75,75,75,75,75,75,75,75,75,75,75,75,75,75,75,75,75,75,75,75,75,75,75,75,75,75,75,75,75,75,75,75,75,75],"card_choices":[{"not_picked":["Blur","Eviscerate"],"picked":"Bouncing Flask","floor":1.0},{"not_picked":["Terror","Heel Hook"],"picked":"Catalyst","floor":2.0},{"not_picked":["Dagger Throw","PiercingWail"],"picked":"Crippling Poison","floor":5.0},{"not_picked":["Deadly Poison","Envenom"],"picked":"Backflip","floor":6.0},{"not_picked":["Blade Dance","Dagger Spray","Crippling Poison"],"picked":"SKIP","floor":8.0},{"not_picked":["Quick Slash","Flechettes"],"picked":"PiercingWail","floor":10.0},{"not_picked":["Underhanded Strike","All Out Attack"],"picked":"Deadly Poison","floor":11.0},{"not_picked":["Tools of the Trade","A Thousand Cuts"],"picked":"Malaise","floor":16.0},{"not_picked":["Crippling Poison","Finisher"],"picked":"Backflip","floor":17.0},{"not_picked":["Masterful Stab","Leg Sweep","Expertise"],"picked":"SKIP","floor":18.0},{"not_picked":["Calculated Gamble+1","Flying Knee+1"],"picked":"Backflip+1","floor":24.0},{"not_picked":["Blade Dance","Flechettes"],"picked":"Dodge and Roll+1","floor":27.0},{"not_picked":["Deflect","Dodge and Roll"],"picked":"Blur","floor":28.0},{"not_picked":["Flying Knee","Distraction"],"picked":"Prepared","floor":29.0},{"not_picked":["All Out Attack","Calculated Gamble","Flechettes"],"picked":"SKIP","floor":31.0},{"not_picked":["Tools of the Trade","Adrenaline"],"picked":"Corpse Explosion","floor":33.0},{"not_picked":["Caltrops+1","Underhanded Strike+1","Slice"],"picked":"SKIP","floor":35.0},{"not_picked":["Sucker Punch+1","Flying Knee+1"],"picked":"Backstab+1","floor":36.0},{"not_picked":["Expertise","Blade Dance","Riddle With Holes+1"],"picked":"SKIP","floor":38},{"not_picked":["Leg Sweep+1","Poisoned Stab"],"picked":"Deflect+1","floor":39},{"not_picked":["Reflex","Tools of the Trade","Backstab"],"picked":"SKIP","floor":41},{"not_picked":["All Out Attack+1","Riddle With Holes+1"],"picked":"Catalyst","floor":46},{"not_picked":["Tactician+1","Outmaneuver"],"picked":"Distraction+1","floor":47},{"not_picked":["Bandage Up","Dramatic Entrance"],"picked":"Deep Breath","floor":48}],"player_experience":13253,"relics_obtained":[{"floor":6.0,"key":"Regal Pillow"},{"floor":9.0,"key":"Snake Skull"},{"floor":11.0,"key":"Ornamental Fan"},{"floor":19.0,"key":"Nilry\u0027s Codex"},{"floor":26.0,"key":"Whetstone"},{"floor":43,"key":"Dream Catcher"}],"event_choices":[{"event_name":"Match and Keep!","player_choice":"4 cards matched","floor":4.0,"damage_taken":0.0},{"event_name":"Living Wall","player_choice":"Forget","floor":12.0,"damage_taken":0.0},{"event_name":"Cursed Tome","player_choice":"Obtained Book","floor":19.0,"damage_taken":0.0},{"event_name":"Nest","player_choice":"Stole From Cult","floor":21.0,"damage_taken":0.0},{"event_name":"Accursed Blacksmith","player_choice":"Rummage","floor":22.0,"damage_taken":0.0},{"event_name":"SensoryStone","player_choice":"Memory 1","floor":48,"damage_taken":0}],"is_beta":false,"boss_relics":[{"not_picked":["Snecko Eye","Calling Bell"],"picked":"Tiny House"},{"not_picked":["HoveringKite","WristBlade"],"picked":"Eternal Feather"}],"items_purged_floors":[3,25,45],"is_endless":false,"potions_floor_spawned":[1,10,11,16,24,33,35,38,46,47],"ascension_level":0}