{"gold_per_floor":[116,132,10,10,10,40,40,57,57,57,67,67,67,84,84,188,188,200,299,3,13,30,30,47,47,70,70,86,102,132,152,152,253,253,272,287,33,49,60,60,90,90,115,133,133,133,159,49,49,49],"floor_reached":51,"playtime":3213,"items_purged":["Strike_B","Strike_B"],"score":734,"play_id":"a995d6b6-d6ec-46bc-8eac-b7a14260b6f0","local_time":"20181006190650","is_ascension_mode":false,"campfire_choices":[{"data":"Zap","floor":7,"key":"SMITH"},{"data":"Streamline","floor":10,"key":"SMITH"},{"data":"Loop","floor":12,"key":"SMITH"},{"data":"Loop","floor":15,"key":"SMITH"},{"data":"BootSequence","floor":23,"key":"SMITH"},{"data":"Capacitor","floor":32,"key":"SMITH"},{"data":"Stack","floor":40,"key":"SMITH"},{"floor":42,"key":"REST"},{"data":"Fusion","floor":49,"key":"SMITH"}],"neow_cost":"NONE","seed_source_timestamp":523146637717871,"circlet_count":0,"master_deck":["Strike_B+1","Strike_B+1","Defend_B+1","Defend_B+1","Defend_B+1","Defend_B+1","Zap+1","Dualcast","Doom and Gloom","Streamline+1","Conserve Battery","Coolheaded","Hello World","Steam+1","Loop+1","Loop+1","Machine Learning","Cold Snap","Leap+1","BootSequence+1","Steam","Capacitor+1","Redo+1","Coolheaded+1","Core Surge","Leap+1","Reinforced Body+1","Stack+1","Undo","Hologram+1","Stack+1","Skim+1","Writhe","Reinforced Body","Capacitor","Fusion+1"],"relics":["Cracked Core","Ornamental Fan","Dodecahedron","Juzu Bracelet","Eternal Feather","War Paint","Happy Flower","Tiny Chest","Sozu","Chemical X","Oddly Smooth Stone","Vajra","Question Card"],"potions_floor_usage":[22,38,44,50],"damage_taken":[{"damage":1,"enemies":"Jaw Worm","floor":1,"turns":3},{"damage":0,"enemies":"Cultist","floor":2,"turns":4},{"damage":9,"enemies":"Lagavulin","floor":6,"turns":7},{"damage":0,"enemies":"2 Louse","floor":8,"turns":1},{"damage":0,"enemies":"Lots of Slimes","floor":11,"turns":2},{"damage":0,"enemies":"Exordium Wildlife","floor":14,"turns":3},{"damage":18,"enemies":"Hexaghost","floor":16,"turns":8},{"damage":6,"enemies":"Chosen","floor":18,"turns":6},{"damage":5,"enemies":"Shell Parasite","floor":21,"turns":7},{"damage":16,"enemies":"Snake Plant","floor":22,"turns":5},{"damage":0,"enemies":"Chosen and Byrds","floor":24,"turns":6},{"damage":4,"enemies":"Snecko","floor":28,"turns":6},{"damage":0,"enemies":"Shelled Parasite and Fungi","floor":29,"turns":9},{"damage":6,"enemies":"Centurion and Healer","floor":31,"turns":9},{"damage":2,"enemies":"Champ","floor":33,"turns":16},{"damage":27,"enemies":"3 Darklings","floor":35,"turns":6},{"damage":0,"enemies":"3 Shapes","floor":36,"turns":6},{"damage":14,"enemies":"3 Darklings","floor":38,"turns":8},{"damage":0,"enemies":"4 Shapes","floor":39,"turns":10},{"damage":34,"enemies":"Nemesis","floor":41,"turns":9},{"damage":16,"enemies":"Spire Growth","floor":44,"turns":7},{"damage":2,"enemies":"Giant Head","floor":47,"turns":12},{"damage":43,"enemies":"Awakened One","floor":50,"turns":26}],"seed_played":"-5559243856055312242","potions_obtained":[{"floor":8,"key":"SpeedPotion"},{"floor":11,"key":"GamblersBrew"},{"floor":16,"key":"Regen Potion"},{"floor":18,"key":"Swift Potion"},{"floor":22,"key":"Poison Potion"},{"floor":28,"key":"SkillPotion"},{"floor":33,"key":"LiquidBronze"}],"is_trial":false,"path_per_floor":["M","M","$","?","$","E","R","M","T","R","M","R","T","M","R","B",null,"M","?","$","M","M","R","M","?","T","$","M","M","?","M","R","B",null,"M","M","$","M","M","R","E","R","T","M","?","?","E","$","R","B"],"character_chosen":"DEFECT","items_purchased":["Coolheaded","Leap","War Paint","Chemical X","Stack","Capacitor","Fusion"],"campfire_rested":1,"item_purchase_floors":[3,20,20,37,37,48,48],"current_hp_per_floor":[74,74,74,59,59,50,50,50,50,50,50,50,50,50,50,32,75,69,69,69,64,60,72,72,72,72,72,68,68,68,62,75,73,75,48,48,48,34,34,52,18,58,58,42,42,61,59,59,75,32],"gold":49,"neow_bonus":"THREE_CARDS","is_prod":false,"is_daily":false,"chose_seed":false,"campfire_upgraded":8,"win_rate":1,"timestamp":1538820410,"path_taken":["M","M","$","?","?","E","R","?","T","R","?","R","?","M","R","BOSS","M","?","?","M","M","R","M","?","T","$","M","M","?","M","R","BOSS","M","M","$","M","M","R","E","R","T","M","?","?","E","?","R","BOSS"],"build_version":"2018-10-04v2","purchased_purges":2,"victory":true,"max_hp_per_floor":[75,75,75,75,75,75,75,75,75,75,75,75,75,75,75,75,75,75,75,75,75,75,75,75,75,75,75,75,75,75,75,75,75,75,75,75,75,75,75,75,75,75,75,75,75,75,75,75,75,75],"card_choices":[{"not_picked":["BootSequence","Gash"],"picked":"Doom and Gloom","floor":0},{"not_picked":["Beam Cell","Conserve Battery"],"picked":"Streamline","floor":1},{"not_picked":["Auto Shields","Beam Cell"],"picked":"Conserve Battery","floor":2},{"not_picked":["Scrape","Double Energy"],"picked":"Hello World","floor":6},{"not_picked":["Darkness","Redo"],"picked":"Steam","floor":8},{"not_picked":["Hologram","Gash"],"picked":"Loop","floor":11},{"not_picked":["Consume","Fusion"],"picked":"Loop","floor":14},{"not_picked":["Hyperbeam","Meteor Strike"],"picked":"Machine Learning","floor":16},{"not_picked":["Stack","Go for the Eyes"],"picked":"Cold Snap","floor":18},{"not_picked":["Redo","Barrage"],"picked":"Gash+1","floor":21},{"not_picked":["Lockon+1","Stack"],"picked":"BootSequence","floor":22},{"not_picked":["Streamline","Barrage"],"picked":"Steam","floor":24},{"not_picked":["Glacier","Leap+1"],"picked":"Capacitor","floor":28},{"not_picked":["Turbo","Rip and Tear"],"picked":"Redo+1","floor":29},{"not_picked":["Rip and Tear+1","Darkness"],"picked":"Coolheaded+1","floor":31},{"not_picked":["Fission","All For One"],"picked":"Core Surge","floor":33},{"not_picked":["Stack","Steam"],"picked":"Leap+1","floor":35},{"not_picked":["Sunder+1","Steam+1"],"picked":"Reinforced Body+1","floor":36},{"not_picked":["Rebound+1","Melter+1"],"picked":"Undo","floor":38},{"not_picked":["Coolheaded","Compile Driver"],"picked":"Hologram+1","floor":39},{"not_picked":["Reprogram+1","Sunder+1"],"picked":"Stack+1","floor":41},{"not_picked":["Sweeping Beam+1","Beam Cell"],"picked":"Skim+1","floor":44},{"not_picked":["Hologram+1","Compile Driver+1"],"picked":"Reinforced Body","floor":47}],"player_experience":133414,"relics_obtained":[{"floor":6,"key":"Ornamental Fan"},{"floor":9,"key":"Dodecahedron"},{"floor":13,"key":"Juzu Bracelet"},{"floor":26,"key":"Happy Flower"},{"floor":41,"key":"Oddly Smooth Stone"},{"floor":43,"key":"Vajra"},{"floor":47,"key":"Question Card"}],"event_choices":[{"event_name":"Shining Light","player_choice":"Entered Light","floor":4,"damage_taken":0},{"event_name":"Nest","player_choice":"Stole From Cult","floor":19,"damage_taken":0},{"event_name":"Back to Basics","player_choice":"Simplicity","floor":25,"damage_taken":0},{"event_name":"The Mausoleum","player_choice":"Yes","floor":30,"damage_taken":0},{"event_name":"Falling","player_choice":"Removed Attack","floor":45,"damage_taken":0},{"event_name":"Winding Halls","player_choice":"Writhe","floor":46,"damage_taken":0}],"is_beta":false,"boss_relics":[{"not_picked":["Calling Bell","Runic Pyramid"],"picked":"Eternal Feather"},{"not_picked":["Empty Cage","White Beast Statue"],"picked":"Sozu"}],"items_purged_floors":[3,20],"is_endless":false,"potions_floor_spawned":[8,11,16,18,22,28,33,35,39,44,47],"ascension_level":0}