{"gold_per_floor":[110,110,125,125,136,136,154,178,178,178,128,157,157,157,157,257,257,275,200,216,59,70,95,95,0,0,17,30,30,30,42,42,144,144,154,172,152,165,165],"floor_reached":39,"playtime":3827,"items_purged":[],"score":401,"play_id":"d5a24269-3be0-4781-b8d0-8fb1cf3df186","local_time":"20190901125944","is_ascension_mode":false,"campfire_choices":[{"data":"Armaments","floor":6,"key":"SMITH"},{"data":"Armaments","floor":10,"key":"SMITH"},{"data":"Metallicize","floor":13,"key":"SMITH"},{"floor":15,"key":"REST"},{"floor":24,"key":"REST"},{"data":"Fiend Fire","floor":29,"key":"SMITH"},{"floor":32,"key":"REST"}],"neow_cost":"NONE","seed_source_timestamp":38669224548973,"circlet_count":0,"master_deck":["Strike_R+1","Strike_R+1","Strike_R+1","Strike_R+1","Strike_R+1","Defend_R+1","Defend_R+1","Defend_R+1","Bash","Trip","Armaments+1","Carnage+1","Armaments+1","Metallicize+1","Fiend Fire+1","Flex","Perfected Strike+1","Corruption","Warcry+1","Clothesline+1","Clothesline+1","Armaments+1","Exhume","Burning Pact","Power Through+1"],"relics":["Burning Blood","Champion Belt","Odd Mushroom","Singing Bowl","Ancient Tea Set","Snecko Eye","Pen Nib","Nunchaku","Eternal Feather"],"potions_floor_usage":[12,16,33,33,33,38,39],"damage_taken":[{"damage":8,"enemies":"Jaw Worm","floor":1,"turns":3},{"damage":8,"enemies":"Small Slimes","floor":3,"turns":3},{"damage":4,"enemies":"2 Louse","floor":5,"turns":4},{"damage":5,"enemies":"2 Fungi Beasts","floor":7,"turns":4},{"damage":14,"enemies":"The Mushroom Lair","floor":8,"turns":5},{"damage":13,"enemies":"Lagavulin","floor":12,"turns":9},{"damage":39,"enemies":"Hexaghost","floor":16,"turns":12},{"damage":0,"enemies":"Spheric Guardian","floor":18,"turns":3},{"damage":6,"enemies":"Chosen","floor":20,"turns":2},{"damage":17,"enemies":"Snake Plant","floor":22,"turns":3},{"damage":39,"enemies":"Slavers","floor":23,"turns":7},{"damage":9,"enemies":"Centurion and Healer","floor":27,"turns":5},{"damage":9,"enemies":"Shelled Parasite and Fungi","floor":28,"turns":4},{"damage":6,"enemies":"Snake Plant","floor":31,"turns":3},{"damage":66,"enemies":"Collector","floor":33,"turns":7},{"damage":24,"enemies":"3 Darklings","floor":35,"turns":6},{"damage":35,"enemies":"3 Shapes","floor":36,"turns":3},{"damage":40,"enemies":"Sphere and 2 Shapes","floor":38,"turns":6},{"damage":24,"enemies":"4 Shapes","floor":39,"turns":4}],"seed_played":"294374423004800321","potions_obtained":[{"floor":7,"key":"Dexterity Potion"},{"floor":8,"key":"SteroidPotion"},{"floor":20,"key":"Energy Potion"},{"floor":22,"key":"Swift Potion"},{"floor":31,"key":"EssenceOfSteel"},{"floor":33,"key":"EssenceOfSteel"},{"floor":35,"key":"Regen Potion"},{"floor":37,"key":"EssenceOfSteel"},{"floor":38,"key":"Dexterity Potion"}],"is_trial":false,"path_per_floor":["M","?","M","?","M","R","M","?","T","R","?","E","R","?","R","B",null,"M","?","M","$","M","E","R","?","T","M","M","R","?","M","R","B",null,"M","M","?","M","M"],"character_chosen":"IRONCLAD","items_purchased":["Corruption","EssenceOfSteel"],"campfire_rested":3,"item_purchase_floors":[21,21],"current_hp_per_floor":[78,78,76,76,78,78,79,71,71,71,71,64,64,48,72,39,80,80,80,80,80,71,38,62,62,62,59,56,56,56,56,80,20,82,64,37,37,18,0],"gold":165,"neow_bonus":"RANDOM_COLORLESS","is_prod":false,"is_daily":false,"chose_seed":false,"campfire_upgraded":4,"win_rate":0.0,"timestamp":1567360784,"path_taken":["M","?","M","?","M","R","M","?","T","R","?","E","R","?","R","BOSS","M","?","M","$","M","E","R","?","T","M","M","R","?","M","R","BOSS","M","M","?","?","M"],"build_version":"2019-07-17","purchased_purges":0,"victory":false,"max_hp_per_floor":[80,80,80,80,80,80,80,80,80,80,80,80,80,80,80,80,80,80,80,80,80,82,82,82,82,82,82,82,82,82,82,82,82,82,82,84,84,84,84],"card_choices":[{"not_picked":["Twin Strike","Warcry","True Grit"],"picked":"SKIP","floor":1},{"not_picked":["Warcry","Body Slam","Wild Strike"],"picked":"SKIP","floor":3},{"not_picked":["Headbutt","Havoc"],"picked":"Armaments","floor":5},{"not_picked":["Heavy Blade","Sever Soul"],"picked":"Carnage","floor":7},{"not_picked":["Pommel Strike","Double Tap"],"picked":"Armaments","floor":8},{"not_picked":["Sword Boomerang","Perfected Strike"],"picked":"Metallicize","floor":12},{"not_picked":["Double Tap","Dark Embrace"],"picked":"Fiend Fire","floor":16},{"not_picked":["Hemokinesis+1","Body Slam+1"],"picked":"Flex","floor":18},{"not_picked":["Burning Pact","Heavy Blade"],"picked":"Perfected Strike+1","floor":20},{"not_picked":["Whirlwind","Feel No Pain+1","Headbutt"],"picked":"Singing Bowl","floor":22},{"not_picked":["Shockwave","Pommel Strike"],"picked":"Warcry+1","floor":23},{"not_picked":["Shockwave","Havoc"],"picked":"Clothesline+1","floor":27},{"not_picked":["Perfected Strike+1","Feed"],"picked":"Clothesline+1","floor":28},{"not_picked":["Perfected Strike","Anger+1"],"picked":"Armaments+1","floor":31},{"not_picked":["Juggernaut","Limit Break"],"picked":"Exhume","floor":33},{"not_picked":["Anger","Carnage"],"picked":"Burning Pact","floor":35},{"not_picked":["Body Slam","Clash","Pummel"],"picked":"Singing Bowl","floor":36},{"not_picked":["Anger+1","Battle Trance+1"],"picked":"Power Through+1","floor":38}],"player_experience":66891,"relics_obtained":[{"floor":8,"key":"Odd Mushroom"},{"floor":9,"key":"Singing Bowl"},{"floor":12,"key":"Ancient Tea Set"},{"floor":23,"key":"Pen Nib"},{"floor":26,"key":"Nunchaku"}],"event_choices":[{"damage_healed":0,"gold_gain":0,"player_choice":"Box","damage_taken":0,"relics_obtained":["Champion Belt"],"max_hp_gain":0,"max_hp_loss":0,"event_name":"Big Fish","floor":2,"gold_loss":0,"cards_obtained":["Regret"]},{"damage_healed":0,"gold_gain":0,"player_choice":"Ignored","damage_taken":0,"max_hp_gain":0,"max_hp_loss":0,"event_name":"Golden Wing","floor":4,"gold_loss":0},{"damage_healed":0,"gold_gain":0,"player_choice":"Fought Mushrooms","damage_taken":0,"max_hp_gain":0,"max_hp_loss":0,"event_name":"Mushrooms","floor":8,"gold_loss":0},{"cards_removed":["Regret"],"damage_healed":0,"gold_gain":0,"player_choice":"Card Removal","damage_taken":0,"max_hp_gain":0,"max_hp_loss":0,"event_name":"The Cleric","floor":11,"gold_loss":50},{"damage_healed":0,"gold_gain":0,"player_choice":"Entered Light","damage_taken":16,"max_hp_gain":0,"max_hp_loss":0,"event_name":"Shining Light","floor":14,"gold_loss":0,"cards_upgraded":["Carnage","Strike_R"]},{"cards_removed":["Defend_R"],"damage_healed":0,"gold_gain":0,"player_choice":"Gave Gold","damage_taken":0,"max_hp_gain":0,"max_hp_loss":0,"event_name":"Beggar","floor":19,"gold_loss":75},{"damage_healed":0,"gold_gain":0,"player_choice":"Paid Fearfully","damage_taken":0,"max_hp_gain":0,"max_hp_loss":0,"event_name":"Masked Bandits","floor":25,"gold_loss":95},{"damage_healed":0,"gold_gain":0,"player_choice":"Simplicity","damage_taken":0,"max_hp_gain":0,"max_hp_loss":0,"event_name":"Back to Basics","floor":30,"gold_loss":0,"cards_upgraded":["Strike_R","Strike_R","Strike_R","Strike_R","Defend_R","Defend_R","Defend_R"]},{"damage_healed":0,"gold_gain":0,"player_choice":"Bought 1 Potion","damage_taken":0,"max_hp_gain":0,"max_hp_loss":0,"event_name":"The Woman in Blue","floor":37,"gold_loss":0}],"is_beta":false,"boss_relics":[{"not_picked":["Calling Bell","Astrolabe"],"picked":"Snecko Eye"},{"not_picked":["Sozu","Empty Cage"],"picked":"Eternal Feather"}],"items_purged_floors":[],"is_endless":false,"potions_floor_spawned":[7,8,20,22,31,33,35,38],"killed_by":"4 Shapes","ascension_level":0}