{"gold_per_floor":[115,115,115,132,148,148,163,238,265,292,72,83,83,111,111,111],"floor_reached":16,"playtime":1229,"items_purged":[],"score":100,"play_id":"2461dfc2-3fad-4beb-881c-b6bb6229e5f9","local_time":"20190629154836","is_ascension_mode":false,"campfire_choices":[{"data":"Feel No Pain","floor":6,"key":"SMITH"},{"floor":13,"key":"REST"},{"data":"Infernal Blade","floor":15,"key":"SMITH"}],"neow_cost":"NONE","seed_source_timestamp":163401338236894,"circlet_count":0,"master_deck":["Strike_R","Strike_R","Strike_R","Strike_R","Defend_R","Defend_R","Defend_R","Defend_R","Bash","Fiend Fire","Pommel Strike","Cleave","Feel No Pain+1","Anger","Dual Wield","Panacea","Infernal Blade+1","Pummel"],"relics":["Burning Blood","Boot","Potion Belt","Blood Vial"],"potions_floor_usage":[],"damage_taken":[{"damage":1,"enemies":"Jaw Worm","floor":1,"turns":3},{"damage":1,"enemies":"Cultist","floor":4,"turns":4},{"damage":0,"enemies":"2 Louse","floor":5,"turns":3},{"damage":16,"enemies":"Blue Slaver","floor":7,"turns":4},{"damage":15,"enemies":"2 Fungi Beasts","floor":12,"turns":4},{"damage":18,"enemies":"3 Sentries","floor":14,"turns":7},{"damage":71,"enemies":"Slime Boss","floor":16,"turns":10}],"seed_played":"5888980782672353507","potions_obtained":[{"floor":4,"key":"Swift Potion"},{"floor":7,"key":"EssenceOfSteel"},{"floor":12,"key":"Weak Potion"}],"is_trial":false,"path_per_floor":["M","?","?","M","M","R","M","?","T","T","$","M","R","E","R","B"],"character_chosen":"IRONCLAD","items_purchased":["Dual Wield","Panacea","Fruit Juice"],"campfire_rested":1,"item_purchase_floors":[11,11,11],"current_hp_per_floor":[80,80,80,80,80,80,70,59,59,59,59,50,74,62,62,0],"gold":111,"neow_bonus":"ONE_RANDOM_RARE_CARD","is_prod":false,"is_daily":false,"chose_seed":false,"campfire_upgraded":2,"win_rate":0.0,"timestamp":1561841316,"path_taken":["M","?","?","M","?","R","?","?","T","?","$","M","R","E","R","BOSS"],"build_version":"2019-01-23","purchased_purges":0,"victory":false,"max_hp_per_floor":[80,80,80,80,80,80,80,80,80,80,80,80,80,80,80,80],"card_choices":[{"not_picked":["True Grit","Body Slam"],"picked":"Pommel Strike","floor":1},{"not_picked":["Flex","Armaments"],"picked":"Cleave","floor":4},{"not_picked":["Thunderclap","Body Slam"],"picked":"Feel No Pain","floor":5},{"not_picked":["Double Tap","Flex"],"picked":"Anger","floor":7},{"not_picked":["Warcry","True Grit"],"picked":"Infernal Blade","floor":12},{"not_picked":["Warcry","Heavy Blade"],"picked":"Pummel","floor":14}],"player_experience":14510,"relics_obtained":[{"floor":9,"key":"Boot"},{"floor":10,"key":"Potion Belt"},{"floor":14,"key":"Blood Vial"}],"event_choices":[{"damage_healed":0,"gold_gain":0,"player_choice":"Ignored","damage_taken":0,"max_hp_gain":0,"max_hp_loss":0,"event_name":"Golden Wing","floor":2,"gold_loss":0},{"cards_removed":["Strike_R"],"damage_healed":0,"gold_gain":0,"player_choice":"Offered Basic","damage_taken":0,"max_hp_gain":0,"max_hp_loss":0,"event_name":"Bonfire Elementals","floor":3,"gold_loss":0},{"damage_healed":0,"gold_gain":75,"player_choice":"Gather Gold","damage_taken":11,"max_hp_gain":0,"max_hp_loss":0,"event_name":"World of Goop","floor":8,"gold_loss":0}],"is_beta":false,"boss_relics":[],"items_purged_floors":[],"is_endless":false,"potions_floor_spawned":[4,7,12],"killed_by":"Slime Boss","ascension_level":0}