{"gold_per_floor":[118,134,134,147,322,357,357,64,64,39,39,63,87,120,120,248,248,264,264,282,302,302],"floor_reached":22,"playtime":1877,"items_purged":["Doubt"],"score":186,"play_id":"78d1a040-338b-451c-9844-434fe174d298","local_time":"20190828225704","is_ascension_mode":false,"campfire_choices":[{"data":"Dualcast","floor":7.0,"key":"SMITH"},{"data":"Beam Cell","floor":11.0,"key":"SMITH"},{"data":"Zap","floor":15.0,"key":"SMITH"}],"neow_cost":"NONE","seed_source_timestamp":0,"circlet_count":0,"master_deck":["Strike_B","Strike_B","Strike_B","Defend_B","Defend_B","Defend_B","Defend_B","Zap+1","Dualcast+1","Beam Cell+1","Sweeping Beam","Injury","Ball Lightning","Reinforced Body","Genetic Algorithm","Cold Snap","Hologram","Skim","Compile Driver","All For One","Defragment","Double Energy+1","Self Repair"],"special_seed":0,"relics":["Cracked Core","Golden Idol","Question Card","Oddly Smooth Stone","Odd Mushroom","Philosopher\u0027s Stone"],"potions_floor_usage":[22,22],"damage_taken":[{"damage":0.0,"enemies":"2 Louse","floor":1.0,"turns":3.0},{"damage":1.0,"enemies":"Jaw Worm","floor":2.0,"turns":4.0},{"damage":0.0,"enemies":"Cultist","floor":4.0,"turns":3.0},{"damage":26.0,"enemies":"Gremlin Nob","floor":6.0,"turns":4.0},{"damage":7.0,"enemies":"2 Fungi Beasts","floor":12.0,"turns":3.0},{"damage":8.0,"enemies":"Blue Slaver","floor":13.0,"turns":2.0},{"damage":9.0,"enemies":"The Mushroom Lair","floor":14.0,"turns":4.0},{"damage":17.0,"enemies":"The Guardian","floor":16.0,"turns":10.0},{"damage":33.0,"enemies":"3 Byrds","floor":18.0,"turns":5.0},{"damage":8.0,"enemies":"Shell Parasite","floor":20.0,"turns":4.0},{"damage":11.0,"enemies":"Cultist and Chosen","floor":21.0,"turns":5.0},{"damage":20,"enemies":"Shelled Parasite and Fungi","floor":22,"turns":2}],"seed_played":"8979842274230720805","potions_obtained":[{"floor":1.0,"key":"AttackPotion"},{"floor":13.0,"key":"Poison Potion"},{"floor":16.0,"key":"FearPotion"},{"floor":20.0,"key":"Explosive Potion"}],"is_trial":false,"path_per_floor":["M","M","?","M","?","E","R","$","T","$","R","M","M","?","R","B",null,"M","?","M","M","M"],"character_chosen":"DEFECT","items_purchased":["Oddly Smooth Stone","Genetic Algorithm","Cold Snap"],"campfire_rested":0,"item_purchase_floors":[8,8,10],"current_hp_per_floor":[75,74,74,74,74,48,48,48,48,48,48,41,33,24,24,7,75,42,35,27,16,0],"gold":302,"neow_bonus":"REMOVE_CARD","is_prod":false,"is_daily":false,"chose_seed":false,"campfire_upgraded":3,"win_rate":0.0,"timestamp":1567000624,"path_taken":["M","M","?","M","?","E","R","$","T","?","R","?","M","?","R","BOSS","M","?","?","M","M"],"build_version":"2019-07-17","purchased_purges":1,"victory":false,"max_hp_per_floor":[75,75,75,75,75,75,75,75,75,75,75,75,75,75,75,75,75,75,75,75,75,75],"card_choices":[{"not_picked":["Fusion","Gash"],"picked":"Beam Cell","floor":1.0},{"not_picked":["Reinforced Body","Redo"],"picked":"Sweeping Beam","floor":2.0},{"not_picked":["Redo","Barrage"],"picked":"Ball Lightning","floor":4.0},{"not_picked":["Storm","Redo"],"picked":"Reinforced Body","floor":6.0},{"not_picked":["Aggregate","Barrage","Leap"],"picked":"Hologram","floor":12.0},{"not_picked":["Thunder Strike","Sweeping Beam","Chaos"],"picked":"Skim","floor":13.0},{"not_picked":["Beam Cell","Darkness","Leap"],"picked":"Compile Driver","floor":14.0},{"not_picked":["Machine Learning","Thunder Strike","Fission"],"picked":"All For One","floor":16.0},{"not_picked":["Compile Driver","Go for the Eyes","Coolheaded+1"],"picked":"Defragment","floor":18.0},{"not_picked":["Compile Driver","Hologram","Redo+1"],"picked":"Double Energy+1","floor":20.0},{"not_picked":["Rip and Tear","Hologram","Steam"],"picked":"Self Repair","floor":21.0}],"player_experience":121161,"relics_obtained":[{"floor":6.0,"key":"Question Card"},{"floor":14.0,"key":"Odd Mushroom"}],"event_choices":[{"damage_healed":0.0,"max_hp_gain":0.0,"max_hp_loss":0.0,"gold_gain":0.0,"event_name":"Golden Idol","player_choice":"Take Wound","floor":3.0,"gold_loss":0.0,"damage_taken":0.0,"relics_obtained":["Golden Idol"],"cards_obtained":["Injury"]},{"damage_healed":0.0,"max_hp_gain":0.0,"max_hp_loss":0.0,"gold_gain":175.0,"event_name":"Liars Game","player_choice":"AGREE","floor":5.0,"gold_loss":0.0,"damage_taken":0.0,"cards_obtained":["Doubt"]},{"damage_healed":0.0,"max_hp_gain":0.0,"max_hp_loss":0.0,"gold_gain":0.0,"event_name":"Mushrooms","player_choice":"Fought Mushrooms","floor":14.0,"gold_loss":0.0,"damage_taken":0.0},{"damage_healed":0.0,"max_hp_gain":0.0,"max_hp_loss":0.0,"gold_gain":0.0,"event_name":"Wheel of Change","player_choice":"Damaged","floor":19.0,"gold_loss":0.0,"damage_taken":7.0}],"is_beta":false,"boss_relics":[{"not_picked":["White Beast Statue","Snecko Eye"],"picked":"Philosopher\u0027s Stone"}],"items_purged_floors":[8],"is_endless":false,"potions_floor_spawned":[1,13,16,20],"killed_by":"Shelled Parasite and Fungi","ascension_level":0}