{"gold_per_floor":[111,32,43,55,71,71,37,37,37,53,64,155,155,330,330,428,428,441,140,151,151,151,151,163,181,256,256,36,36,51,69,69,165,165,178,194,204,218,233,233,251,251,274,274,274,324,337,353,353,353],"floor_reached":51,"playtime":2747,"items_purged":["Strike_R"],"score":670,"play_id":"aa7dff18-b74e-4d03-8986-e1ffe905122c","local_time":"20181015012823","is_ascension_mode":false,"campfire_choices":[{"data":"Barricade","floor":6,"key":"SMITH"},{"data":"Armaments","floor":8,"key":"SMITH"},{"data":"True Grit","floor":15,"key":"SMITH"},{"data":"Body Slam","floor":23,"key":"SMITH"},{"data":"Impervious","floor":27,"key":"SMITH"},{"floor":32,"key":"REST"},{"data":"Metallicize","floor":40,"key":"SMITH"},{"data":"Feel No Pain","floor":42,"key":"SMITH"},{"data":"True Grit","floor":44,"key":"SMITH"},{"data":"Shrug It Off","floor":49,"key":"SMITH"}],"neow_cost":"NONE","seed_source_timestamp":47499324052031,"circlet_count":0,"master_deck":["Strike_R","Strike_R","Strike_R","Strike_R","Defend_R","Defend_R","Defend_R","Defend_R","Bash","Barricade+1","True Grit+1","Impervious+1","Feel No Pain+1","Armaments+1","Body Slam+1","Metallicize+1","Battle Trance","Doubt","Burning Pact","Uppercut+1","True Grit+1","Shrug It Off+1","Necronomicurse","Clothesline+1","Feel No Pain+1","Warcry"],"relics":["Burning Blood","Ornamental Fan","Tiny Chest","Bag of Marbles","Busted Crown","PreservedInsect","Gremlin Horn","Bronze Scales","Necronomicon","Eternal Feather","Orichalcum","Mango","Lantern"],"potions_floor_usage":[18,30,35,39,39],"damage_taken":[{"damage":12,"enemies":"Jaw Worm","floor":1,"turns":6},{"damage":2,"enemies":"2 Louse","floor":3,"turns":4},{"damage":0,"enemies":"Small Slimes","floor":4,"turns":5},{"damage":8,"enemies":"Red Slaver","floor":5,"turns":5},{"damage":14,"enemies":"Exordium Wildlife","floor":10,"turns":8},{"damage":12,"enemies":"Blue Slaver","floor":11,"turns":7},{"damage":0,"enemies":"Lagavulin Event","floor":12,"turns":6},{"damage":31,"enemies":"Hexaghost","floor":16,"turns":10},{"damage":2,"enemies":"Chosen","floor":18,"turns":4},{"damage":7,"enemies":"Shell Parasite","floor":20,"turns":6},{"damage":0,"enemies":"Sentry and Sphere","floor":24,"turns":6},{"damage":11,"enemies":"Shelled Parasite and Fungi","floor":25,"turns":6},{"damage":12,"enemies":"3 Cultists","floor":30,"turns":5},{"damage":12,"enemies":"Sentry and Sphere","floor":31,"turns":7},{"damage":11,"enemies":"Champ","floor":33,"turns":12},{"damage":0,"enemies":"3 Darklings","floor":35,"turns":7},{"damage":13,"enemies":"Orb Walker","floor":36,"turns":4},{"damage":34,"enemies":"3 Darklings","floor":37,"turns":9},{"damage":20,"enemies":"Transient","floor":38,"turns":5},{"damage":13,"enemies":"Reptomancer","floor":39,"turns":5},{"damage":10,"enemies":"3 Darklings","floor":41,"turns":6},{"damage":0,"enemies":"Spire Growth","floor":47,"turns":6},{"damage":3,"enemies":"Sphere and 2 Shapes","floor":48,"turns":5},{"damage":36,"enemies":"Donu and Deca","floor":50,"turns":11}],"seed_played":"-8939946277789749516","potions_obtained":[{"floor":4,"key":"Poison Potion"},{"floor":5,"key":"SpeedPotion"},{"floor":10,"key":"Fire Potion"},{"floor":31,"key":"SkillPotion"},{"floor":33,"key":"SkillPotion"},{"floor":41,"key":"Ancient Potion"}],"is_trial":false,"path_per_floor":["M","$","M","M","M","R","$","R","T","M","M","?","?","?","R","B",null,"M","$","M","T","?","R","M","M","T","R","$","?","M","M","R","B",null,"M","M","M","M","M","R","M","R","T","R","T","T","M","M","R","B"],"character_chosen":"IRONCLAD","items_purchased":["Impervious","Metallicize","PreservedInsect","Burning Pact","Bronze Scales","True Grit","Shrug It Off"],"campfire_rested":1,"item_purchase_floors":[2,7,19,19,28,28,28],"current_hp_per_floor":[74,74,78,80,78,78,78,78,78,70,64,70,63,63,63,38,80,80,80,79,79,64,64,70,65,65,65,65,49,43,37,62,57,85,85,78,50,36,29,44,40,55,55,70,84,84,90,93,99,69],"gold":353,"neow_bonus":"ONE_RANDOM_RARE_CARD","is_prod":false,"is_daily":false,"chose_seed":false,"campfire_upgraded":9,"win_rate":0,"timestamp":1539534503,"path_taken":["M","$","M","M","M","R","$","R","T","M","M","?","?","?","R","BOSS","M","$","M","?","?","R","M","M","T","R","$","?","?","M","R","BOSS","M","?","M","M","M","R","M","R","T","R","?","?","M","M","R","BOSS"],"build_version":"2018-10-11","purchased_purges":1,"victory":true,"max_hp_per_floor":[80,80,80,80,80,80,80,80,80,80,80,80,80,80,80,80,80,80,80,80,80,85,85,85,85,85,85,85,85,85,85,85,85,85,85,85,85,85,85,85,85,85,85,85,99,99,99,99,99,99],"card_choices":[{"not_picked":["Headbutt","Heavy Blade"],"picked":"True Grit","floor":1},{"not_picked":["Sword Boomerang","Flex"],"picked":"Feel No Pain","floor":3},{"not_picked":["Sword Boomerang","Warcry"],"picked":"Armaments","floor":4},{"not_picked":["Evolve","Clash"],"picked":"Body Slam","floor":5},{"not_picked":["Thunderclap","Havoc","Body Slam"],"picked":"SKIP","floor":10},{"not_picked":["Sword Boomerang","Flex","Pommel Strike"],"picked":"SKIP","floor":11},{"not_picked":["Armaments","Clash"],"picked":"Battle Trance","floor":12},{"not_picked":["Combust"],"picked":"SKIP","floor":18},{"not_picked":["Perfected Strike+1"],"picked":"SKIP","floor":20},{"not_picked":[],"picked":"Uppercut+1","floor":24},{"not_picked":["Carnage"],"picked":"SKIP","floor":25},{"not_picked":["Iron Wave"],"picked":"SKIP","floor":30},{"not_picked":[],"picked":"Clothesline+1","floor":31},{"not_picked":["Flex"],"picked":"SKIP","floor":35},{"not_picked":["Clash+1"],"picked":"SKIP","floor":36},{"not_picked":[],"picked":"Feel No Pain+1","floor":37},{"not_picked":["Iron Wave+1"],"picked":"SKIP","floor":38},{"not_picked":["Corruption+1"],"picked":"SKIP","floor":39},{"not_picked":["Iron Wave"],"picked":"SKIP","floor":41},{"not_picked":["Armaments"],"picked":"SKIP","floor":47},{"not_picked":[],"picked":"Warcry","floor":48}],"player_experience":244816,"relics_obtained":[{"floor":9,"key":"Ornamental Fan"},{"floor":21,"key":"Gremlin Horn"},{"floor":29,"key":"Necronomicon"},{"floor":43,"key":"Orichalcum"},{"floor":45,"key":"Mango"},{"floor":46,"key":"Lantern"}],"event_choices":[{"event_name":"Dead Adventurer","player_choice":"Searched \u00272\u0027 times","floor":12,"damage_taken":0},{"event_name":"Scrap Ooze","player_choice":"success","floor":13,"damage_taken":7},{"event_name":"Liars Game","player_choice":"agreed","floor":14,"damage_taken":0},{"event_name":"Forgotten Altar","player_choice":"Shed Blood","floor":22,"damage_taken":0},{"event_name":"Cursed Tome","player_choice":"Obtained Book","floor":29,"damage_taken":0}],"is_beta":false,"boss_relics":[{"not_picked":["Cursed Key","Calling Bell"],"picked":"Busted Crown"},{"not_picked":["Coffee Dripper","White Beast Statue"],"picked":"Eternal Feather"}],"items_purged_floors":[19],"is_endless":false,"potions_floor_spawned":[4,5,10,16,31,33,41],"ascension_level":0}