{"gold_per_floor":[110,110,126,142,155,193,193,216,216,18,31,31,31,50,50,178,178,191,191,0,21,40,40,65,15,15,15,15,28,28,41,41,160,160,178,52,77,77,91,91,107,122,122,122,122,122,135,151,151,151],"floor_reached":51,"playtime":3900,"items_purged":["Strike_R","Strike_R","Anger"],"score":705,"play_id":"f81850ee-fb1d-450d-a7d0-968a4bbc1711","local_time":"20181014103356","is_ascension_mode":false,"campfire_choices":[{"data":"Bash","floor":7.0,"key":"SMITH"},{"data":"Barricade","floor":13.0,"key":"SMITH"},{"data":"True Grit","floor":15.0,"key":"SMITH"},{"data":"Armaments","floor":23.0,"key":"SMITH"},{"data":"Metallicize","floor":28.0,"key":"SMITH"},{"data":"True Grit","floor":30.0,"key":"SMITH"},{"data":"Dual Wield","floor":32.0,"key":"SMITH"},{"data":"Body Slam","floor":40.0,"key":"SMITH"},{"data":"True Grit","floor":44.0,"key":"SMITH"},{"data":"Metallicize","floor":49,"key":"SMITH"}],"neow_cost":"NONE","seed_source_timestamp":95956706039982,"circlet_count":0,"master_deck":["Strike_R","Strike_R","Strike_R","Defend_R","Defend_R","Defend_R","Defend_R","Bash+1","Barricade+1","Metallicize+1","Shockwave","True Grit+1","True Grit+1","Feel No Pain","Twin Strike","Clothesline","Feed","Metallicize+1","Metallicize","Armaments+1","Dual Wield+1","Shockwave+1","Dark Embrace","True Grit+1","Flame Barrier","Body Slam+1","Shrug It Off","Power Through+1","True Grit+1","Havoc+1"],"special_seed":0,"relics":["Burning Blood","NeowsBlessing","Golden Idol","Lantern","Letter Opener","Smiling Mask","Philosopher\u0027s Stone","Singing Bowl","Mark of Pain","Turnip","FossilizedHelix"],"potions_floor_usage":[47,50,50,50],"damage_taken":[{"damage":0.0,"enemies":"Jaw Worm","floor":1.0,"turns":1.0},{"damage":0.0,"enemies":"Small Slimes","floor":3.0,"turns":1.0},{"damage":0.0,"enemies":"Cultist","floor":4.0,"turns":1.0},{"damage":21.0,"enemies":"Lots of Slimes","floor":5.0,"turns":4.0},{"damage":23.0,"enemies":"3 Sentries","floor":6.0,"turns":10.0},{"damage":0.0,"enemies":"Exordium Thugs","floor":8.0,"turns":3.0},{"damage":0.0,"enemies":"Blue Slaver","floor":11.0,"turns":6.0},{"damage":5.0,"enemies":"Looter","floor":14.0,"turns":3.0},{"damage":10.0,"enemies":"Hexaghost","floor":16.0,"turns":22.0},{"damage":7.0,"enemies":"Shell Parasite","floor":18.0,"turns":15.0},{"damage":6.0,"enemies":"Chosen","floor":21.0,"turns":8.0},{"damage":10.0,"enemies":"Snake Plant","floor":22.0,"turns":8.0},{"damage":14.0,"enemies":"Shelled Parasite and Fungi","floor":24.0,"turns":12.0},{"damage":8.0,"enemies":"Snecko","floor":29.0,"turns":8.0},{"damage":14.0,"enemies":"Chosen and Byrds","floor":31.0,"turns":7.0},{"damage":28.0,"enemies":"Automaton","floor":33.0,"turns":37.0},{"damage":2.0,"enemies":"3 Shapes","floor":35.0,"turns":7.0},{"damage":7.0,"enemies":"Orb Walker","floor":37.0,"turns":9.0},{"damage":21.0,"enemies":"Sphere and 2 Shapes","floor":39.0,"turns":16.0},{"damage":23.0,"enemies":"3 Darklings","floor":41.0,"turns":15.0},{"damage":5.0,"enemies":"Spire Growth","floor":42.0,"turns":7.0},{"damage":7.0,"enemies":"Mind Bloom Boss Battle","floor":46.0,"turns":9.0},{"damage":0,"enemies":"Reptomancer","floor":47,"turns":4},{"damage":0,"enemies":"Maw","floor":48,"turns":17},{"damage":40,"enemies":"Awakened One","floor":50,"turns":15}],"seed_played":"1739155509504464426","potions_obtained":[{"floor":5.0,"key":"Poison Potion"},{"floor":8.0,"key":"SteroidPotion"},{"floor":16.0,"key":"Fruit Juice"},{"floor":21.0,"key":"Ancient Potion"},{"floor":29.0,"key":"LiquidBronze"},{"floor":31.0,"key":"PowerPotion"},{"floor":33.0,"key":"SpeedPotion"},{"floor":42.0,"key":"Block Potion"},{"floor":47,"key":"Strength Potion"}],"is_trial":false,"path_per_floor":["M","?","M","M","M","E","R","M","T","$","M","T","R","M","R","B",null,"M","?","?","M","M","R","M","$","T","$","R","M","R","M","R","B",null,"M","$","M","?","M","R","M","M","T","R","?","?","M","M","R","B"],"character_chosen":"IRONCLAD","items_purchased":["True Grit","Feel No Pain","Flame Barrier"],"campfire_rested":0,"item_purchase_floors":[10,10,36],"current_hp_per_floor":[80,60,66,72,57,40,40,46,46,46,52,52,52,53,53,49,80,84,84,84,87,86,86,81,81,81,81,81,82,82,79,79,60,105,108,108,110,105,96,96,82,83,83,83,83,84,90,99,99,68],"gold":151,"neow_bonus":"THREE_ENEMY_KILL","is_prod":false,"is_daily":false,"chose_seed":false,"campfire_upgraded":10,"win_rate":0,"timestamp":1539480836,"path_taken":["M","?","M","M","M","E","R","M","T","?","?","?","R","M","R","BOSS","M","?","?","M","M","R","M","$","T","$","R","M","R","M","R","BOSS","M","$","M","?","M","R","M","M","T","R","?","?","M","?","R","BOSS"],"build_version":"2018-10-11","purchased_purges":3,"victory":true,"max_hp_per_floor":[80,80,80,80,80,80,80,80,80,80,80,80,80,80,80,80,80,85,85,85,88,91,91,94,94,94,94,94,97,97,102,102,105,105,108,108,111,105,111,111,114,114,114,114,114,116,116,119,119,122],"card_choices":[{"not_picked":["Armaments","Sword Boomerang"],"picked":"Anger","floor":1.0},{"not_picked":["Rupture","Dropkick"],"picked":"Barricade","floor":3.0},{"not_picked":["Armaments","Warcry"],"picked":"Iron Wave","floor":4.0},{"not_picked":["Flex","Dropkick"],"picked":"Metallicize","floor":5.0},{"not_picked":["Corruption","Headbutt"],"picked":"Shockwave","floor":6.0},{"not_picked":["Metallicize","Rampage"],"picked":"True Grit","floor":8.0},{"not_picked":["Shockwave","Anger"],"picked":"Twin Strike","floor":11.0},{"not_picked":["Thunderclap","Flame Barrier"],"picked":"Clothesline","floor":14.0},{"not_picked":["Double Tap","Fiend Fire"],"picked":"Feed","floor":16.0},{"not_picked":["Flex","Battle Trance"],"picked":"Metallicize","floor":18.0},{"not_picked":["Burning Pact","Anger+1"],"picked":"Armaments","floor":21.0},{"not_picked":["Havoc","Whirlwind","Corruption+1"],"picked":"SKIP","floor":22.0},{"not_picked":["Sever Soul","Spot Weakness"],"picked":"Dual Wield","floor":24.0},{"not_picked":["Blood for Blood","Havoc"],"picked":"Shockwave+1","floor":29.0},{"not_picked":["Barricade","Second Wind","Evolve"],"picked":"Singing Bowl","floor":31.0},{"not_picked":["Impervious","Barricade"],"picked":"Dark Embrace","floor":33.0},{"not_picked":["Warcry","Dropkick"],"picked":"True Grit","floor":35.0},{"not_picked":["Sentinel+1","Seeing Red+1"],"picked":"Body Slam","floor":37.0},{"not_picked":["Power Through","Anger+1","Cleave+1"],"picked":"Singing Bowl","floor":39.0},{"not_picked":["Clothesline+1","Headbutt"],"picked":"Shrug It Off","floor":41.0},{"not_picked":["Anger","Heavy Blade+1"],"picked":"Power Through+1","floor":42.0},{"not_picked":["Combust","Headbutt","Infernal Blade"],"picked":"Singing Bowl","floor":46.0},{"not_picked":["Spot Weakness+1","Rage"],"picked":"True Grit+1","floor":47},{"not_picked":["Sword Boomerang","Rage"],"picked":"Havoc+1","floor":48}],"player_experience":226326,"relics_obtained":[{"floor":6.0,"key":"Lantern"},{"floor":9.0,"key":"Letter Opener"},{"floor":12.0,"key":"Smiling Mask"},{"floor":26.0,"key":"Singing Bowl"},{"floor":43.0,"key":"Turnip"},{"floor":46.0,"key":"FossilizedHelix"}],"event_choices":[{"event_name":"Golden Idol","player_choice":"Take Damage","floor":2.0,"damage_taken":0.0},{"event_name":"The Library","player_choice":"Read","floor":19.0,"damage_taken":0.0},{"event_name":"Masked Bandits","player_choice":"Paid Fearfully","floor":20.0,"damage_taken":0.0},{"event_name":"Winding Halls","player_choice":"Max HP","floor":38.0,"damage_taken":0.0},{"event_name":"Falling","player_choice":"Removed Attack","floor":45.0,"damage_taken":0.0},{"event_name":"MindBloom","player_choice":"Fight","floor":46.0,"damage_taken":0.0}],"is_beta":false,"boss_relics":[{"not_picked":["Lizard Tail","Fusion Hammer"],"picked":"Philosopher\u0027s Stone"},{"not_picked":["Snecko Eye","Pandora\u0027s Box"],"picked":"Mark of Pain"}],"items_purged_floors":[10,25,36],"is_endless":false,"potions_floor_spawned":[5,8,16,21,29,31,33,39,42,46,47],"ascension_level":0}