{"gold_per_floor":[114,35,35,46,60,60,95,95,95,109,12,12,24,24,24,122,122,135,135,2,12,12,38,38,65,65,85,23,43,43,76,76,173,173,186,186,204,4,20,49,61,61,109,9,9,9,25,45,45,45],"floor_reached":51,"playtime":2281,"items_purged":["Strike_R","Pain","Shame"],"score":785,"play_id":"836537e0-1b94-4797-9b8e-212766f37a0c","local_time":"20181002231216","is_ascension_mode":false,"campfire_choices":[{"data":"Armaments","floor":6.0,"key":"SMITH"},{"data":"Inflame","floor":8.0,"key":"SMITH"},{"data":"Twin Strike","floor":12.0,"key":"SMITH"},{"data":"Defend_R","floor":15.0,"key":"SMITH"},{"data":"Disarm","floor":24.0,"key":"SMITH"},{"data":"Whirlwind","floor":32,"key":"SMITH"},{"data":"Limit Break","floor":46,"key":"SMITH"},{"data":"Heavy Blade","floor":49,"key":"SMITH"}],"neow_cost":"NONE","seed_source_timestamp":193154555330546,"circlet_count":0,"master_deck":["Strike_R+1","Strike_R+1","Strike_R+1","Strike_R+1","Defend_R+1","Defend_R+1","Defend_R+1","Bash+1","Twin Strike+1","Inflame+1","Armaments+1","Pummel","Flex","Warcry","Thunderclap","Clash","Impervious","Disarm+1","Spot Weakness","Shrug It Off","Cleave+1","Shrug It Off+1","Warcry","Heavy Blade+1","Whirlwind+1","Clash+1","Warcry+1","Limit Break+1","Pummel+1","Clothesline","Magnetism","Ghostly Armor+1","Inflame+1"],"special_seed":0,"relics":["Burning Blood","Blood Vial","The Courier","Calipers","Cursed Key","Potion Belt","Orichalcum","Anchor","Velvet Choker","WarpedTongs","Oddly Smooth Stone","Lantern","Regal Pillow","Du-Vu Doll"],"potions_floor_usage":[33,35,50,50,50],"damage_taken":[{"damage":0.0,"enemies":"Small Slimes","floor":1.0,"turns":4.0},{"damage":6.0,"enemies":"Cultist","floor":4.0,"turns":3.0},{"damage":0.0,"enemies":"2 Louse","floor":5.0,"turns":2.0},{"damage":14.0,"enemies":"Gremlin Nob","floor":7.0,"turns":3.0},{"damage":5.0,"enemies":"Looter","floor":10.0,"turns":3.0},{"damage":9.0,"enemies":"Blue Slaver","floor":13.0,"turns":3.0},{"damage":22.0,"enemies":"Slime Boss","floor":16.0,"turns":7.0},{"damage":2.0,"enemies":"Spheric Guardian","floor":18.0,"turns":3.0},{"damage":0.0,"enemies":"Chosen","floor":21.0,"turns":4.0},{"damage":16.0,"enemies":"Slavers","floor":23.0,"turns":6.0},{"damage":6.0,"enemies":"Book of Stabbing","floor":25.0,"turns":5.0},{"damage":1,"enemies":"Centurion and Healer","floor":27,"turns":5},{"damage":2,"enemies":"Snake Plant","floor":29,"turns":4},{"damage":0,"enemies":"Gremlin Leader","floor":31,"turns":4},{"damage":69,"enemies":"Automaton","floor":33,"turns":8},{"damage":13,"enemies":"3 Shapes","floor":35,"turns":3},{"damage":2,"enemies":"Orb Walker","floor":37,"turns":3},{"damage":23,"enemies":"Maw","floor":39,"turns":5},{"damage":11,"enemies":"Giant Head","floor":40,"turns":7},{"damage":0,"enemies":"Spire Growth","floor":41,"turns":3},{"damage":0,"enemies":"Mind Bloom Boss Battle","floor":45,"turns":6},{"damage":2,"enemies":"3 Darklings","floor":47,"turns":3},{"damage":16,"enemies":"Reptomancer","floor":48,"turns":5},{"damage":45,"enemies":"Donu and Deca","floor":50,"turns":7}],"seed_played":"5560188254990232208","potions_obtained":[{"floor":1.0,"key":"Dexterity Potion"},{"floor":5.0,"key":"Block Potion"},{"floor":25.0,"key":"PowerPotion"},{"floor":27,"key":"SkillPotion"},{"floor":29,"key":"EssenceOfSteel"},{"floor":35,"key":"Energy Potion"},{"floor":41,"key":"Ancient Potion"},{"floor":47,"key":"AttackPotion"},{"floor":48,"key":"LiquidBronze"}],"is_trial":false,"path_per_floor":["M","$","?","M","M","R","E","R","T","M","$","R","M","?","R","B",null,"M","?","$","M","?","E","R","E","T","M","$","M","T","E","R","B",null,"M","?","M","$","M","E","M","?","T","$","?","R","M","M","R","B"],"character_chosen":"IRONCLAD","items_purchased":["Inflame","Thunderclap","Disarm","Spot Weakness","Shrug It Off","Whirlwind","Oddly Smooth Stone"],"campfire_rested":0,"item_purchase_floors":[2,11,20,20,20,28,38],"current_hp_per_floor":[80,80,80,80,80,80,72,72,72,75,75,75,74,74,74,60,80,80,80,80,80,80,70,70,72,72,79,79,80,80,80,80,17,80,73,73,79,79,63,60,68,68,68,68,76,76,80,70,70,33],"gold":45,"neow_bonus":"RANDOM_COMMON_RELIC","is_prod":false,"is_daily":false,"chose_seed":false,"campfire_upgraded":8,"win_rate":1,"timestamp":1538489536,"path_taken":["M","$","?","M","M","R","E","R","T","M","?","R","M","?","R","BOSS","M","?","$","?","?","E","R","E","T","M","?","M","?","E","R","BOSS","M","?","M","$","?","E","M","?","T","$","?","R","?","M","R","BOSS"],"build_version":"2018-09-27","purchased_purges":3,"victory":true,"max_hp_per_floor":[80,80,80,80,80,80,80,80,80,80,80,80,80,80,80,80,80,80,80,80,80,80,80,80,80,80,80,80,80,80,80,80,80,80,80,80,80,80,80,80,80,80,80,80,80,80,80,80,80,80],"card_choices":[{"not_picked":["Battle Trance","Sword Boomerang"],"picked":"Twin Strike","floor":1.0},{"not_picked":["Hemokinesis","Evolve"],"picked":"Armaments","floor":4.0},{"not_picked":["Inflame","Rage"],"picked":"Pummel","floor":5.0},{"not_picked":["Exhume","Reckless Charge"],"picked":"Flex","floor":7.0},{"not_picked":["Armaments","Infernal Blade"],"picked":"Warcry","floor":10.0},{"not_picked":["Twin Strike","Havoc"],"picked":"Clash","floor":13.0},{"not_picked":["Dark Embrace","Berserk"],"picked":"Impervious","floor":16.0},{"not_picked":["Blood for Blood","Body Slam","Fire Breathing"],"picked":"SKIP","floor":18.0},{"not_picked":["Sever Soul+1","Seeing Red+1"],"picked":"Cleave+1","floor":21.0},{"not_picked":["Rampage","Heavy Blade"],"picked":"Shrug It Off+1","floor":23.0},{"not_picked":["Sword Boomerang+1","Thunderclap+1"],"picked":"Warcry","floor":25.0},{"not_picked":["Combust","Rupture"],"picked":"Heavy Blade","floor":27},{"not_picked":["Body Slam","Clothesline+1"],"picked":"Clash+1","floor":29},{"not_picked":["Feel No Pain","Second Wind+1"],"picked":"Warcry+1","floor":31},{"not_picked":["Immolate","Brutality"],"picked":"Limit Break","floor":33},{"not_picked":["Anger+1","Thunderclap","Infernal Blade"],"picked":"SKIP","floor":35},{"not_picked":["Perfected Strike","Cleave"],"picked":"Pummel+1","floor":37},{"not_picked":["Infernal Blade+1","Clash"],"picked":"Clothesline","floor":39},{"not_picked":["Sword Boomerang","Iron Wave","Spot Weakness+1"],"picked":"SKIP","floor":40},{"not_picked":["Clothesline","Searing Blow+1","Flex"],"picked":"SKIP","floor":41},{"not_picked":["Purity","Jack Of All Trades"],"picked":"Magnetism","floor":42},{"not_picked":["Warcry","Spot Weakness+1"],"picked":"Ghostly Armor+1","floor":45},{"not_picked":["Anger+1","Flex"],"picked":"Inflame+1","floor":47},{"not_picked":["Pummel+1","Warcry","Burning Pact"],"picked":"SKIP","floor":48}],"player_experience":103266,"relics_obtained":[{"floor":7.0,"key":"The Courier"},{"floor":9.0,"key":"Calipers"},{"floor":23.0,"key":"Potion Belt"},{"floor":25.0,"key":"Orichalcum"},{"floor":31,"key":"Anchor"},{"floor":40,"key":"Lantern"},{"floor":43,"key":"Regal Pillow"},{"floor":45,"key":"Du-Vu Doll"}],"event_choices":[{"event_name":"Upgrade Shrine","player_choice":"Upgraded","floor":3.0,"damage_taken":0.0},{"event_name":"Wheel of Change","player_choice":"Card Removal","floor":14.0,"damage_taken":0.0},{"event_name":"Back to Basics","player_choice":"Simplicity","floor":19.0,"damage_taken":0.0},{"event_name":"Ghosts","player_choice":"Ignored","floor":22.0,"damage_taken":0.0},{"event_name":"Accursed Blacksmith","player_choice":"Rummage","floor":36,"damage_taken":0},{"event_name":"SensoryStone","player_choice":"Memory 1","floor":42,"damage_taken":0},{"event_name":"MindBloom","player_choice":"Fight","floor":45,"damage_taken":0}],"is_beta":false,"boss_relics":[{"not_picked":["Black Star","Ectoplasm"],"picked":"Cursed Key"},{"not_picked":["Astrolabe","Fusion Hammer"],"picked":"Velvet Choker"}],"items_purged_floors":[11,38,44],"is_endless":false,"potions_floor_spawned":[1,5,25,27,29,35,41,47,48],"ascension_level":0}