{"gold_per_floor":[137,42,80,118,156,156,194,194,219,257,295,295,87,162,162,412,412,450,450,150,188,226,301,301,339,389,389,389,464,502,108,108,358,483,521,521,559,118,118,118,156,168,180,267,317,9,84,84,84,84],"floor_reached":51,"playtime":2945,"items_purged":["Strike_G","Strike_G","Writhe","Strike_G","Strike_G+1"],"score":1022,"play_id":"2ed9f003-ad8f-4e39-a57c-4569a0126426","local_time":"20181013125954","daily_mods":["Heirloom","Vintage","MonsterHunter"],"is_ascension_mode":false,"campfire_choices":[{"data":"Neutralize","floor":6.0,"key":"SMITH"},{"data":"Cloak And Dagger","floor":8.0,"key":"SMITH"},{"floor":15.0,"key":"REST"},{"data":"Burst","floor":24.0,"key":"SMITH"},{"data":"Backstab","floor":27.0,"key":"SMITH"},{"data":"Night Terror","floor":32,"key":"SMITH"},{"data":"Sucker Punch","floor":40,"key":"SMITH"},{"data":"Madness","floor":42,"key":"SMITH"},{"floor":49,"key":"REST"}],"neow_cost":"","seed_source_timestamp":0,"circlet_count":0,"master_deck":["Defend_G+1","Defend_G+1","Defend_G+1","Defend_G+1","Defend_G+1","Survivor+1","Neutralize+1","Sucker Punch+1","Cloak And Dagger+1","Accuracy+1","Backflip+1","Quick Slash+1","Backstab+1","Flying Knee+1","Die Die Die+1","Burst+1","Footwork+1","Night Terror+1","Footwork+1","A Thousand Cuts+1","Poisoned Stab+1","Madness+1","Madness+1","Dodge and Roll+1","Well Laid Plans+1","Impatience+1","Mayhem+1","Blade Dance+1","Infinite Blades+1","Escape Plan+1","Expertise+1","Footwork+1"],"special_seed":17817,"relics":["Ring of the Snake","Turnip","Frozen Egg 2","Paper Crane","Juzu Bracelet","Smiling Mask","Happy Flower","Lantern","Oddly Smooth Stone","Anchor","Dream Catcher","Bird Faced Urn","Runic Dome","Mango","Enchiridion","Letter Opener","Snake Skull","Bottled Lightning","Bronze Scales","Kunai","Vajra","Regal Pillow","Du-Vu Doll","Boot","DollysMirror","Ginger","Tiny House","Pen Nib","Toxic Egg 2","Ice Cream","MawBank","Question Card","Centennial Puzzle","Potion Belt","Ancient Tea Set","Omamori","Mark of the Bloom"],"potions_floor_usage":[37,50,50],"damage_taken":[{"damage":0.0,"enemies":"2 Louse","floor":1.0,"turns":4.0},{"damage":0.0,"enemies":"Cultist","floor":3.0,"turns":6.0},{"damage":4.0,"enemies":"Jaw Worm","floor":4.0,"turns":7.0},{"damage":4.0,"enemies":"Large Slime","floor":5.0,"turns":14.0},{"damage":1.0,"enemies":"2 Fungi Beasts","floor":7.0,"turns":6.0},{"damage":0.0,"enemies":"3 Louse","floor":10.0,"turns":5.0},{"damage":0.0,"enemies":"Blue Slaver","floor":11.0,"turns":5.0},{"damage":12.0,"enemies":"Gremlin Nob","floor":14.0,"turns":5.0},{"damage":42.0,"enemies":"Hexaghost","floor":16.0,"turns":16.0},{"damage":0.0,"enemies":"Shell Parasite","floor":18.0,"turns":5.0},{"damage":18.0,"enemies":"Chosen","floor":21.0,"turns":7.0},{"damage":0.0,"enemies":"Centurion and Healer","floor":22.0,"turns":9.0},{"damage":0.0,"enemies":"Book of Stabbing","floor":23.0,"turns":7.0},{"damage":1.0,"enemies":"3 Cultists","floor":25.0,"turns":6.0},{"damage":0.0,"enemies":"Slavers","floor":29.0,"turns":4.0},{"damage":12.0,"enemies":"Snake Plant","floor":30.0,"turns":5.0},{"damage":0,"enemies":"Champ","floor":33,"turns":19},{"damage":0,"enemies":"Orb Walker","floor":35,"turns":3},{"damage":0,"enemies":"3 Darklings","floor":37,"turns":5},{"damage":4,"enemies":"Spire Growth","floor":41,"turns":6},{"damage":0,"enemies":"Nemesis","floor":44,"turns":7},{"damage":5,"enemies":"Sphere and 2 Shapes","floor":45,"turns":4},{"damage":0,"enemies":"2 Orb Walkers","floor":47,"turns":4},{"damage":0,"enemies":"Donu and Deca","floor":50,"turns":8}],"seed_played":"646402910628373304","potions_obtained":[{"floor":1.0,"key":"Explosive Potion"},{"floor":4.0,"key":"Poison Potion"},{"floor":5.0,"key":"PowerPotion"},{"floor":10.0,"key":"EssenceOfSteel"},{"floor":18.0,"key":"Ancient Potion"},{"floor":23.0,"key":"Poison Potion"},{"floor":34,"key":"Fruit Juice"}],"is_trial":false,"path_per_floor":["M","$","M","M","M","R","M","R","T","M","M","?","$","E","R","B",null,"M","?","$","M","M","E","R","M","T","R","?","E","M","$","R","B",null,"M","?","M","$","?","R","M","R","T","E","M","$","E","?","R","B"],"character_chosen":"THE_SILENT","items_purchased":["Sucker Punch","Cloak And Dagger","Accuracy+1","Backflip","Quick Slash","Letter Opener","Footwork+1","Night Terror","DollysMirror","Ice Cream","Dodge and Roll+1","Well Laid Plans+1","Infinite Blades+1","Escape Plan+1","Ancient Tea Set"],"campfire_rested":2,"item_purchase_floors":[2,2,13,13,13,20,31,31,31,38,38,38,46,46,46],"current_hp_per_floor":[70,70,70,66,62,62,61,61,61,61,61,61,61,49,70,28,70,84,68,68,54,58,62,62,65,65,65,65,69,59,59,59,73,89,89,78,93,93,83,83,93,93,93,94,93,93,94,94,94,94],"gold":84,"neow_bonus":"","is_prod":false,"is_daily":true,"chose_seed":false,"campfire_upgraded":7,"win_rate":1,"timestamp":1539403194,"path_taken":["M","$","M","M","M","R","M","R","T","M","M","?","$","E","R","BOSS","M","?","$","M","M","E","R","M","T","R","?","E","M","$","R","BOSS","M","?","M","$","?","R","M","R","T","E","M","?","E","?","R","BOSS"],"build_version":"2018-10-11","purchased_purges":5,"victory":true,"max_hp_per_floor":[70,70,70,70,70,70,70,70,70,70,70,70,70,70,70,70,70,84,84,84,84,84,84,84,84,84,84,84,84,84,84,84,84,89,89,89,94,94,94,94,94,94,94,94,94,94,94,94,94,94],"card_choices":[{"not_picked":["Dagger Throw","Catalyst"],"picked":"Backstab","floor":14.0},{"not_picked":["Riddle With Holes","Slice"],"picked":"Flying Knee","floor":15.0},{"not_picked":["Wraith Form v2+1","Tools of the Trade+1"],"picked":"Die Die Die","floor":16.0},{"not_picked":["Concentrate","Dodge and Roll"],"picked":"Burst","floor":23.0},{"not_picked":["Underhanded Strike","Dagger Spray+1","Quick Slash"],"picked":"SKIP","floor":29.0},{"not_picked":["Adrenaline","Grand Finale"],"picked":"A Thousand Cuts+1","floor":33},{"not_picked":["Flechettes","Calculated Gamble"],"picked":"Poisoned Stab+1","floor":34},{"not_picked":["Forethought+1","Mind Blast"],"picked":"Impatience+1","floor":39},{"not_picked":["Mind Blast","Thinking Ahead+1"],"picked":"Mayhem+1","floor":39},{"not_picked":["Glass Knife","Poisoned Stab+1","Sucker Punch"],"picked":"Blade Dance+1","floor":44},{"not_picked":["Setup+1","Predator+1","Prepared+1"],"picked":"Expertise+1","floor":47},{"not_picked":["Poisoned Stab+1","Dagger Throw","Cloak And Dagger+1"],"picked":"Footwork+1","floor":49}],"player_experience":212870,"relics_obtained":[{"floor":1.0,"key":"Frozen Egg 2"},{"floor":3.0,"key":"Paper Crane"},{"floor":4.0,"key":"Juzu Bracelet"},{"floor":5.0,"key":"Smiling Mask"},{"floor":7.0,"key":"Happy Flower"},{"floor":9.0,"key":"Lantern"},{"floor":10.0,"key":"Oddly Smooth Stone"},{"floor":11.0,"key":"Anchor"},{"floor":14.0,"key":"Dream Catcher"},{"floor":16.0,"key":"Bird Faced Urn"},{"floor":18.0,"key":"Mango"},{"floor":19.0,"key":"Enchiridion"},{"floor":21.0,"key":"Snake Skull"},{"floor":22.0,"key":"Bottled Lightning"},{"floor":23.0,"key":"Bronze Scales"},{"floor":25.0,"key":"Kunai"},{"floor":26.0,"key":"Vajra"},{"floor":29.0,"key":"Du-Vu Doll"},{"floor":30.0,"key":"Boot"},{"floor":33,"key":"Ginger"},{"floor":35,"key":"Pen Nib"},{"floor":37,"key":"Toxic Egg 2"},{"floor":41,"key":"MawBank"},{"floor":43,"key":"Question Card"},{"floor":44,"key":"Centennial Puzzle"},{"floor":45,"key":"Potion Belt"},{"floor":47,"key":"Omamori"}],"event_choices":[{"event_name":"Bonfire Elementals","player_choice":"BASIC","floor":12.0,"damage_taken":0.0},{"event_name":"Cursed Tome","player_choice":"Obtained Book","floor":19.0,"damage_taken":0.0},{"event_name":"The Mausoleum","player_choice":"Yes","floor":28.0,"damage_taken":0.0},{"event_name":"Winding Halls","player_choice":"Embrace Madness","floor":36,"damage_taken":0},{"event_name":"SensoryStone","player_choice":"Memory 3","floor":39,"damage_taken":0},{"event_name":"MindBloom","player_choice":"Upgrade","floor":48,"damage_taken":0}],"is_beta":false,"boss_relics":[{"not_picked":["WristBlade","Fusion Hammer"],"picked":"Runic Dome"},{"not_picked":["Sozu","White Beast Statue"],"picked":"Tiny House"}],"items_purged_floors":[13,20,31,38,46],"is_endless":false,"potions_floor_spawned":[1,4,5,10,18,23,25,35],"ascension_level":0}