{"gold_per_floor":[118,137,149,169,12,12,12,12,35,52,79,9,26,36,36,136,136,154,164,164,72,84,119,119,137,137,137,156,172,172,185,185,287,287,303,322,322,221,231,231,248,248,248,248,58,77,93,113,113,113],"floor_reached":50,"playtime":2833,"items_purged":["Strike_R","Defend_R"],"score":472,"play_id":"8373f294-4180-45db-8515-42e64539b6cb","local_time":"20190831181232","is_ascension_mode":false,"campfire_choices":[{"data":"Infernal Blade","floor":6,"key":"SMITH"},{"data":"Limit Break","floor":15,"key":"SMITH"},{"data":"Rage","floor":24,"key":"SMITH"},{"data":"True Grit","floor":27,"key":"SMITH"},{"floor":30,"key":"REST"},{"data":"Seeing Red","floor":32,"key":"SMITH"},{"floor":40,"key":"REST"},{"data":"Flex","floor":42,"key":"SMITH"},{"floor":44,"key":"RECALL"},{"floor":49,"key":"REST"}],"neow_cost":"NONE","seed_source_timestamp":1534756473209675,"circlet_count":0,"master_deck":["Strike_R","Strike_R","Strike_R","Defend_R","Defend_R","Bash","True Grit+1","Armaments","Infernal Blade+1","Shrug It Off","Limit Break+1","Demon Form","Warcry","Cleave","Rage+1","Impervious","Headbutt","Shrug It Off+1","RitualDagger","Sword Boomerang","True Grit","Limit Break","Seeing Red+1","Sword Boomerang+1","Double Tap","Flash of Steel","Flex+1","Dark Shackles+1","Whirlwind","Parasite"],"relics":["Burning Blood","Red Skull","Bronze Scales","Sozu","Bag of Preparation","Matryoshka","Empty Cage","Toxic Egg 2","Turnip"],"potions_floor_usage":[33,39],"damage_taken":[{"damage":3,"enemies":"2 Louse","floor":1,"turns":3},{"damage":1,"enemies":"Cultist","floor":2,"turns":3},{"damage":2,"enemies":"Small Slimes","floor":3,"turns":6},{"damage":24,"enemies":"Exordium Thugs","floor":4,"turns":5},{"damage":3,"enemies":"Lots of Slimes","floor":10,"turns":9},{"damage":26,"enemies":"Lagavulin","floor":11,"turns":4},{"damage":7,"enemies":"Red Slaver","floor":13,"turns":4},{"damage":0,"enemies":"3 Louse","floor":14,"turns":2},{"damage":33,"enemies":"Hexaghost","floor":16,"turns":7},{"damage":5,"enemies":"Chosen","floor":18,"turns":5},{"damage":37,"enemies":"2 Thieves","floor":19,"turns":4},{"damage":0,"enemies":"Chosen and Byrds","floor":22,"turns":7},{"damage":17,"enemies":"Gremlin Leader","floor":23,"turns":7},{"damage":16,"enemies":"Centurion and Healer","floor":25,"turns":4},{"damage":6,"enemies":"Snecko","floor":28,"turns":4},{"damage":12,"enemies":"3 Cultists","floor":29,"turns":3},{"damage":0,"enemies":"Chosen and Byrds","floor":31,"turns":4},{"damage":30,"enemies":"Collector","floor":33,"turns":6},{"damage":0,"enemies":"Orb Walker","floor":35,"turns":5},{"damage":35,"enemies":"3 Darklings","floor":36,"turns":9},{"damage":65,"enemies":"Transient","floor":39,"turns":5},{"damage":0,"enemies":"4 Shapes","floor":41,"turns":3},{"damage":15,"enemies":"Spire Growth","floor":46,"turns":3},{"damage":0,"enemies":"3 Darklings","floor":47,"turns":3},{"damage":5,"enemies":"Writhing Mass","floor":48,"turns":5},{"damage":82,"enemies":"Donu and Deca","floor":50,"turns":6}],"seed_played":"-524248440895275652","potions_obtained":[{"floor":2,"key":"BloodPotion"},{"floor":3,"key":"Poison Potion"},{"floor":10,"key":"Poison Potion"},{"floor":13,"key":"SteroidPotion"},{"floor":16,"key":"LiquidBronze"}],"is_trial":false,"path_per_floor":["M","M","M","M","$","R","$","?","T","M","E","$","M","M","R","B",null,"M","M","?","$","M","E","R","M","T","R","M","M","R","M","R","B",null,"M","M","?","$","M","R","M","R","T","R","$","M","M","M","R","B"],"character_chosen":"IRONCLAD","items_purchased":["Bludgeon","Warcry","Cleave","Sword Boomerang","True Grit","Flex","Dark Shackles+1"],"campfire_rested":3,"item_purchase_floors":[5,12,12,21,21,38,45],"current_hp_per_floor":[80,80,80,62,62,62,62,62,62,65,45,45,44,50,50,23,80,80,49,43,43,49,38,38,28,28,28,28,22,46,52,52,28,80,80,51,51,51,12,36,42,42,42,42,42,33,39,40,64,0],"gold":113,"neow_bonus":"RANDOM_COMMON_RELIC","is_prod":false,"is_daily":false,"chose_seed":false,"campfire_upgraded":6,"win_rate":0,"timestamp":1567267952,"path_taken":["M","M","M","M","$","R","$","?","T","?","E","$","M","M","R","BOSS","M","M","?","$","M","E","R","M","T","R","M","M","R","M","R","BOSS","M","M","?","$","M","R","M","R","T","R","?","M","M","M","R","BOSS"],"build_version":"2019-07-17","purchased_purges":2,"victory":false,"max_hp_per_floor":[80,80,80,80,80,80,80,80,80,80,80,80,80,80,80,80,80,80,80,80,80,80,80,80,80,80,80,80,80,80,80,80,80,80,80,80,80,80,80,80,80,80,80,80,80,80,80,80,80,80],"card_choices":[{"not_picked":["Twin Strike","Anger"],"picked":"True Grit","floor":1},{"not_picked":["Searing Blow","Pommel Strike"],"picked":"Armaments","floor":2},{"not_picked":["Armaments","Sentinel"],"picked":"Infernal Blade","floor":3},{"not_picked":["Thunderclap","Whirlwind"],"picked":"Shrug It Off","floor":4},{"not_picked":["Iron Wave","Thunderclap"],"picked":"Limit Break","floor":10},{"not_picked":["Heavy Blade","Anger"],"picked":"Demon Form","floor":11},{"not_picked":["Combust","Warcry"],"picked":"Rage","floor":13},{"not_picked":["Searing Blow","Dropkick","Entrench"],"picked":"SKIP","floor":14},{"not_picked":["Feed","Offering"],"picked":"Impervious","floor":16},{"not_picked":["Shrug It Off","Reckless Charge+1"],"picked":"Headbutt","floor":18},{"not_picked":["Armaments","Havoc+1"],"picked":"Shrug It Off+1","floor":19},{"not_picked":["Anger","Clash+1","Rage"],"picked":"SKIP","floor":22},{"not_picked":["Spot Weakness","True Grit"],"picked":"Limit Break","floor":23},{"not_picked":["Uppercut","Headbutt+1"],"picked":"Seeing Red","floor":25},{"not_picked":["Flame Barrier+1","Hemokinesis","Rampage"],"picked":"SKIP","floor":28},{"not_picked":["Shrug It Off+1","Iron Wave","Cleave"],"picked":"SKIP","floor":29},{"not_picked":["Perfected Strike","Corruption"],"picked":"Sword Boomerang+1","floor":31},{"not_picked":["Juggernaut","Dark Embrace"],"picked":"Double Tap","floor":33},{"not_picked":["Wild Strike","Twin Strike+1","Pummel"],"picked":"SKIP","floor":35},{"not_picked":["Searing Blow","Thunderclap","Blood for Blood+1"],"picked":"SKIP","floor":36},{"not_picked":["Clothesline","Pummel+1","Cleave+1"],"picked":"SKIP","floor":39},{"not_picked":["Pommel Strike+1","Power Through+1","Bloodletting+1"],"picked":"SKIP","floor":41},{"not_picked":["Second Wind+1","Hemokinesis+1"],"picked":"Whirlwind","floor":46},{"not_picked":["Clash+1","Shrug It Off+1","Armaments+1"],"picked":"SKIP","floor":47},{"not_picked":["Warcry+1","Anger","Armaments+1"],"picked":"SKIP","floor":48}],"player_experience":107275,"relics_obtained":[{"floor":11,"key":"Bronze Scales"},{"floor":23,"key":"Bag of Preparation"},{"floor":26,"key":"Matryoshka"},{"floor":43,"key":"Toxic Egg 2"},{"floor":43,"key":"Turnip"}],"event_choices":[{"cards_removed":["Strike_R"],"damage_healed":0,"gold_gain":0,"player_choice":"Purged","damage_taken":0,"max_hp_gain":0,"max_hp_loss":0,"event_name":"Purifier","floor":8,"gold_loss":0},{"damage_healed":0,"gold_gain":0,"player_choice":"Joined the Cult","damage_taken":6,"max_hp_gain":0,"max_hp_loss":0,"event_name":"Nest","floor":20,"gold_loss":0,"cards_obtained":["RitualDagger"]},{"damage_healed":0,"gold_gain":0,"player_choice":"1 cards matched","damage_taken":0,"max_hp_gain":0,"max_hp_loss":0,"event_name":"Match and Keep!","floor":37,"gold_loss":0,"cards_obtained":["Flash of Steel"]}],"is_beta":false,"boss_relics":[{"not_picked":["Busted Crown","Calling Bell"],"picked":"Sozu"},{"not_picked":["Philosopher\u0027s Stone","Runic Pyramid"],"picked":"Empty Cage"}],"items_purged_floors":[38,45],"is_endless":false,"potions_floor_spawned":[2,3,10,13,16,25,31,33,35,39,41],"killed_by":"Donu and Deca","ascension_level":0}