{"gold_per_floor":[119,119,138,153,180,197,231,80,80,80,80,80,99,111,111,213,213,225,237,55,69,69,69],"floor_reached":23,"playtime":2916,"items_purged":["Defend_R"],"score":193,"play_id":"fd8fafe3-0e90-4a7e-a87b-b7fec4fa7d17","local_time":"20190831223951","is_ascension_mode":false,"campfire_choices":[{"data":"Armaments","floor":10,"key":"SMITH"},{"data":"Armaments","floor":15,"key":"SMITH"}],"neow_cost":"NONE","seed_source_timestamp":636438792046644,"circlet_count":0,"master_deck":["Strike_R","Strike_R","Strike_R","Strike_R","Strike_R","Defend_R","Defend_R","Defend_R","Bash","Iron Wave","Armaments+1","Armaments+1","Fire Breathing","Metallicize","Flex","Clash+1","Impervious","Flex","Apotheosis","Hemokinesis+1"],"relics":["Burning Blood","Molten Egg 2","Self Forming Clay","FossilizedHelix","Mark of Pain","Nloth\u0027s Gift"],"potions_floor_usage":[7,18,21,21,23],"damage_taken":[{"damage":3,"enemies":"Small Slimes","floor":1,"turns":3},{"damage":3,"enemies":"Jaw Worm","floor":3,"turns":4},{"damage":7,"enemies":"2 Louse","floor":4,"turns":2},{"damage":2,"enemies":"Looter","floor":6,"turns":5},{"damage":41,"enemies":"Lagavulin","floor":7,"turns":10},{"damage":5,"enemies":"3 Louse","floor":13,"turns":4},{"damage":11,"enemies":"Exordium Thugs","floor":14,"turns":5},{"damage":17,"enemies":"The Guardian","floor":16,"turns":18},{"damage":32,"enemies":"3 Byrds","floor":18,"turns":7},{"damage":13,"enemies":"Chosen","floor":19,"turns":5},{"damage":48,"enemies":"3 Cultists","floor":21,"turns":8},{"damage":34,"enemies":"Book of Stabbing","floor":23,"turns":7}],"seed_played":"1426569207836447612","potions_obtained":[{"floor":0,"key":"Block Potion"},{"floor":0,"key":"Strength Potion"},{"floor":0,"key":"Swift Potion"},{"floor":3,"key":"BloodPotion"},{"floor":7,"key":"Fire Potion"},{"floor":21,"key":"Swift Potion"}],"is_trial":false,"path_per_floor":["M","?","M","M","T","M","E","$","T","R","?","T","M","M","R","B",null,"M","M","$","M","?","E"],"character_chosen":"IRONCLAD","items_purchased":["Metallicize","Apotheosis"],"campfire_rested":0,"item_purchase_floors":[8,20],"current_hp_per_floor":[80,80,80,79,86,87,52,52,52,52,81,81,82,77,77,66,87,61,54,54,33,33,0],"gold":69,"neow_bonus":"THREE_SMALL_POTIONS","is_prod":false,"is_daily":false,"chose_seed":false,"campfire_upgraded":2,"win_rate":0.0,"timestamp":1567309191,"path_taken":["M","?","M","M","?","M","E","?","T","R","?","?","M","M","R","BOSS","M","M","$","M","?","E"],"build_version":"2019-07-17","purchased_purges":1,"victory":false,"max_hp_per_floor":[80,80,80,80,87,87,87,87,87,87,87,87,87,87,87,87,87,87,87,87,87,87,87],"card_choices":[{"not_picked":["Havoc","True Grit"],"picked":"Iron Wave","floor":1},{"not_picked":["Reckless Charge","Battle Trance"],"picked":"Armaments","floor":3},{"not_picked":["Intimidate","Warcry","Twin Strike"],"picked":"SKIP","floor":4},{"not_picked":["Infernal Blade","Havoc"],"picked":"Armaments","floor":6},{"not_picked":["Double Tap","True Grit"],"picked":"Fire Breathing","floor":7},{"not_picked":["Sword Boomerang+1","Dual Wield"],"picked":"Flex","floor":13},{"not_picked":["Whirlwind+1","Clothesline+1"],"picked":"Clash+1","floor":14},{"not_picked":["Dark Embrace","Brutality"],"picked":"Impervious","floor":16},{"not_picked":["Warcry","Disarm+1","Wild Strike+1"],"picked":"SKIP","floor":18},{"not_picked":["Heavy Blade+1","Armaments"],"picked":"Flex","floor":19},{"not_picked":["Wild Strike+1","Entrench"],"picked":"Hemokinesis+1","floor":21}],"player_experience":59570,"relics_obtained":[{"floor":5,"key":"Strawberry"},{"floor":7,"key":"Molten Egg 2"},{"floor":9,"key":"Self Forming Clay"},{"floor":12,"key":"FossilizedHelix"}],"event_choices":[{"damage_healed":0,"gold_gain":0,"player_choice":"Ignored","damage_taken":0,"max_hp_gain":0,"max_hp_loss":0,"event_name":"Golden Wing","floor":2,"gold_loss":0},{"damage_healed":29,"gold_gain":0,"player_choice":"Banana","damage_taken":0,"max_hp_gain":0,"max_hp_loss":0,"event_name":"Big Fish","floor":11,"gold_loss":0},{"damage_healed":0,"gold_gain":0,"player_choice":"Traded Relic","damage_taken":0,"relics_obtained":["Nloth\u0027s Gift"],"max_hp_gain":0,"max_hp_loss":0,"event_name":"N\u0027loth","floor":22,"relics_lost":["Strawberry"],"gold_loss":0}],"is_beta":false,"boss_relics":[{"not_picked":["Cursed Key","Ectoplasm"],"picked":"Mark of Pain"}],"items_purged_floors":[8],"is_endless":false,"potions_floor_spawned":[1,3,7,14,16,21],"killed_by":"Book of Stabbing","ascension_level":0}