{"gold_per_floor":[111,131,33,50,125,125,143,143,143,143,155,155,180,197,197,299,299,317,63,63,13,48,48,67,267,267,287,287,304,219,231,231,328,328,340,353,1,19,29,29,29,39,89,42,42,56,76,94,94,94],"floor_reached":51,"playtime":3202,"items_purged":["Strike_G","Strike_G"],"score":753,"play_id":"790fed3c-c317-479a-a1fb-d56e5345a6b6","local_time":"20180924000251","is_ascension_mode":false,"campfire_choices":[{"data":"Neutralize","floor":6.0,"key":"SMITH"},{"data":"Leg Sweep","floor":8.0,"key":"SMITH"},{"data":"All Out Attack","floor":12.0,"key":"SMITH"},{"data":"Wraith Form v2","floor":15.0,"key":"SMITH"},{"data":"Noxious Fumes","floor":23,"key":"SMITH"},{"data":"Sucker Punch","floor":28,"key":"SMITH"},{"floor":32,"key":"REST"},{"floor":40,"key":"REST"},{"data":"Footwork","floor":45,"key":"SMITH"},{"data":"Noxious Fumes","floor":49,"key":"SMITH"}],"neow_cost":"NONE","seed_source_timestamp":186124835476213,"circlet_count":0,"master_deck":["Defend_G","Defend_G","Defend_G+1","Defend_G","Defend_G","Strike_G","Strike_G","Survivor","Neutralize+1","Deadly Poison","Blade Dance+1","Poisoned Stab+1","Leg Sweep+1","Riddle With Holes","All Out Attack+1","Wraith Form v2+1","Crippling Poison+1","Burst+1","Cloak And Dagger+1","Noxious Fumes+1","Bullet Time+1","Sucker Punch+1","Backflip+1","PiercingWail+1","Backflip+1","Dodge and Roll+1","Footwork+1","Backflip+1","Caltrops","Corpse Explosion+1","Catalyst+1","Cloak And Dagger+1","Noxious Fumes","Leg Sweep+1","Backflip+1","Flying Knee+1","Deflect+1","Noxious Fumes+1","Prepared+1","PiercingWail+1","Dodge and Roll+1"],"special_seed":0,"relics":["Ring of the Snake","Bottled Lightning","Toxic Egg 2","Philosopher\u0027s Stone","Red Mask","Dream Catcher","Pear","Runic Pyramid","Snake Skull","Tough Bandages","War Paint"],"potions_floor_usage":[16,24,50,50,50],"damage_taken":[{"damage":0.0,"enemies":"Small Slimes","floor":1.0,"turns":4.0},{"damage":0.0,"enemies":"Jaw Worm","floor":2.0,"turns":4.0},{"damage":0.0,"enemies":"2 Louse","floor":4.0,"turns":3.0},{"damage":1.0,"enemies":"Large Slime","floor":7.0,"turns":6.0},{"damage":3.0,"enemies":"Red Slaver","floor":11.0,"turns":4.0},{"damage":12.0,"enemies":"Gremlin Nob","floor":13.0,"turns":4.0},{"damage":1.0,"enemies":"Gremlin Gang","floor":14.0,"turns":6.0},{"damage":41,"enemies":"Slime Boss","floor":16,"turns":16},{"damage":0,"enemies":"Spheric Guardian","floor":18,"turns":4},{"damage":8,"enemies":"Masked Bandits","floor":22,"turns":4},{"damage":11,"enemies":"2 Thieves","floor":24,"turns":4},{"damage":9,"enemies":"Cultist and Chosen","floor":27,"turns":7},{"damage":13,"enemies":"Snecko","floor":29,"turns":4},{"damage":0,"enemies":"Sentry and Sphere","floor":31,"turns":5},{"damage":57,"enemies":"Champ","floor":33,"turns":14},{"damage":15,"enemies":"3 Darklings","floor":35,"turns":3},{"damage":0,"enemies":"3 Shapes","floor":36,"turns":5},{"damage":0,"enemies":"Maw","floor":38,"turns":6},{"damage":7,"enemies":"3 Darklings","floor":39,"turns":4},{"damage":0,"enemies":"Mind Bloom Boss Battle","floor":41,"turns":5},{"damage":0,"enemies":"4 Shapes","floor":42,"turns":3},{"damage":2,"enemies":"Spire Growth","floor":46,"turns":5},{"damage":0,"enemies":"Maw","floor":47,"turns":6},{"damage":2,"enemies":"Sphere and 2 Shapes","floor":48,"turns":3},{"damage":0,"enemies":"Donu and Deca","floor":50,"turns":7}],"seed_played":"4970279551746330998","potions_obtained":[{"floor":1.0,"key":"Fire Potion"},{"floor":4.0,"key":"Fire Potion"},{"floor":14.0,"key":"SpeedPotion"},{"floor":22,"key":"Fire Potion"},{"floor":33,"key":"Dexterity Potion"},{"floor":36,"key":"Dexterity Potion"}],"is_trial":false,"path_per_floor":["M","M","$","M","?","R","M","R","T","?","M","R","E","M","R","B",null,"M","$","?","$","?","R","M","?","T","M","R","M","?","M","R","B",null,"M","M","$","M","M","R","?","M","T","$","R","M","M","M","R","B"],"character_chosen":"THE_SILENT","items_purchased":["Poisoned Stab","Noxious Fumes","Bullet Time+1","Sucker Punch","Dexterity Potion","Noxious Fumes","Snake Skull","Leg Sweep+1","PiercingWail+1"],"campfire_rested":2,"item_purchase_floors":[3,19,19,19,21,37,37,37,44],"current_hp_per_floor":[70,70,70,70,59,59,58,58,58,58,55,55,43,42,42,1,70,70,70,70,70,62,62,51,51,51,42,42,29,39,39,63,6,80,65,65,65,65,58,80,80,80,80,80,80,78,78,76,76,76],"gold":94,"neow_bonus":"REMOVE_CARD","is_prod":false,"is_daily":false,"chose_seed":false,"campfire_upgraded":8,"win_rate":1,"timestamp":1537714971,"path_taken":["M","M","$","M","?","R","M","R","T","?","?","R","E","M","R","BOSS","M","$","?","$","?","R","M","?","T","M","R","?","?","M","R","BOSS","M","M","$","M","M","R","?","M","T","?","R","M","M","?","R","BOSS"],"build_version":"2018-09-20","purchased_purges":2,"victory":true,"max_hp_per_floor":[70,70,70,70,70,70,70,70,70,70,70,70,70,70,70,70,70,70,70,70,70,70,70,70,70,70,70,70,70,80,80,80,80,80,80,80,80,80,80,80,80,80,80,80,80,80,80,80,80,80],"card_choices":[{"not_picked":["Dodge and Roll","Outmaneuver"],"picked":"Deadly Poison","floor":1.0},{"not_picked":["Endless Agony","Outmaneuver"],"picked":"Blade Dance","floor":2.0},{"not_picked":["Deflect","Infinite Blades"],"picked":"Leg Sweep","floor":4.0},{"not_picked":["Deflect","Acrobatics"],"picked":"Riddle With Holes","floor":7.0},{"not_picked":["Reflex","Deadly Poison"],"picked":"All Out Attack","floor":11.0},{"not_picked":["Finisher","Flying Knee"],"picked":"Wraith Form v2","floor":13.0},{"not_picked":["Acrobatics+1","Poisoned Stab"],"picked":"Crippling Poison+1","floor":14.0},{"not_picked":["Wraith Form v2","A Thousand Cuts"],"picked":"Burst+1","floor":16},{"not_picked":["Quick Slash+1","Deadly Poison+1"],"picked":"Cloak And Dagger+1","floor":18},{"not_picked":["Cloak And Dagger+1","Reflex+1"],"picked":"PiercingWail+1","floor":22},{"not_picked":["Poisoned Stab","Deadly Poison+1"],"picked":"Backflip+1","floor":24},{"not_picked":["Poisoned Stab","Acrobatics+1"],"picked":"Dodge and Roll+1","floor":27},{"not_picked":["Poisoned Stab","Prepared+1"],"picked":"Footwork","floor":29},{"not_picked":["Calculated Gamble+1","Deadly Poison+1"],"picked":"Backflip+1","floor":31},{"not_picked":["Wraith Form v2","Dagger Spray+1"],"picked":"Caltrops","floor":32},{"not_picked":["Phantasmal Killer+1","Tools of the Trade"],"picked":"Corpse Explosion+1","floor":33},{"not_picked":["Blade Dance+1","Cloak And Dagger+1"],"picked":"Catalyst+1","floor":35},{"not_picked":["Blade Dance+1","Reflex+1"],"picked":"Cloak And Dagger+1","floor":36},{"not_picked":["Heel Hook","Tactician+1"],"picked":"Backflip+1","floor":38},{"not_picked":["Quick Slash+1","Storm of Steel+1"],"picked":"Flying Knee+1","floor":39},{"not_picked":["Slice+1","Tactician+1"],"picked":"Deflect+1","floor":40},{"not_picked":["Caltrops","All Out Attack"],"picked":"Noxious Fumes","floor":41},{"not_picked":["Terror+1","Expertise+1"],"picked":"Prepared+1","floor":42},{"not_picked":["Bane","Masterful Stab+1","Riddle With Holes"],"picked":"SKIP","floor":46},{"not_picked":["Terror+1","Reflex+1"],"picked":"Dodge and Roll+1","floor":47},{"not_picked":["Dagger Spray+1","Backflip+1","Bane+1"],"picked":"SKIP","floor":48}],"player_experience":49609,"relics_obtained":[{"floor":9.0,"key":"Bottled Lightning"},{"floor":13.0,"key":"Toxic Egg 2"},{"floor":22,"key":"Red Mask"},{"floor":26,"key":"Dream Catcher"},{"floor":41,"key":"Tough Bandages"},{"floor":43,"key":"War Paint"}],"event_choices":[{"event_name":"World of Goop","player_choice":"Gather Gold","floor":5.0,"damage_taken":0.0},{"event_name":"Upgrade Shrine","player_choice":"Upgraded","floor":10.0,"damage_taken":0.0},{"event_name":"The Library","player_choice":"Read","floor":20,"damage_taken":0},{"event_name":"Masked Bandits","player_choice":"Fought Bandits","floor":22,"damage_taken":0},{"event_name":"Wheel of Change","player_choice":"Gold","floor":25,"damage_taken":0},{"event_name":"Addict","player_choice":"Obtained Relic","floor":30,"damage_taken":0},{"event_name":"MindBloom","player_choice":"Fight","floor":41,"damage_taken":0}],"is_beta":false,"boss_relics":[{"not_picked":["Fusion Hammer","Calling Bell"],"picked":"Philosopher\u0027s Stone"},{"not_picked":["Pandora\u0027s Box","Ring of the Serpent"],"picked":"Runic Pyramid"}],"items_purged_floors":[3,37],"is_endless":false,"potions_floor_spawned":[1,4,14,22,33,36,38,39,42],"ascension_level":0}