{"gold_per_floor":[113,127,147,71,81,143,160,179,179,189,201,201,10,26,26,122,122,132,132,32,131,131,131,150,169,220,220,4,4,14,14,14,119,119,131,141,141,16,16,16,36,61,61,61,61,81,108,121,121,121],"floor_reached":51,"playtime":3032,"items_purged":["Defend_R","Strike_R+1","Strike_R+1"],"score":788,"play_id":"b2538149-b63c-4c20-9e7b-ffd8d098c54b","local_time":"20180930182326","is_ascension_mode":false,"campfire_choices":[{"data":"Bash","floor":12.0,"key":"SMITH"},{"data":"True Grit","floor":15.0,"key":"SMITH"},{"data":"True Grit","floor":23.0,"key":"SMITH"},{"data":"Body Slam","floor":27.0,"key":"SMITH"},{"data":"Double Tap","floor":29.0,"key":"SMITH"},{"data":"Inflame","floor":32.0,"key":"SMITH"},{"data":"Barricade","floor":40,"key":"SMITH"},{"floor":49,"key":"DIG"}],"neow_cost":"NONE","seed_source_timestamp":2127059591482,"circlet_count":0,"master_deck":["Strike_R+1","Strike_R+1","Defend_R+1","Defend_R+1","Defend_R+1","Bash+1","Disarm","Flame Barrier","Clash","Inflame+1","Offering","Headbutt","Body Slam+1","Double Tap+1","Pummel","Flex","True Grit+1","Evolve","Feed","True Grit+1","Uppercut","Shrug It Off","Battle Trance","Shrug It Off","Barricade+1","Rage+1","True Grit+1","Flash of Steel","Intimidate","Clash","Clash+1","Shockwave","Heavy Blade"],"special_seed":0,"relics":["Burning Blood","NeowsBlessing","Tiny Chest","Dodecahedron","Mark of Pain","FaceOfCleric","Strawberry","Oddly Smooth Stone","Ornamental Fan","Sozu","Shovel","Self Forming Clay","Meat on the Bone","Ice Cream"],"potions_floor_usage":[44,50],"damage_taken":[{"damage":0.0,"enemies":"Small Slimes","floor":1.0,"turns":1.0},{"damage":0.0,"enemies":"2 Louse","floor":2.0,"turns":1.0},{"damage":0.0,"enemies":"Jaw Worm","floor":3.0,"turns":1.0},{"damage":16.0,"enemies":"Large Slime","floor":5.0,"turns":8.0},{"damage":12.0,"enemies":"Gremlin Nob","floor":6.0,"turns":4.0},{"damage":9.0,"enemies":"Gremlin Gang","floor":7.0,"turns":7.0},{"damage":6.0,"enemies":"3 Louse","floor":8.0,"turns":3.0},{"damage":10.0,"enemies":"Large Slime","floor":10.0,"turns":5.0},{"damage":6.0,"enemies":"Looter","floor":11.0,"turns":3.0},{"damage":6.0,"enemies":"Exordium Thugs","floor":14.0,"turns":4.0},{"damage":37.0,"enemies":"Hexaghost","floor":16.0,"turns":9.0},{"damage":5.0,"enemies":"Chosen","floor":18.0,"turns":3.0},{"damage":0.0,"enemies":"Spheric Guardian","floor":24.0,"turns":3.0},{"damage":9.0,"enemies":"3 Cultists","floor":25.0,"turns":7.0},{"damage":6.0,"enemies":"Centurion and Healer","floor":30.0,"turns":7.0},{"damage":31.0,"enemies":"Collector","floor":33.0,"turns":9.0},{"damage":13.0,"enemies":"3 Darklings","floor":35.0,"turns":7.0},{"damage":0,"enemies":"3 Shapes","floor":36,"turns":8},{"damage":0,"enemies":"Maw","floor":41,"turns":9},{"damage":6,"enemies":"Giant Head","floor":42,"turns":10},{"damage":0,"enemies":"3 Darklings","floor":44,"turns":1},{"damage":17,"enemies":"Reptomancer","floor":46,"turns":8},{"damage":2,"enemies":"Nemesis","floor":47,"turns":9},{"damage":6,"enemies":"Transient","floor":48,"turns":5},{"damage":12,"enemies":"Awakened One","floor":50,"turns":12}],"seed_played":"4269791748884732348","potions_obtained":[{"floor":2.0,"key":"Energy Potion"},{"floor":6.0,"key":"Regen Potion"},{"floor":8.0,"key":"FearPotion"},{"floor":10.0,"key":"PowerPotion"},{"floor":11.0,"key":"SmokeBomb"},{"floor":24.0,"key":"Fire Potion"},{"floor":30.0,"key":"Strength Potion"}],"is_trial":false,"path_per_floor":["M","M","M","$","M","E","M","M","T","M","M","R","$","M","R","B",null,"M","?","$","?","?","R","M","M","T","R","$","R","M","T","R","B",null,"M","M","?","$","?","R","M","E","T","M","?","M","E","M","R","B"],"character_chosen":"IRONCLAD","items_purchased":["Inflame","True Grit","Evolve","Oddly Smooth Stone","Battle Trance"],"campfire_rested":0,"item_purchase_floors":[4,13,13,28,28],"current_hp_per_floor":[80,80,80,80,70,64,76,76,76,72,72,72,72,72,72,41,80,80,80,80,80,80,80,81,82,89,89,89,89,93,93,93,69,97,94,104,104,104,104,104,106,110,110,111,111,101,109,110,110,105],"gold":121,"neow_bonus":"THREE_ENEMY_KILL","is_prod":false,"is_daily":false,"chose_seed":false,"campfire_upgraded":7,"win_rate":1,"timestamp":1538299406,"path_taken":["M","M","M","$","M","E","M","M","T","M","M","R","$","M","R","BOSS","M","?","$","?","?","R","M","M","T","R","$","R","M","?","R","BOSS","M","M","?","$","?","R","M","E","T","?","?","M","E","?","R","BOSS"],"build_version":"2018-09-27","purchased_purges":3,"victory":true,"max_hp_per_floor":[80,80,80,80,80,80,80,80,80,80,80,80,80,80,80,80,80,80,80,80,80,80,80,81,85,92,92,92,92,96,96,96,97,97,101,105,105,105,105,105,106,110,110,111,111,112,116,117,117,118],"card_choices":[{"not_picked":["Flex","Fire Breathing"],"picked":"Disarm","floor":1.0},{"not_picked":["Pommel Strike","Heavy Blade"],"picked":"Flame Barrier","floor":2.0},{"not_picked":["Iron Wave","Cleave"],"picked":"Clash","floor":3.0},{"not_picked":["Havoc","Inflame"],"picked":"Offering","floor":5.0},{"not_picked":["Combust","Havoc"],"picked":"Headbutt","floor":6.0},{"not_picked":["Warcry","Reckless Charge"],"picked":"Body Slam","floor":7.0},{"not_picked":["Perfected Strike","Twin Strike"],"picked":"Double Tap","floor":8.0},{"not_picked":["Burning Pact","Havoc"],"picked":"Pummel","floor":10.0},{"not_picked":["Thunderclap","Hemokinesis"],"picked":"Flex","floor":11.0},{"not_picked":["Perfected Strike","Sword Boomerang","Pummel"],"picked":"SKIP","floor":14.0},{"not_picked":["Reaper","Limit Break"],"picked":"Feed","floor":16.0},{"not_picked":["Sentinel","Twin Strike+1"],"picked":"True Grit","floor":18.0},{"not_picked":["Carnage","Sword Boomerang"],"picked":"Uppercut","floor":24.0},{"not_picked":["Twin Strike+1","Havoc"],"picked":"Shrug It Off","floor":25.0},{"not_picked":["Iron Wave","Perfected Strike"],"picked":"Shrug It Off","floor":30.0},{"not_picked":["Limit Break","Double Tap"],"picked":"Barricade","floor":33.0},{"not_picked":["Iron Wave+1","Rupture+1"],"picked":"Rage+1","floor":35.0},{"not_picked":["Anger+1","Uppercut+1"],"picked":"True Grit+1","floor":36},{"not_picked":["Madness","Impatience"],"picked":"Flash of Steel","floor":37},{"not_picked":["Clothesline","Perfected Strike+1","Brutality"],"picked":"SKIP","floor":41},{"not_picked":["Uppercut","Power Through"],"picked":"Clash","floor":42},{"not_picked":["Flex+1","Sword Boomerang"],"picked":"Clash+1","floor":46},{"not_picked":["Pommel Strike+1","Sentinel"],"picked":"Shockwave","floor":47},{"not_picked":["True Grit","Burning Pact"],"picked":"Heavy Blade","floor":48}],"player_experience":85064,"relics_obtained":[{"floor":6.0,"key":"Tiny Chest"},{"floor":9.0,"key":"Dodecahedron"},{"floor":26.0,"key":"Strawberry"},{"floor":31.0,"key":"Ornamental Fan"},{"floor":42,"key":"Shovel"},{"floor":43,"key":"Self Forming Clay"},{"floor":47,"key":"Meat on the Bone"},{"floor":49,"key":"Ice Cream"}],"event_choices":[{"event_name":"Back to Basics","player_choice":"Simplicity","floor":19.0,"damage_taken":0.0},{"event_name":"Nest","player_choice":"Stole From Cult","floor":21.0,"damage_taken":0.0},{"event_name":"FaceTrader","player_choice":"Trade","floor":22.0,"damage_taken":0.0},{"event_name":"SensoryStone","player_choice":"Memory 1","floor":37,"damage_taken":0},{"event_name":"Transmorgrifier","player_choice":"Transform","floor":39,"damage_taken":0},{"event_name":"The Lab","player_choice":"Got Potions","floor":45,"damage_taken":0}],"is_beta":false,"boss_relics":[{"not_picked":["Tiny House","Runic Pyramid"],"picked":"Mark of Pain"},{"not_picked":["Coffee Dripper","Black Star"],"picked":"Sozu"}],"items_purged_floors":[13,20,38],"is_endless":false,"potions_floor_spawned":[2,6,8,10,11,24,30,41,42,44,46,47],"ascension_level":0}