{"gold_per_floor":[115,115,135,135,150,150,170,170,195,229,229,245,195,231,231,352,352,352,6,6,6,6,6,6,6,6,6,6,6,6,6,6,6,6,6,6,6,6,6,6,6,6,6,6,6,6,6,6,6,6],"floor_reached":51,"playtime":2568,"items_purged":[],"score":824,"play_id":"e9c82c3b-3edb-4168-9fc9-3d43e7fc557d","local_time":"20180923091415","is_ascension_mode":false,"campfire_choices":[{"data":"Body Slam","floor":6,"key":"SMITH"},{"data":"True Grit","floor":8,"key":"SMITH"},{"data":"Armaments","floor":15,"key":"SMITH"},{"data":"Immolate","floor":23,"key":"SMITH"},{"data":"Evolve","floor":25,"key":"SMITH"},{"data":"Inflame","floor":30,"key":"SMITH"},{"data":"Metallicize","floor":32,"key":"SMITH"},{"data":"Barricade","floor":40,"key":"SMITH"},{"data":"Clothesline","floor":45,"key":"SMITH"},{"data":"Ghostly Armor","floor":47,"key":"SMITH"},{"data":"Iron Wave","floor":49,"key":"SMITH"}],"neow_cost":"NONE","seed_source_timestamp":133579808454791,"circlet_count":0,"master_deck":["Strike_R","Strike_R","Defend_R","Defend_R","Defend_R","Defend_R","Bash","Ghostly Armor+1","True Grit+1","Body Slam+1","Iron Wave+1","Immolate+1","Armaments+1","Inflame+1","Feed","Metallicize+1","Evolve+1","Shrug It Off+1","Shrug It Off+1","Spot Weakness+1","Flex+1","Barricade+1","Shrug It Off+1","Disarm+1","Madness+1","Mayhem","Good Instincts+1","Clothesline+1","Limit Break+1","Shrug It Off+1","Madness+1","Madness+1"],"special_seed":0,"relics":["Burning Blood","Golden Idol","Anchor","Boot","Juzu Bracelet","Red Skull","Ectoplasm","Sling","Bag of Preparation","Bird Faced Urn","Toxic Egg 2","Pear","Letter Opener","Dream Catcher","Velvet Choker","Unceasing Top","Oddly Smooth Stone","Nunchaku"],"potions_floor_usage":[7,10,20,20],"damage_taken":[{"damage":6,"enemies":"2 Louse","floor":1,"turns":2},{"damage":6,"enemies":"Jaw Worm","floor":3,"turns":5},{"damage":2,"enemies":"Small Slimes","floor":5,"turns":5},{"damage":1,"enemies":"Gremlin Gang","floor":7,"turns":3},{"damage":8,"enemies":"3 Sentries","floor":10,"turns":9},{"damage":0,"enemies":"Exordium Wildlife","floor":12,"turns":2},{"damage":13,"enemies":"Lagavulin","floor":14,"turns":5},{"damage":38,"enemies":"Slime Boss","floor":16,"turns":10},{"damage":2,"enemies":"Shell Parasite","floor":18,"turns":4},{"damage":0,"enemies":"Colosseum Slavers","floor":20,"turns":3},{"damage":32,"enemies":"Colosseum Nobs","floor":20,"turns":5},{"damage":8,"enemies":"Book of Stabbing","floor":24,"turns":6},{"damage":0,"enemies":"Chosen","floor":28,"turns":4},{"damage":2,"enemies":"Shelled Parasite and Fungi","floor":29,"turns":9},{"damage":2,"enemies":"Chosen and Byrds","floor":31,"turns":7},{"damage":47,"enemies":"Champ","floor":33,"turns":14},{"damage":1,"enemies":"3 Shapes","floor":35,"turns":3},{"damage":10,"enemies":"Mysterious Sphere","floor":37,"turns":5},{"damage":0,"enemies":"Orb Walker","floor":39,"turns":5},{"damage":0,"enemies":"Giant Head","floor":41,"turns":8},{"damage":6,"enemies":"3 Darklings","floor":44,"turns":5},{"damage":5,"enemies":"Time Eater","floor":50,"turns":11}],"seed_played":"2486136026500080457","potions_obtained":[{"floor":1,"key":"Explosive Potion"},{"floor":5,"key":"Fire Potion"},{"floor":12,"key":"Swift Potion"},{"floor":16,"key":"Weak Potion"},{"floor":20,"key":"Energy Potion"},{"floor":28,"key":"Explosive Potion"},{"floor":33,"key":"SneckoOil"},{"floor":39,"key":"SkillPotion"},{"floor":44,"key":"Weak Potion"}],"is_trial":false,"path_per_floor":["M","?","M","?","M","R","M","R","T","E","T","M","?","E","R","B",null,"M","$","?","?","T","R","E","R","T","?","M","M","R","M","R","B",null,"M","?","?","?","M","R","E","?","T","M","R","?","R","$","R","B"],"character_chosen":"IRONCLAD","items_purchased":["Sling","Bag of Preparation"],"campfire_rested":0,"item_purchase_floors":[19,19],"current_hp_per_floor":[88,66,66,66,70,70,75,75,75,73,73,79,79,72,72,40,88,88,88,69,69,79,79,86,86,86,86,99,112,112,118,118,81,122,125,125,124,114,131,131,134,134,134,134,134,117,117,117,117,128],"gold":6,"neow_bonus":"TEN_PERCENT_HP_BONUS","is_prod":false,"is_daily":false,"chose_seed":false,"campfire_upgraded":11,"win_rate":1,"timestamp":1537661655,"path_taken":["M","?","M","?","M","R","M","R","T","E","?","M","?","E","R","BOSS","M","$","?","?","?","R","E","R","T","?","M","M","R","M","R","BOSS","M","?","?","?","M","R","E","?","T","M","R","?","R","$","R","BOSS"],"build_version":"2018-09-20","purchased_purges":0,"victory":true,"max_hp_per_floor":[88,88,88,88,88,88,88,88,88,88,88,88,88,88,88,88,88,88,88,95,95,105,105,108,108,108,108,111,114,114,118,118,122,122,125,125,128,128,131,131,134,134,134,134,134,134,134,134,134,134],"card_choices":[{"not_picked":["Seeing Red","Body Slam"],"picked":"Ghostly Armor","floor":1},{"not_picked":["Heavy Blade","Warcry"],"picked":"True Grit","floor":3},{"not_picked":["Hemokinesis","Thunderclap"],"picked":"Body Slam","floor":5},{"not_picked":["Headbutt","Burning Pact"],"picked":"Iron Wave","floor":7},{"not_picked":["Entrench","Perfected Strike"],"picked":"Immolate","floor":10},{"not_picked":["Thunderclap","Carnage"],"picked":"Armaments","floor":12},{"not_picked":["Seeing Red","Combust"],"picked":"Inflame","floor":14},{"not_picked":["Fiend Fire","Bludgeon"],"picked":"Feed","floor":16},{"not_picked":["Disarm+1","Warcry"],"picked":"Metallicize","floor":18},{"not_picked":["Warcry","Pommel Strike+1"],"picked":"Evolve","floor":20},{"not_picked":["Impervious+1","Flame Barrier+1"],"picked":"Shrug It Off+1","floor":24},{"not_picked":["Dual Wield+1","Feel No Pain"],"picked":"Shrug It Off+1","floor":28},{"not_picked":["Reckless Charge","Blood for Blood"],"picked":"Spot Weakness+1","floor":29},{"not_picked":["Iron Wave","Corruption+1"],"picked":"Flex+1","floor":31},{"not_picked":["Juggernaut","Bludgeon"],"picked":"Barricade","floor":33},{"not_picked":["Iron Wave+1","Battle Trance+1"],"picked":"Shrug It Off+1","floor":35},{"not_picked":["Headbutt","Perfected Strike+1"],"picked":"Disarm+1","floor":37},{"not_picked":["PanicButton+1","HandOfGreed"],"picked":"Madness+1","floor":38},{"not_picked":["Bandage Up+1","Dark Shackles+1"],"picked":"Mayhem","floor":38},{"not_picked":["Forethought+1","Purity+1"],"picked":"Good Instincts+1","floor":38},{"not_picked":["Wild Strike","Iron Wave+1"],"picked":"Clothesline","floor":39},{"not_picked":["Twin Strike","Anger"],"picked":"Limit Break+1","floor":41},{"not_picked":["Thunderclap","Iron Wave+1"],"picked":"Shrug It Off+1","floor":44}],"player_experience":28744,"relics_obtained":[{"floor":9,"key":"Anchor"},{"floor":10,"key":"Boot"},{"floor":11,"key":"Juzu Bracelet"},{"floor":14,"key":"Red Skull"},{"floor":20,"key":"Bird Faced Urn"},{"floor":20,"key":"Toxic Egg 2"},{"floor":22,"key":"Pear"},{"floor":24,"key":"Letter Opener"},{"floor":26,"key":"Dream Catcher"},{"floor":37,"key":"Unceasing Top"},{"floor":41,"key":"Oddly Smooth Stone"},{"floor":43,"key":"Nunchaku"}],"event_choices":[{"event_name":"Golden Idol","player_choice":"Take Damage","floor":2,"damage_taken":0},{"event_name":"Bonfire Elementals","player_choice":"BASIC","floor":4,"damage_taken":0},{"event_name":"The Cleric","player_choice":"Card Removal","floor":13,"damage_taken":0},{"event_name":"Colosseum","player_choice":"Fight","floor":20,"damage_taken":0},{"event_name":"Colosseum","player_choice":"Fought Nobs","floor":20,"damage_taken":0},{"event_name":"Nest","player_choice":"Stole From Cult","floor":27,"damage_taken":0},{"event_name":"Falling","player_choice":"Removed Attack","floor":36,"damage_taken":0},{"event_name":"Mysterious Sphere","player_choice":"Fight","floor":37,"damage_taken":0},{"event_name":"SensoryStone","player_choice":"Memory 3","floor":38,"damage_taken":0},{"event_name":"Golden Shrine","player_choice":"Pray","floor":42,"damage_taken":0},{"event_name":"Winding Halls","player_choice":"Embrace Madness","floor":46,"damage_taken":0}],"is_beta":false,"boss_relics":[{"not_picked":["Black Star","Snecko Eye"],"picked":"Ectoplasm"},{"not_picked":["Orrery","Runic Pyramid"],"picked":"Velvet Choker"}],"items_purged_floors":[],"is_endless":false,"potions_floor_spawned":[1,5,12,16,20,20,28,33,39,44],"ascension_level":0}