{"gold_per_floor":[115,132,57,57,57,76,76,52,103,117,117,128,128,145,145,242,242,230,230,249,6,6,6,6,6,6,18,18,18,37,52,52,149,149,167,19,0,0,0,10,28,28,102,102,102,122,222,48,48,48],"floor_reached":51,"playtime":2133,"items_purged":["Strike_R","Shame","Shame"],"score":660,"play_id":"e8b0b588-1e63-43ba-b688-d3b4ca427bdb","local_time":"20180923225435","is_ascension_mode":false,"campfire_choices":[{"data":"Bash","floor":13,"key":"SMITH"},{"data":"Disarm","floor":15,"key":"SMITH"},{"data":"Inflame","floor":23,"key":"SMITH"},{"data":"Disarm","floor":25,"key":"SMITH"},{"data":"Feel No Pain","floor":29,"key":"SMITH"},{"floor":32,"key":"REST"},{"data":"Metallicize","floor":42,"key":"SMITH"},{"data":"Sword Boomerang","floor":44,"key":"SMITH"},{"floor":49,"key":"REST"}],"neow_cost":"NONE","seed_source_timestamp":183259291159983,"circlet_count":0,"master_deck":["Strike_R","Strike_R","Defend_R","Defend_R","Defend_R","Defend_R","Bash+1","Sword Boomerang+1","Disarm+1","Feel No Pain+1","Headbutt","Iron Wave","Disarm+1","Immolate+1","Inflame+1","Decay","True Grit+1","Fire Breathing","Burning Pact+1","Limit Break+1","Flex+1","Evolve+1","Metallicize+1","Trip+1","Metamorphosis+1","Deep Breath+1","Blood for Blood+1","Shrug It Off+1"],"relics":["Burning Blood","Sundial","Ginger","Art of War","Cursed Key","Enchiridion","Toxic Egg 2","Mummified Hand","Bottled Lightning","Busted Crown","Red Mask","Meat on the Bone"],"potions_floor_usage":[31,33,46,50,50,50],"damage_taken":[{"damage":5,"enemies":"Small Slimes","floor":1,"turns":4},{"damage":8,"enemies":"Jaw Worm","floor":2,"turns":3},{"damage":3,"enemies":"2 Louse","floor":6,"turns":4},{"damage":5,"enemies":"Blue Slaver","floor":10,"turns":4},{"damage":2,"enemies":"Large Slime","floor":12,"turns":6},{"damage":6,"enemies":"Exordium Wildlife","floor":14,"turns":4},{"damage":28,"enemies":"The Guardian","floor":16,"turns":16},{"damage":10,"enemies":"2 Thieves","floor":18,"turns":4},{"damage":16,"enemies":"Spheric Guardian","floor":20,"turns":4},{"damage":2,"enemies":"Snecko","floor":27,"turns":3},{"damage":4,"enemies":"Cultist and Chosen","floor":30,"turns":6},{"damage":8,"enemies":"3 Cultists","floor":31,"turns":3},{"damage":66,"enemies":"Automaton","floor":33,"turns":12},{"damage":7,"enemies":"Orb Walker","floor":35,"turns":3},{"damage":3,"enemies":"3 Darklings","floor":40,"turns":4},{"damage":16,"enemies":"Maw","floor":41,"turns":6},{"damage":43,"enemies":"Spire Growth","floor":46,"turns":5},{"damage":18,"enemies":"Time Eater","floor":50,"turns":7}],"seed_played":"-7801303008378178438","potions_obtained":[{"floor":2,"key":"BloodPotion"},{"floor":10,"key":"SpeedPotion"},{"floor":12,"key":"GamblersBrew"},{"floor":18,"key":"Explosive Potion"},{"floor":33,"key":"SpeedPotion"},{"floor":46,"key":"LiquidBronze"}],"is_trial":false,"path_per_floor":["M","M","$","?","?","M","T","$","T","M","?","M","R","M","R","B",null,"M","?","M","$","?","R","T","R","T","M","?","R","M","M","R","B",null,"M","$","?","$","?","M","M","R","T","R","?","M","?","$","R","B"],"character_chosen":"IRONCLAD","items_purchased":["Headbutt","Toxic Egg 2","Strength Potion","Shrug It Off+1"],"campfire_rested":2,"item_purchase_floors":[8,21,36,48],"current_hp_per_floor":[80,78,78,75,80,83,83,83,83,84,84,85,85,85,85,63,85,81,65,55,55,55,55,55,55,55,59,43,43,45,43,70,10,90,89,89,89,89,80,83,73,73,73,73,63,38,38,38,65,53],"gold":48,"neow_bonus":"REMOVE_CARD","is_prod":false,"is_daily":false,"chose_seed":false,"campfire_upgraded":7,"win_rate":1,"timestamp":1537710875,"path_taken":["M","M","$","?","?","M","?","$","T","M","?","M","R","M","R","BOSS","M","?","M","$","?","R","?","R","T","M","?","R","?","?","R","BOSS","M","?","?","?","?","?","M","R","T","R","?","M","?","$","R","BOSS"],"build_version":"2018-09-20","purchased_purges":3,"victory":true,"max_hp_per_floor":[80,80,80,80,85,85,85,85,85,85,85,85,85,85,85,85,85,85,85,85,85,85,85,85,85,85,85,90,90,90,90,90,90,90,90,90,90,90,90,90,90,90,90,90,90,90,90,90,90,90],"card_choices":[{"not_picked":["Headbutt","Anger"],"picked":"Sword Boomerang","floor":1},{"not_picked":["Heavy Blade","Uppercut"],"picked":"Disarm","floor":2},{"not_picked":["Havoc","Heavy Blade"],"picked":"Feel No Pain","floor":6},{"not_picked":["Thunderclap","Anger"],"picked":"Iron Wave","floor":10},{"not_picked":["Thunderclap","Berserk","Perfected Strike"],"picked":"SKIP","floor":12},{"not_picked":["Havoc","Sword Boomerang"],"picked":"Disarm","floor":14},{"not_picked":["Barricade","Exhume"],"picked":"Immolate","floor":16},{"not_picked":["Iron Wave","Havoc","Heavy Blade"],"picked":"SKIP","floor":18},{"not_picked":["Wild Strike","Pommel Strike"],"picked":"Inflame","floor":20},{"not_picked":["Fire Breathing","Heavy Blade"],"picked":"True Grit+1","floor":27},{"not_picked":["Havoc+1","Rage+1"],"picked":"Fire Breathing","floor":30},{"not_picked":["Warcry+1","Whirlwind"],"picked":"Burning Pact+1","floor":31},{"not_picked":["Exhume+1","Offering+1"],"picked":"Limit Break+1","floor":33},{"not_picked":[],"picked":"Flex+1","floor":35},{"not_picked":[],"picked":"Evolve+1","floor":40},{"not_picked":[],"picked":"Metallicize","floor":41},{"not_picked":[],"picked":"Trip+1","floor":45},{"not_picked":[],"picked":"Metamorphosis+1","floor":45},{"not_picked":[],"picked":"Deep Breath+1","floor":45},{"not_picked":[],"picked":"Blood for Blood+1","floor":46}],"player_experience":47476,"relics_obtained":[{"floor":7,"key":"Ginger"},{"floor":9,"key":"Art of War"},{"floor":19,"key":"Enchiridion"},{"floor":24,"key":"Mummified Hand"},{"floor":26,"key":"Bottled Lightning"},{"floor":43,"key":"Meat on the Bone"}],"event_choices":[{"event_name":"Scrap Ooze","player_choice":"success","floor":4,"damage_taken":3},{"event_name":"Big Fish","player_choice":"Donut","floor":5,"damage_taken":0},{"event_name":"Living Wall","player_choice":"Forget","floor":11,"damage_taken":0},{"event_name":"Cursed Tome","player_choice":"Obtained Book","floor":19,"damage_taken":0},{"event_name":"Upgrade Shrine","player_choice":"Upgraded","floor":22,"damage_taken":0},{"event_name":"Forgotten Altar","player_choice":"Shed Blood","floor":28,"damage_taken":0},{"event_name":"Tomb of Lord Red Mask","player_choice":"Paid","floor":37,"damage_taken":0},{"event_name":"Wheel of Change","player_choice":"Damage","floor":39,"damage_taken":0},{"event_name":"SensoryStone","player_choice":"Memory 3","floor":45,"damage_taken":0},{"event_name":"Golden Shrine","player_choice":"Pray","floor":47,"damage_taken":0}],"is_beta":false,"boss_relics":[{"not_picked":["Mark of Pain","Runic Cube"],"picked":"Cursed Key"},{"not_picked":["Fusion Hammer","Black Blood"],"picked":"Busted Crown"}],"items_purged_floors":[3,36,48],"is_endless":false,"potions_floor_spawned":[2,10,12,16,18,27,33,40,46],"ascension_level":0}