{"gold_per_floor":[118,129,304,324,147,147,166,181,181,181,181,3,20,35,35,139,139,154,172,192,192,207,236,250,250,250,250,250,15,15,15,15,118,118,130,141,141,141,141,141,156,172,172,50,65,65,79,97,97,97],"floor_reached":51,"playtime":2733,"items_purged":["Strike_R","Strike_R","Defend_R"],"score":713,"play_id":"0338362c-1ef0-4f0d-8d50-4987580d3969","local_time":"20181016231733","is_ascension_mode":false,"campfire_choices":[{"data":"Body Slam","floor":6.0,"key":"SMITH"},{"data":"True Grit","floor":10.0,"key":"SMITH"},{"data":"Bash","floor":15.0,"key":"SMITH"},{"data":"Immolate","floor":25.0,"key":"SMITH"},{"data":"Shockwave","floor":28.0,"key":"SMITH"},{"data":"1","floor":30.0,"key":"LIFT"},{"data":"2","floor":32.0,"key":"LIFT"},{"data":"Barricade","floor":40,"key":"SMITH"},{"data":"Impervious","floor":49,"key":"SMITH"}],"neow_cost":"NONE","seed_source_timestamp":212263559338967,"circlet_count":0,"master_deck":["Defend_R","Defend_R","Defend_R","Bash+1","Cleave","Body Slam+1","Clothesline","Inflame","Ghostly Armor","True Grit+1","Metallicize","Headbutt","Shockwave+1","Feed","Immolate+1","Pommel Strike+1","Shrug It Off","Flame Barrier","Offering","Barricade+1","Warcry+1","Madness","Madness","Flash of Steel","Evolve+1","True Grit","Shrug It Off","Body Slam+1","Impervious+1"],"special_seed":0,"relics":["Burning Blood","Omamori","Kunai","Sozu","Strawberry","The Courier","Girya","Velvet Choker","Vajra","Nunchaku"],"potions_floor_usage":[33,50,50],"damage_taken":[{"damage":6.0,"enemies":"Cultist","floor":1.0,"turns":3.0},{"damage":2.0,"enemies":"2 Louse","floor":2.0,"turns":2.0},{"damage":1.0,"enemies":"Jaw Worm","floor":4.0,"turns":3.0},{"damage":19.0,"enemies":"Exordium Thugs","floor":7.0,"turns":5.0},{"damage":0.0,"enemies":"Exordium Wildlife","floor":8.0,"turns":3.0},{"damage":9.0,"enemies":"Looter","floor":13.0,"turns":3.0},{"damage":14.0,"enemies":"Exordium Thugs","floor":14.0,"turns":5.0},{"damage":29.0,"enemies":"Slime Boss","floor":16.0,"turns":12.0},{"damage":0.0,"enemies":"Chosen","floor":18.0,"turns":6.0},{"damage":0.0,"enemies":"3 Byrds","floor":19.0,"turns":3.0},{"damage":5.0,"enemies":"Centurion and Healer","floor":20.0,"turns":6.0},{"damage":3.0,"enemies":"3 Cultists","floor":22.0,"turns":4.0},{"damage":28.0,"enemies":"Slavers","floor":23.0,"turns":5.0},{"damage":15.0,"enemies":"Snake Plant","floor":24.0,"turns":4.0},{"damage":48,"enemies":"Automaton","floor":33,"turns":9},{"damage":2,"enemies":"3 Darklings","floor":35,"turns":4},{"damage":2,"enemies":"Orb Walker","floor":36,"turns":4},{"damage":9,"enemies":"Transient","floor":41,"turns":5},{"damage":8,"enemies":"4 Shapes","floor":42,"turns":4},{"damage":13,"enemies":"Maw","floor":45,"turns":6},{"damage":10,"enemies":"Mind Bloom Boss Battle","floor":46,"turns":6},{"damage":0,"enemies":"3 Darklings","floor":47,"turns":3},{"damage":6,"enemies":"Sphere and 2 Shapes","floor":48,"turns":3},{"damage":75,"enemies":"Donu and Deca","floor":50,"turns":10}],"seed_played":"4597511287095763793","potions_obtained":[{"floor":2.0,"key":"Block Potion"},{"floor":4.0,"key":"PowerPotion"},{"floor":7.0,"key":"Block Potion"}],"is_trial":false,"path_per_floor":["M","M","?","M","$","R","M","M","T","R","?","$","M","M","R","B",null,"M","M","M","?","M","E","M","R","T","?","R","$","R","?","R","B",null,"M","M","?","?","?","R","M","M","T","$","M","?","M","M","R","B"],"character_chosen":"IRONCLAD","items_purchased":["Inflame","Ghostly Armor","Shockwave","Girya","True Grit"],"campfire_rested":0,"item_purchase_floors":[5,5,12,29,44],"current_hp_per_floor":[80,80,80,80,80,80,67,73,73,73,73,73,70,65,65,45,86,86,89,92,92,95,83,74,74,74,74,74,74,74,74,74,35,108,108,108,94,94,94,94,91,92,92,92,88,87,93,93,93,24],"gold":97,"neow_bonus":"RANDOM_COMMON_RELIC","is_prod":false,"is_daily":false,"chose_seed":false,"campfire_upgraded":7,"win_rate":0,"timestamp":1539699453,"path_taken":["M","M","?","M","$","R","M","M","T","R","?","$","M","M","R","BOSS","M","M","M","?","M","E","M","R","T","?","R","$","R","?","R","BOSS","M","M","?","?","?","R","M","?","T","$","M","?","M","M","R","BOSS"],"build_version":"2018-10-11","purchased_purges":3,"victory":true,"max_hp_per_floor":[80,80,80,80,80,80,80,80,80,80,80,80,80,83,83,86,86,86,89,92,92,95,105,105,105,105,105,105,105,105,105,105,108,108,108,108,108,108,108,108,108,111,111,111,114,117,117,117,117,117],"card_choices":[{"not_picked":["Headbutt","Searing Blow"],"picked":"Cleave","floor":1.0},{"not_picked":["Headbutt","Intimidate"],"picked":"Body Slam","floor":2.0},{"not_picked":["Perfected Strike","Headbutt"],"picked":"Clothesline","floor":4.0},{"not_picked":["Iron Wave","Sentinel"],"picked":"True Grit","floor":7.0},{"not_picked":["Sword Boomerang","Anger"],"picked":"Metallicize","floor":8.0},{"not_picked":["True Grit","Twin Strike"],"picked":"Feed","floor":13.0},{"not_picked":["Rupture","Hemokinesis","Anger"],"picked":"SKIP","floor":14.0},{"not_picked":["Fiend Fire","Impervious"],"picked":"Immolate","floor":16.0},{"not_picked":["Warcry","Body Slam"],"picked":"Pommel Strike+1","floor":18.0},{"not_picked":["Reckless Charge","Wild Strike+1","Iron Wave+1"],"picked":"SKIP","floor":19.0},{"not_picked":["Combust","Warcry"],"picked":"Shrug It Off","floor":20.0},{"not_picked":["Wild Strike","Body Slam","Headbutt+1"],"picked":"SKIP","floor":22.0},{"not_picked":["Pummel+1","Pommel Strike+1","Infernal Blade"],"picked":"SKIP","floor":23.0},{"not_picked":["Anger+1","Warcry"],"picked":"Flame Barrier","floor":24.0},{"not_picked":["Offering","Bludgeon"],"picked":"Barricade","floor":33},{"not_picked":["Clash","Flex+1","Twin Strike+1"],"picked":"SKIP","floor":35},{"not_picked":["Heavy Blade","Pommel Strike+1"],"picked":"Warcry+1","floor":36},{"not_picked":["Dark Shackles","Thinking Ahead"],"picked":"Flash of Steel","floor":39},{"not_picked":["Havoc+1","Headbutt"],"picked":"Evolve+1","floor":41},{"not_picked":["Bloodletting","Thunderclap+1","Corruption+1"],"picked":"SKIP","floor":42},{"not_picked":["Twin Strike+1","True Grit"],"picked":"Shrug It Off","floor":45},{"not_picked":["Clash","True Grit"],"picked":"Body Slam+1","floor":46},{"not_picked":["Iron Wave","Burning Pact","Sword Boomerang"],"picked":"SKIP","floor":47},{"not_picked":["Cleave","Warcry"],"picked":"Impervious","floor":48}],"player_experience":254124,"relics_obtained":[{"floor":9.0,"key":"Kunai"},{"floor":23.0,"key":"Strawberry"},{"floor":26.0,"key":"The Courier"},{"floor":43,"key":"Vajra"},{"floor":46,"key":"Nunchaku"}],"event_choices":[{"event_name":"Liars Game","player_choice":"agreed","floor":3.0,"damage_taken":0.0},{"event_name":"Transmorgrifier","player_choice":"Transform","floor":11.0,"damage_taken":0.0},{"event_name":"The Lab","player_choice":"Got Potions","floor":21.0,"damage_taken":0.0},{"event_name":"Drug Dealer","player_choice":"Became Test Subject","floor":27.0,"damage_taken":0.0},{"event_name":"Wheel of Change","player_choice":"Curse","floor":31.0,"damage_taken":0.0},{"event_name":"Winding Halls","player_choice":"Embrace Madness","floor":37,"damage_taken":0},{"event_name":"Falling","player_choice":"Removed Skill","floor":38,"damage_taken":0},{"event_name":"SensoryStone","player_choice":"Memory 1","floor":39,"damage_taken":0},{"event_name":"MindBloom","player_choice":"Fight","floor":46,"damage_taken":0}],"is_beta":false,"boss_relics":[{"not_picked":["Empty Cage","Cursed Key"],"picked":"Sozu"},{"not_picked":["Mark of Pain","Runic Pyramid"],"picked":"Velvet Choker"}],"items_purged_floors":[5,12,44],"is_endless":false,"potions_floor_spawned":[2,4,7,8,14,19,23,24,33,36,42,45,47,48],"ascension_level":0}