{"gold_per_floor":[112,122,142,67,67,98,117,117,117,145,145,145,156,31,31,127,127,144,154,64,78,97,97,122,122,122,122,221,221,17,34,34,139,139,150,150,25,71,81,81,107,107,107,107,122,36,36,0,0,0],"floor_reached":51,"playtime":3005,"items_purged":["Strike_G","Strike_G","Strike_G"],"score":751,"play_id":"a0f82527-d84c-4682-a36d-ddfa3517fa23","local_time":"20180923104152","is_ascension_mode":false,"campfire_choices":[{"data":"Noxious Fumes","floor":8,"key":"SMITH"},{"data":"Neutralize","floor":11,"key":"SMITH"},{"data":"Noxious Fumes","floor":15,"key":"SMITH"},{"data":"Caltrops","floor":23,"key":"SMITH"},{"data":"Malaise","floor":25,"key":"SMITH"},{"data":"A Thousand Cuts","floor":27,"key":"SMITH"},{"floor":32,"key":"REST"},{"data":"After Image","floor":40,"key":"SMITH"},{"data":"Blade Dance","floor":42,"key":"SMITH"},{"data":"Catalyst","floor":47,"key":"SMITH"},{"data":"Backflip","floor":49,"key":"SMITH"}],"neow_cost":"NONE","seed_source_timestamp":138423152346013,"circlet_count":0,"master_deck":["Defend_G","Defend_G","Defend_G","Defend_G","Defend_G","Strike_G+1","Neutralize+1","Dodge and Roll","Noxious Fumes+1","PiercingWail+1","Poisoned Stab+1","Noxious Fumes+1","After Image+1","Sucker Punch","Prepared","PiercingWail","Caltrops+1","Blade Dance+1","Malaise+1","PiercingWail+1","Backflip+1","Flying Knee+1","Well Laid Plans+1","Envenom","Adrenaline","Tools of the Trade","Adrenaline","Tactician","Envenom","Dodge and Roll","Cloak And Dagger+1","Backflip+1","Envenom+1","Catalyst+1","Noxious Fumes+1","Deflect"],"relics":["Ring of the Snake","NeowsBlessing","PreservedInsect","Bottled Tornado","Whetstone","Shuriken","Pear","Orrery","Omamori","Mummified Hand","DollysMirror","Coffee Dripper","StoneCalendar","Frozen Egg 2","Centennial Puzzle","Blood Vial","Red Mask"],"potions_floor_usage":[31,41,50],"damage_taken":[{"damage":0,"enemies":"Small Slimes","floor":1,"turns":1},{"damage":0,"enemies":"Cultist","floor":2,"turns":1},{"damage":0,"enemies":"2 Louse","floor":3,"turns":1},{"damage":11,"enemies":"Lagavulin","floor":6,"turns":9},{"damage":10,"enemies":"Lots of Slimes","floor":7,"turns":5},{"damage":5,"enemies":"3 Sentries","floor":10,"turns":5},{"damage":2,"enemies":"Exordium Thugs","floor":13,"turns":5},{"damage":16,"enemies":"The Guardian","floor":16,"turns":9},{"damage":10,"enemies":"Shell Parasite","floor":18,"turns":5},{"damage":0,"enemies":"Spheric Guardian","floor":19,"turns":5},{"damage":4,"enemies":"Snake Plant","floor":21,"turns":6},{"damage":15,"enemies":"3 Cultists","floor":22,"turns":5},{"damage":0,"enemies":"Gremlin Leader","floor":24,"turns":6},{"damage":10,"enemies":"Centurion and Healer","floor":31,"turns":6},{"damage":13,"enemies":"Collector","floor":33,"turns":9},{"damage":0,"enemies":"3 Shapes","floor":35,"turns":5},{"damage":4,"enemies":"Mysterious Sphere","floor":38,"turns":5},{"damage":0,"enemies":"3 Darklings","floor":39,"turns":4},{"damage":10,"enemies":"2 Orb Walkers","floor":41,"turns":4},{"damage":0,"enemies":"Transient","floor":45,"turns":5},{"damage":7,"enemies":"Donu and Deca","floor":50,"turns":7}],"seed_played":"6154390676145089014","potions_obtained":[{"floor":3,"key":"SpeedPotion"},{"floor":16,"key":"GhostInAJar"},{"floor":22,"key":"EntropicBrew"},{"floor":24,"key":"AttackPotion"},{"floor":33,"key":"PowerPotion"},{"floor":35,"key":"LiquidBronze"},{"floor":41,"key":"Explosive Potion"},{"floor":45,"key":"EntropicBrew"}],"is_trial":false,"path_per_floor":["M","M","M","$","?","E","M","R","T","E","R","T","M","$","R","B",null,"M","M","?","M","M","R","E","R","T","R","?","?","$","M","R","B",null,"M","?","$","?","M","R","E","R","T","T","M","$","R","?","R","B"],"character_chosen":"THE_SILENT","items_purchased":["Sucker Punch","DollysMirror","Noxious Fumes+1","Deflect"],"campfire_rested":1,"item_purchase_floors":[14,30,46,46],"current_hp_per_floor":[70,70,70,70,70,59,49,49,49,44,44,54,52,52,52,36,80,70,70,70,66,51,51,51,51,51,51,51,51,51,41,65,52,80,80,80,80,76,76,76,66,66,66,66,68,68,68,68,68,63],"gold":0,"neow_bonus":"THREE_ENEMY_KILL","is_prod":false,"is_daily":false,"chose_seed":false,"campfire_upgraded":10,"win_rate":1,"timestamp":1537666912,"path_taken":["M","M","M","$","?","E","?","R","T","E","R","?","M","$","R","BOSS","M","M","?","M","M","R","E","R","T","R","?","?","?","M","R","BOSS","M","?","$","?","?","R","E","R","T","?","M","?","R","?","R","BOSS"],"build_version":"2018-09-20","purchased_purges":3,"victory":true,"max_hp_per_floor":[70,70,70,70,70,70,70,70,70,70,70,80,80,80,80,80,80,80,80,80,80,80,80,80,80,80,80,80,80,80,80,80,80,80,80,80,80,80,80,80,80,80,80,80,80,80,80,80,80,80],"card_choices":[{"not_picked":["Underhanded Strike","Terror"],"picked":"Dagger Throw","floor":1},{"not_picked":["Quick Slash","Bane"],"picked":"Dodge and Roll","floor":2},{"not_picked":["Backstab","Blur"],"picked":"Noxious Fumes","floor":3},{"not_picked":["Infinite Blades","Heel Hook"],"picked":"PiercingWail","floor":6},{"not_picked":["Deflect","Leg Sweep"],"picked":"Poisoned Stab","floor":7},{"not_picked":["Flying Knee","Quick Slash"],"picked":"Noxious Fumes","floor":10},{"not_picked":["Flying Knee","Slice"],"picked":"After Image","floor":13},{"not_picked":["Phantasmal Killer","Unload"],"picked":"A Thousand Cuts","floor":16},{"not_picked":["All Out Attack","Sucker Punch"],"picked":"Prepared","floor":17},{"not_picked":["Caltrops","Leg Sweep"],"picked":"PiercingWail","floor":17},{"not_picked":["Choke","Dodge and Roll"],"picked":"Caltrops","floor":17},{"not_picked":["Dodge and Roll","Dagger Throw"],"picked":"Blade Dance","floor":17},{"not_picked":["Acrobatics","Escape Plan"],"picked":"Malaise","floor":17},{"not_picked":["Masterful Stab+1","Poisoned Stab"],"picked":"PiercingWail+1","floor":18},{"not_picked":["Bouncing Flask","Sucker Punch","Deadly Poison"],"picked":"SKIP","floor":19},{"not_picked":["Finisher","Sucker Punch"],"picked":"Backflip","floor":21},{"not_picked":["Sucker Punch","Underhanded Strike"],"picked":"Flying Knee+1","floor":22},{"not_picked":["Dagger Throw","Doppelganger"],"picked":"Well Laid Plans+1","floor":24},{"not_picked":["Flechettes","Eviscerate"],"picked":"Tactician","floor":31},{"not_picked":["Unload","Glass Knife"],"picked":"Envenom","floor":33},{"not_picked":["Skewer","Dagger Spray+1"],"picked":"Dodge and Roll","floor":35},{"not_picked":["Distraction+1","Acrobatics+1"],"picked":"Cloak And Dagger+1","floor":38},{"not_picked":["Escape Plan","Dodge and Roll"],"picked":"Backflip+1","floor":39},{"not_picked":["Bane+1","Bouncing Flask"],"picked":"Envenom","floor":41},{"not_picked":["Skewer+1","Prepared+1"],"picked":"Catalyst","floor":45}],"player_experience":31312,"relics_obtained":[{"floor":6,"key":"Bottled Tornado"},{"floor":9,"key":"Whetstone"},{"floor":10,"key":"Shuriken"},{"floor":12,"key":"Pear"},{"floor":24,"key":"Omamori"},{"floor":26,"key":"Mummified Hand"},{"floor":38,"key":"StoneCalendar"},{"floor":41,"key":"Frozen Egg 2"},{"floor":43,"key":"Centennial Puzzle"},{"floor":44,"key":"Blood Vial"}],"event_choices":[{"event_name":"WeMeetAgain","player_choice":"Potion","floor":5,"damage_taken":0},{"event_name":"Designer","player_choice":"Full Service","floor":20,"damage_taken":0},{"event_name":"Nest","player_choice":"Stole From Cult","floor":28,"damage_taken":0},{"event_name":"Drug Dealer","player_choice":"Became Test Subject","floor":29,"damage_taken":0},{"event_name":"SensoryStone","player_choice":"Memory 1","floor":36,"damage_taken":0},{"event_name":"Mysterious Sphere","player_choice":"Fight","floor":38,"damage_taken":0},{"event_name":"Tomb of Lord Red Mask","player_choice":"Paid","floor":48,"damage_taken":0}],"is_beta":false,"boss_relics":[{"not_picked":["Empty Cage","Calling Bell"],"picked":"Orrery"},{"not_picked":["Velvet Choker","HoveringKite"],"picked":"Coffee Dripper"}],"items_purged_floors":[4,14,37],"is_endless":false,"potions_floor_spawned":[3,16,22,24,33,35,41,45],"ascension_level":0}