{"gold_per_floor":[113,67,85,99,24,24,24,24,24,24,36,64,81,81,81,181,181,200,200,200,217,40,40,56,56,56,84,84,95,95,128,128,226,226,237,237,290,33,33,65,65,85,85,114,131,201,213,233,233,233],"floor_reached":51,"playtime":3109,"items_purged":["Strike_G"],"score":818,"play_id":"186013b8-8d70-4f48-8c68-30f4f3ea142a","local_time":"20180922214119","is_ascension_mode":false,"campfire_choices":[{"data":"Neutralize","floor":6,"key":"SMITH"},{"data":"Blade Dance","floor":8,"key":"SMITH"},{"data":"Dodge and Roll","floor":10,"key":"SMITH"},{"data":"Leg Sweep","floor":15,"key":"SMITH"},{"data":"Malaise","floor":23,"key":"SMITH"},{"data":"Skewer","floor":25,"key":"SMITH"},{"data":"After Image","floor":28,"key":"SMITH"},{"floor":32,"key":"REST"},{"data":"Crippling Poison","floor":41,"key":"SMITH"},{"data":"Deflect","floor":49,"key":"SMITH"}],"neow_cost":"NONE","seed_source_timestamp":91487454103919,"circlet_count":0,"master_deck":["Defend_G","Defend_G","Defend_G+1","Defend_G+1","Defend_G","Survivor+1","Neutralize+1","Infinite Blades","Blade Dance+1","Dodge and Roll+1","Footwork+1","Skewer+1","Deflect+1","Leg Sweep+1","Malaise+1","Bane+1","Bite+1","Bite+1","Bite+1","Bite+1","Bite+1","Riddle With Holes+1","After Image+1","PiercingWail","Dagger Throw+1","Deflect","Flying Knee+1","Poisoned Stab+1","Noxious Fumes+1","Glass Knife+1","Heel Hook+1","Blade Dance","PiercingWail+1","Crippling Poison+1","Infinite Blades+1","Malaise+1","Metamorphosis","Heel Hook+1","Backflip+1","Choke+1","Dodge and Roll+1","Backflip+1"],"relics":["Ring of the Snake","War Paint","Ancient Tea Set","Molten Egg 2","CultistMask","Sozu","Whetstone","Dream Catcher","PreservedInsect","Happy Flower","Orrery","Tiny Chest","Shuriken","Vajra","Paper Crane","Gremlin Horn","Sundial"],"potions_floor_usage":[16],"damage_taken":[{"damage":0,"enemies":"Cultist","floor":1,"turns":4},{"damage":0,"enemies":"Jaw Worm","floor":3,"turns":4},{"damage":0,"enemies":"Small Slimes","floor":4,"turns":3},{"damage":0,"enemies":"Red Slaver","floor":11,"turns":3},{"damage":13,"enemies":"Lagavulin","floor":12,"turns":8},{"damage":0,"enemies":"Large Slime","floor":13,"turns":6},{"damage":36,"enemies":"Hexaghost","floor":16,"turns":18},{"damage":2,"enemies":"Spheric Guardian","floor":18,"turns":6},{"damage":0,"enemies":"3 Byrds","floor":21,"turns":6},{"damage":0,"enemies":"Snake Plant","floor":24,"turns":9},{"damage":0,"enemies":"Book of Stabbing","floor":27,"turns":8},{"damage":0,"enemies":"Centurion and Healer","floor":29,"turns":7},{"damage":23,"enemies":"Gremlin Leader","floor":31,"turns":11},{"damage":35,"enemies":"Collector","floor":33,"turns":13},{"damage":0,"enemies":"3 Shapes","floor":35,"turns":5},{"damage":13,"enemies":"Giant Head","floor":40,"turns":8},{"damage":0,"enemies":"Orb Walker","floor":42,"turns":4},{"damage":0,"enemies":"Nemesis","floor":44,"turns":7},{"damage":0,"enemies":"Maw","floor":45,"turns":7},{"damage":0,"enemies":"Reptomancer","floor":47,"turns":3},{"damage":1,"enemies":"Transient","floor":48,"turns":5},{"damage":55,"enemies":"Time Eater","floor":50,"turns":17}],"seed_played":"-5456255351106892940","potions_obtained":[{"floor":4,"key":"SpeedPotion"},{"floor":13,"key":"Explosive Potion"},{"floor":16,"key":"EssenceOfSteel"}],"is_trial":false,"path_per_floor":["M","$","M","M","$","R","?","R","T","R","M","E","M","?","R","B",null,"M","?","?","M","$","R","M","R","T","E","R","M","?","E","R","B",null,"M","?","T","$","?","E","R","M","T","E","M","T","M","M","R","B"],"character_chosen":"THE_SILENT","items_purchased":["Blade Dance","After Image","PiercingWail","Shuriken"],"campfire_rested":1,"item_purchase_floors":[2,22,22,38],"current_hp_per_floor":[70,70,70,70,70,70,56,56,56,56,56,43,43,43,43,7,70,68,68,49,49,49,49,49,49,49,49,49,49,49,34,48,42,49,49,49,49,49,49,42,42,49,49,49,49,49,49,48,48,11],"gold":233,"neow_bonus":"RANDOM_COMMON_RELIC","is_prod":false,"is_daily":false,"chose_seed":false,"campfire_upgraded":9,"win_rate":1,"timestamp":1537620079,"path_taken":["M","$","?","M","$","R","?","R","T","R","M","E","M","?","R","BOSS","M","?","?","M","$","R","M","R","T","E","R","?","?","E","R","BOSS","M","?","?","$","?","E","R","M","T","E","M","?","M","M","R","BOSS"],"build_version":"2018-09-20","purchased_purges":1,"victory":true,"max_hp_per_floor":[70,70,70,70,70,70,70,70,70,70,70,70,70,70,70,70,70,70,70,49,49,49,49,49,49,49,49,49,49,49,49,49,49,49,49,49,49,49,49,49,49,49,49,49,49,49,49,49,49,49],"card_choices":[{"not_picked":["Poisoned Stab","Underhanded Strike"],"picked":"Infinite Blades","floor":1},{"not_picked":["Bane","Quick Slash"],"picked":"Dodge and Roll","floor":3},{"not_picked":["Blade Dance","Bane"],"picked":"Footwork","floor":4},{"not_picked":["Bane","Acrobatics"],"picked":"Skewer","floor":11},{"not_picked":["Acrobatics","Prepared"],"picked":"Deflect","floor":12},{"not_picked":["PiercingWail","Prepared"],"picked":"Leg Sweep","floor":13},{"not_picked":["Glass Knife+1","Die Die Die+1"],"picked":"Malaise","floor":16},{"not_picked":["Dodge and Roll","Distraction"],"picked":"Bane+1","floor":18},{"not_picked":["Reflex","Dagger Throw+1"],"picked":"Riddle With Holes+1","floor":21},{"not_picked":["Catalyst","Expertise"],"picked":"Dagger Throw+1","floor":24},{"not_picked":["Reflex","Bane+1"],"picked":"Deflect","floor":27},{"not_picked":["Prepared+1","Acrobatics"],"picked":"Flying Knee+1","floor":29},{"not_picked":["Blur","Acrobatics"],"picked":"Poisoned Stab+1","floor":31},{"not_picked":["Dash+1","Leg Sweep"],"picked":"Noxious Fumes+1","floor":32},{"not_picked":["Venomology","Die Die Die+1"],"picked":"Glass Knife+1","floor":33},{"not_picked":["Dash+1","Crippling Poison"],"picked":"Heel Hook+1","floor":34},{"not_picked":["Terror","Distraction"],"picked":"Blade Dance","floor":34},{"not_picked":["Masterful Stab+1","Finisher+1"],"picked":"PiercingWail+1","floor":34},{"not_picked":["Deflect","Dagger Throw+1"],"picked":"Crippling Poison","floor":34},{"not_picked":["Outmaneuver+1","Blade Dance+1"],"picked":"Infinite Blades+1","floor":35},{"not_picked":["Madness","Apotheosis"],"picked":"Metamorphosis","floor":39},{"not_picked":["Skewer+1","Outmaneuver+1"],"picked":"Heel Hook+1","floor":40},{"not_picked":["Flying Knee+1","Poisoned Stab+1"],"picked":"Backflip+1","floor":42},{"not_picked":["Quick Slash+1","Underhanded Strike+1"],"picked":"Choke+1","floor":44},{"not_picked":["Underhanded Strike+1","Choke+1"],"picked":"Dodge and Roll+1","floor":45},{"not_picked":["Distraction","Reflex+1","Slice+1"],"picked":"SKIP","floor":47},{"not_picked":["Blade Dance+1","Dash+1"],"picked":"Backflip+1","floor":48}],"player_experience":22309,"relics_obtained":[{"floor":9,"key":"Ancient Tea Set"},{"floor":12,"key":"Molten Egg 2"},{"floor":26,"key":"Whetstone"},{"floor":27,"key":"Dream Catcher"},{"floor":31,"key":"Happy Flower"},{"floor":37,"key":"Tiny Chest"},{"floor":40,"key":"Vajra"},{"floor":43,"key":"Paper Crane"},{"floor":44,"key":"Gremlin Horn"},{"floor":46,"key":"Sundial"}],"event_choices":[{"event_name":"Shining Light","player_choice":"Entered Light","floor":7,"damage_taken":0},{"event_name":"FaceTrader","player_choice":"Trade","floor":14,"damage_taken":0},{"event_name":"The Woman in Blue","player_choice":"Bought 0 Potions","floor":19,"damage_taken":0},{"event_name":"Vampires","player_choice":"Became a vampire","floor":20,"damage_taken":0},{"event_name":"The Mausoleum","player_choice":"Yes","floor":30,"damage_taken":0},{"event_name":"Duplicator","player_choice":"One dupe","floor":36,"damage_taken":0},{"event_name":"SensoryStone","player_choice":"Memory 1","floor":39,"damage_taken":0}],"is_beta":false,"boss_relics":[{"not_picked":["Philosopher\u0027s Stone","Runic Dome"],"picked":"Sozu"},{"not_picked":["Empty Cage","Astrolabe"],"picked":"Orrery"}],"items_purged_floors":[5],"is_endless":false,"potions_floor_spawned":[4,13,16,18,40,42,44,48],"ascension_level":0}