{"gold_per_floor":[117,134,145,158,333,333,347,382,437,437,47,65,92,92,92,188,188,204,24,24,24,24,24,59,59,59,77,93,108,108,136,136,238,238,249,104,379,424,436,4,19,29,55,55,69,69,86,103,103,103],"floor_reached":51,"playtime":3726,"items_purged":["Doubt","Strike_R","Regret"],"score":789,"play_id":"64014a7a-abcf-470e-80b0-4712a72106d8","local_time":"20180923133444","is_ascension_mode":false,"campfire_choices":[{"data":"Bash","floor":6,"key":"SMITH"},{"data":"Rampage","floor":15,"key":"SMITH"},{"data":"Disarm","floor":23,"key":"SMITH"},{"data":"Shrug It Off","floor":25,"key":"SMITH"},{"data":"Flame Barrier","floor":30,"key":"SMITH"},{"data":"Clothesline","floor":32,"key":"SMITH"},{"floor":46,"key":"REST"},{"floor":49,"key":"REST"}],"neow_cost":"NONE","seed_source_timestamp":148074735730277,"circlet_count":0,"master_deck":["Defend_R","Bash+1","Rampage+1","Pommel Strike","Offering+1","Disarm+1","True Grit+1","Disarm","Shrug It Off","Burning Pact","Flame Barrier+1","Power Through","Shrug It Off+1","Evolve+1","Shrug It Off","Clothesline+1","Barricade","Cleave+1","Metallicize+1","Dual Wield+1","Disarm","Feel No Pain","Shrug It Off","True Grit","Armaments+1","Shrug It Off","Shockwave+1","Infernal Blade+1","Headbutt"],"relics":["Burning Blood","Bottled Flame","Tiny Chest","Torii","Lantern","Darkstone Periapt","Sozu","Dream Catcher","Dodecahedron","Happy Flower","Astrolabe","Oddly Smooth Stone","Ginger","Kunai","Centennial Puzzle","Question Card"],"potions_floor_usage":[4,8,12,38],"damage_taken":[{"damage":6,"enemies":"Jaw Worm","floor":1,"turns":3},{"damage":6,"enemies":"Cultist","floor":2,"turns":3},{"damage":8,"enemies":"2 Louse","floor":3,"turns":3},{"damage":20,"enemies":"Exordium Thugs","floor":4,"turns":6},{"damage":7,"enemies":"3 Louse","floor":7,"turns":3},{"damage":12,"enemies":"Gremlin Nob","floor":8,"turns":4},{"damage":3,"enemies":"Lots of Slimes","floor":12,"turns":3},{"damage":13,"enemies":"Hexaghost","floor":16,"turns":8},{"damage":12,"enemies":"3 Byrds","floor":18,"turns":6},{"damage":6,"enemies":"Gremlin Leader","floor":24,"turns":7},{"damage":0,"enemies":"Shell Parasite","floor":27,"turns":6},{"damage":8,"enemies":"Sentry and Sphere","floor":28,"turns":10},{"damage":0,"enemies":"Cultist and Chosen","floor":29,"turns":7},{"damage":6,"enemies":"Slavers","floor":31,"turns":8},{"damage":33,"enemies":"Collector","floor":33,"turns":13},{"damage":0,"enemies":"3 Darklings","floor":35,"turns":8},{"damage":34,"enemies":"Mysterious Sphere","floor":38,"turns":8},{"damage":6,"enemies":"Orb Walker","floor":39,"turns":5},{"damage":6,"enemies":"Spire Growth","floor":41,"turns":11},{"damage":6,"enemies":"4 Shapes","floor":42,"turns":10},{"damage":7,"enemies":"Transient","floor":45,"turns":5},{"damage":6,"enemies":"Sphere and 2 Shapes","floor":47,"turns":8},{"damage":6,"enemies":"Maw","floor":48,"turns":12},{"damage":0,"enemies":"Time Eater","floor":50,"turns":19}],"seed_played":"7232378397803897194","potions_obtained":[{"floor":1,"key":"FearPotion"},{"floor":3,"key":"SteroidPotion"},{"floor":8,"key":"SkillPotion"},{"floor":12,"key":"SpeedPotion"}],"is_trial":false,"path_per_floor":["M","M","M","M","?","R","M","E","T","?","$","M","T","T","R","B",null,"M","$","?","?","?","R","E","R","T","M","M","M","R","E","R","B",null,"M","$","?","?","M","$","M","M","T","T","M","R","M","M","R","B"],"character_chosen":"IRONCLAD","items_purchased":["Torii","Disarm","Shrug It Off","Oddly Smooth Stone","Kunai","True Grit"],"campfire_rested":2,"item_purchase_floors":[11,19,19,36,40,40],"current_hp_per_floor":[80,80,78,64,64,64,63,57,57,41,41,44,44,44,44,37,80,74,74,74,74,74,74,74,74,74,80,78,80,80,80,80,53,80,80,80,86,58,58,58,58,58,58,58,57,82,82,82,86,86],"gold":103,"neow_bonus":"REMOVE_CARD","is_prod":false,"is_daily":false,"chose_seed":false,"campfire_upgraded":6,"win_rate":1,"timestamp":1537677284,"path_taken":["M","M","M","M","?","R","M","E","T","?","$","?","?","?","R","BOSS","M","$","?","?","?","R","E","R","T","?","?","M","R","E","R","BOSS","M","$","?","?","M","$","?","M","T","?","M","R","M","M","R","BOSS"],"build_version":"2018-09-20","purchased_purges":3,"victory":true,"max_hp_per_floor":[80,80,80,80,80,80,80,80,80,80,80,80,80,80,80,80,80,80,80,80,80,80,80,80,80,80,80,80,80,80,80,80,80,80,80,80,86,86,86,86,86,86,86,86,86,86,86,86,86,86],"card_choices":[{"not_picked":["Disarm","Flex"],"picked":"Rampage","floor":1},{"not_picked":["Sword Boomerang","Searing Blow","Wild Strike"],"picked":"SKIP","floor":2},{"not_picked":["Anger","Hemokinesis"],"picked":"Pommel Strike","floor":3},{"not_picked":["Bloodletting","Perfected Strike"],"picked":"Offering","floor":4},{"not_picked":["Cleave","Whirlwind"],"picked":"Disarm","floor":7},{"not_picked":["Whirlwind","Impervious"],"picked":"Warcry","floor":8},{"not_picked":["Cleave","Twin Strike","Clothesline"],"picked":"SKIP","floor":12},{"not_picked":["Reaper","Bludgeon"],"picked":"Double Tap","floor":16},{"not_picked":["Warcry","Seeing Red"],"picked":"True Grit+1","floor":18},{"not_picked":["Bludgeon","Cleave+1"],"picked":"Shrug It Off","floor":24},{"not_picked":["Perfected Strike","Clothesline","Flex"],"picked":"SKIP","floor":27},{"not_picked":["Heavy Blade","Cleave"],"picked":"Evolve+1","floor":28},{"not_picked":["Warcry","Pommel Strike"],"picked":"Shrug It Off","floor":29},{"not_picked":["Rupture+1","Evolve+1"],"picked":"Clothesline","floor":31},{"not_picked":["Dark Embrace","Brutality"],"picked":"Barricade","floor":33},{"not_picked":["Iron Wave","Whirlwind"],"picked":"Disarm","floor":35},{"not_picked":["Perfected Strike+1","Twin Strike"],"picked":"Feel No Pain","floor":38},{"not_picked":["Flex+1","Bludgeon"],"picked":"Shrug It Off","floor":39},{"not_picked":["Flex+1","Rupture"],"picked":"Armaments+1","floor":41},{"not_picked":["Hemokinesis","Clash","Thunderclap"],"picked":"SKIP","floor":42},{"not_picked":["Clash","Wild Strike","Sword Boomerang+1"],"picked":"Shrug It Off","floor":45},{"not_picked":["Thunderclap+1","Immolate","Whirlwind+1"],"picked":"Shockwave+1","floor":46},{"not_picked":["Heavy Blade+1","Wild Strike+1","Cleave+1"],"picked":"Infernal Blade+1","floor":47},{"not_picked":["Dual Wield","Clothesline","Flame Barrier"],"picked":"Headbutt","floor":48}],"player_experience":37092,"relics_obtained":[{"floor":8,"key":"Bottled Flame"},{"floor":9,"key":"Tiny Chest"},{"floor":13,"key":"Lantern"},{"floor":14,"key":"Darkstone Periapt"},{"floor":24,"key":"Dream Catcher"},{"floor":26,"key":"Dodecahedron"},{"floor":31,"key":"Happy Flower"},{"floor":38,"key":"Ginger"},{"floor":43,"key":"Centennial Puzzle"},{"floor":44,"key":"Question Card"}],"event_choices":[{"event_name":"Liars Game","player_choice":"agreed","floor":5,"damage_taken":0},{"event_name":"Shining Light","player_choice":"Entered Light","floor":10,"damage_taken":0},{"event_name":"Drug Dealer","player_choice":"Became Test Subject","floor":20,"damage_taken":0},{"event_name":"Bonfire Elementals","player_choice":"BASIC","floor":21,"damage_taken":0},{"event_name":"Back to Basics","player_choice":"Elegance","floor":22,"damage_taken":0},{"event_name":"Golden Shrine","player_choice":"Desecrate","floor":37,"damage_taken":0},{"event_name":"Mysterious Sphere","player_choice":"Fight","floor":38,"damage_taken":0}],"is_beta":false,"boss_relics":[{"not_picked":["Ectoplasm","Calling Bell"],"picked":"Sozu"},{"not_picked":["Tiny House","Black Blood"],"picked":"Astrolabe"}],"items_purged_floors":[11,19,40],"is_endless":false,"potions_floor_spawned":[1,3,8,12,18,24,29,33,35,39,45,47,48],"ascension_level":0}