{"gold_per_floor":[115,135,145,160,335,335,363,363,363,44,56,67,67,67,67,165,165,177,25,25,25,40,40,59,59,59,78,78,78,78,38,38,139,139,149,149,149,162,37,49,49,67,67,67,79,97,22,37,37,37],"floor_reached":51,"playtime":3186,"items_purged":["Pain","Doubt","Shame"],"score":674,"play_id":"45a30c92-d91f-4569-b2f5-83aab9bb7bd8","local_time":"20181024002737","is_ascension_mode":false,"campfire_choices":[{"data":"Bash","floor":6.0,"key":"SMITH"},{"data":"Inflame","floor":13.0,"key":"SMITH"},{"data":"Metallicize","floor":15.0,"key":"SMITH"},{"data":"Barricade","floor":23.0,"key":"SMITH"},{"data":"True Grit","floor":25.0,"key":"SMITH"},{"data":"Feel No Pain","floor":28.0,"key":"SMITH"},{"floor":32,"key":"DIG"},{"floor":41,"key":"DIG"},{"floor":44,"key":"DIG"},{"floor":49,"key":"DIG"}],"neow_cost":"NONE","seed_source_timestamp":602974946484980,"circlet_count":0,"master_deck":["Defend_R","Defend_R+1","Defend_R","Defend_R","Bash+1","Inflame+1","Metallicize+1","Warcry","Pommel Strike","Burning Pact+1","Shrug It Off","Cleave","Barricade+1","Dual Wield+1","Metallicize+1","Double Tap+1","Entrench+1","True Grit+1","Armaments","Bludgeon","Feel No Pain+1","Seeing Red","Dark Embrace","True Grit+1","Body Slam","Warcry","Body Slam","Metallicize+1","Flame Barrier+1"],"special_seed":0,"relics":["Burning Blood","Anchor","Orichalcum","WarpedTongs","Bottled Lightning","Chemical X","Astrolabe","Darkstone Periapt","Shovel","Bottled Tornado","Fusion Hammer","Frozen Egg 2","Torii","Vajra","Mango"],"potions_floor_usage":[42,50,50],"damage_taken":[{"damage":1.0,"enemies":"Jaw Worm","floor":1.0,"turns":2.0},{"damage":0.0,"enemies":"2 Louse","floor":2.0,"turns":3.0},{"damage":3.0,"enemies":"Cultist","floor":3.0,"turns":4.0},{"damage":7.0,"enemies":"Exordium Wildlife","floor":4.0,"turns":6.0},{"damage":25.0,"enemies":"Lagavulin","floor":7.0,"turns":5.0},{"damage":4.0,"enemies":"Blue Slaver","floor":11.0,"turns":3.0},{"damage":1.0,"enemies":"Looter","floor":12.0,"turns":3.0},{"damage":16.0,"enemies":"The Guardian","floor":16.0,"turns":16.0},{"damage":0.0,"enemies":"Chosen","floor":18.0,"turns":10.0},{"damage":6.0,"enemies":"Spheric Guardian","floor":22.0,"turns":16.0},{"damage":30.0,"enemies":"3 Cultists","floor":24.0,"turns":6.0},{"damage":4.0,"enemies":"Shelled Parasite and Fungi","floor":27.0,"turns":12.0},{"damage":47,"enemies":"Collector","floor":33,"turns":29},{"damage":0,"enemies":"Orb Walker","floor":35,"turns":6},{"damage":0,"enemies":"3 Shapes","floor":38,"turns":9},{"damage":25,"enemies":"Jaw Worm Horde","floor":40,"turns":8},{"damage":12,"enemies":"3 Darklings","floor":42,"turns":7},{"damage":1,"enemies":"Writhing Mass","floor":45,"turns":8},{"damage":0,"enemies":"Maw","floor":46,"turns":6},{"damage":6,"enemies":"3 Darklings","floor":48,"turns":8},{"damage":37,"enemies":"Awakened One","floor":50,"turns":14}],"seed_played":"-726565984250264107","potions_obtained":[{"floor":1.0,"key":"Poison Potion"},{"floor":7.0,"key":"Strength Potion"},{"floor":16.0,"key":"SkillPotion"},{"floor":22.0,"key":"Ancient Potion"},{"floor":33,"key":"Regen Potion"},{"floor":48,"key":"SkillPotion"}],"is_trial":false,"path_per_floor":["M","M","M","M","?","R","E","?","T","$","M","M","R","$","R","B",null,"M","$","?","?","M","R","M","R","T","M","R","?","?","?","R","B",null,"M","?","?","M","$","M","R","M","T","R","M","M","$","M","R","B"],"character_chosen":"IRONCLAD","items_purchased":["Chemical X","Shrug It Off","True Grit","Metallicize+1"],"campfire_rested":0,"item_purchase_floors":[10,10,19,47],"current_hp_per_floor":[80,80,80,79,79,79,60,60,60,60,62,67,67,67,67,57,80,80,80,80,80,80,80,56,56,56,58,58,64,64,64,64,23,86,86,86,86,86,86,67,67,76,76,76,81,86,86,86,100,69],"gold":37,"neow_bonus":"RANDOM_COMMON_RELIC","is_prod":false,"is_daily":false,"chose_seed":false,"campfire_upgraded":6,"win_rate":0,"timestamp":1540308457,"path_taken":["M","M","M","M","?","R","E","?","T","$","M","M","R","$","R","BOSS","M","$","?","?","M","R","?","R","T","M","R","?","?","?","R","BOSS","M","?","?","M","$","M","R","M","T","R","M","M","$","M","R","BOSS"],"build_version":"2018-10-18","purchased_purges":3,"victory":true,"max_hp_per_floor":[80,80,80,80,80,80,80,80,80,80,80,80,80,80,80,80,80,80,80,80,80,80,80,80,80,80,80,80,86,86,86,86,86,86,86,86,86,86,86,86,86,86,86,86,86,86,86,86,100,100],"card_choices":[{"not_picked":["Reckless Charge","Iron Wave"],"picked":"Inflame","floor":1.0},{"not_picked":["Sever Soul","Thunderclap"],"picked":"Metallicize","floor":2.0},{"not_picked":["Havoc","Inflame"],"picked":"Warcry","floor":3.0},{"not_picked":["Iron Wave","Flame Barrier"],"picked":"Pommel Strike","floor":4.0},{"not_picked":["Seeing Red","Dropkick"],"picked":"Burning Pact","floor":7.0},{"not_picked":["Ghostly Armor","Juggernaut"],"picked":"Cleave","floor":11.0},{"not_picked":["Sentinel","Wild Strike","Headbutt"],"picked":"SKIP","floor":12.0},{"not_picked":["Feed","Offering"],"picked":"Barricade","floor":16.0},{"not_picked":["Twin Strike","Sever Soul"],"picked":"Entrench+1","floor":18.0},{"not_picked":["Armaments","Inflame+1","Uppercut"],"picked":"SKIP","floor":22.0},{"not_picked":["Headbutt+1","Fire Breathing"],"picked":"Feel No Pain","floor":24.0},{"not_picked":["Intimidate","Armaments","Twin Strike"],"picked":"SKIP","floor":27.0},{"not_picked":["Berserk","Feed"],"picked":"Dark Embrace","floor":33},{"not_picked":["Sever Soul","Spot Weakness"],"picked":"True Grit+1","floor":35},{"not_picked":["True Grit+1","Clash+1"],"picked":"Body Slam","floor":38},{"not_picked":["Rage+1","True Grit"],"picked":"Warcry","floor":40},{"not_picked":["Wild Strike","Warcry"],"picked":"Body Slam","floor":42},{"not_picked":["Sever Soul+1","Pommel Strike","Perfected Strike+1"],"picked":"SKIP","floor":45},{"not_picked":["Reckless Charge","Ghostly Armor+1","Clash+1"],"picked":"SKIP","floor":46},{"not_picked":["Anger+1","Wild Strike+1"],"picked":"Flame Barrier+1","floor":48}],"player_experience":317367,"relics_obtained":[{"floor":7.0,"key":"Orichalcum"},{"floor":9.0,"key":"Bottled Lightning"},{"floor":26.0,"key":"Darkstone Periapt"},{"floor":32,"key":"Bottled Tornado"},{"floor":41,"key":"Frozen Egg 2"},{"floor":43,"key":"Torii"},{"floor":44,"key":"Vajra"},{"floor":49,"key":"Mango"}],"event_choices":[{"damage_healed":0.0,"max_hp_gain":0.0,"max_hp_loss":0.0,"gold_gain":175.0,"event_name":"Liars Game","player_choice":"AGREE","floor":5.0,"gold_loss":0.0,"damage_taken":0.0,"cards_obtained":["Doubt"]},{"damage_healed":0.0,"max_hp_gain":0.0,"max_hp_loss":0.0,"gold_gain":0.0,"event_name":"Accursed Blacksmith","player_choice":"Rummage","floor":8.0,"gold_loss":0.0,"damage_taken":0.0,"relics_obtained":["WarpedTongs"],"cards_obtained":["Pain"]},{"damage_healed":0.0,"max_hp_gain":0.0,"max_hp_loss":0.0,"gold_gain":0.0,"cards_transformed":["Strike_R","Strike_R"],"event_name":"Drug Dealer","player_choice":"Became Test Subject","floor":20.0,"gold_loss":0.0,"damage_taken":0.0,"cards_obtained":["Armaments","Bludgeon"]},{"damage_healed":0.0,"max_hp_gain":0.0,"max_hp_loss":0.0,"gold_gain":0.0,"event_name":"Vampires","player_choice":"Ignored","floor":21.0,"gold_loss":0.0,"damage_taken":0.0},{"damage_healed":0.0,"max_hp_gain":0.0,"max_hp_loss":0.0,"gold_gain":0.0,"event_name":"Addict","player_choice":"Stole Relic","floor":29.0,"gold_loss":0.0,"damage_taken":0.0,"relics_obtained":["Shovel"],"cards_obtained":["Shame"]},{"damage_healed":0,"gold_gain":0,"player_choice":"1 cards matched","damage_taken":0,"max_hp_gain":0,"max_hp_loss":0,"event_name":"Match and Keep!","floor":30,"gold_loss":0,"cards_obtained":["Seeing Red"]},{"damage_healed":0,"gold_gain":0,"player_choice":"Upgraded Two","damage_taken":0,"max_hp_gain":0,"max_hp_loss":0,"event_name":"Designer","floor":31,"gold_loss":40,"cards_upgraded":["Burning Pact","Defend_R"]},{"damage_healed":0,"gold_gain":0,"player_choice":"Memory 1","damage_taken":0,"max_hp_gain":0,"max_hp_loss":0,"event_name":"SensoryStone","floor":36,"gold_loss":0},{"damage_healed":0,"gold_gain":0,"player_choice":"Ignored","damage_taken":0,"max_hp_gain":0,"max_hp_loss":0,"event_name":"Tomb of Lord Red Mask","floor":37,"gold_loss":0}],"is_beta":false,"boss_relics":[{"not_picked":["Runic Pyramid","Coffee Dripper"],"picked":"Astrolabe"},{"not_picked":["Runic Cube","Black Blood"],"picked":"Fusion Hammer"}],"items_purged_floors":[10,19,39],"is_endless":false,"potions_floor_spawned":[1,7,16,22,33,35,40,48],"ascension_level":0}