{"gold_per_floor":[111,122,136,147,162,189,208,208,276,201,201,217,236,248,248,353,353,365,24,25,25,44,75,175,195,195,211,229,49,65,82,82,185,185,204,217,267,279,279,279,18,30,30,1,16,30,30,40,40,40],"floor_reached":51,"playtime":6258,"items_purged":["Strike_G","Strike_G","Strike_G"],"score":683,"play_id":"caf8f55f-f7de-4a1d-baa6-ae9d897e5ffd","local_time":"20190901173618","is_ascension_mode":false,"campfire_choices":[{"data":"Adrenaline","floor":8,"key":"SMITH"},{"data":"Neutralize","floor":11,"key":"SMITH"},{"data":"Well Laid Plans","floor":15,"key":"SMITH"},{"floor":32,"key":"REST"},{"floor":40,"key":"REST"},{"data":"Catalyst","floor":47,"key":"SMITH"},{"data":"Escape Plan","floor":49,"key":"SMITH"}],"neow_cost":"NONE","seed_source_timestamp":1615541131148748,"circlet_count":0,"master_deck":["Strike_G","Defend_G+1","Defend_G","Defend_G","Defend_G","Defend_G+1","Survivor","Neutralize+1","Adrenaline+1","Deflect","Dash","Dagger Throw","Well Laid Plans+1","PiercingWail","Malaise","Sucker Punch","Heel Hook","Deadly Poison+1","Deadly Poison","Master of Strategy","Noxious Fumes+1","Catalyst+1","Backflip+1","Bane","Escape Plan+1","Noxious Fumes"],"relics":["Ring of the Snake","War Paint","Gremlin Horn","Lizard Tail","Singing Bowl","The Courier","TwistedFunnel","Runic Pyramid","Nunchaku","Lee\u0027s Waffle","Bottled Flame"],"potions_floor_usage":[20,27,33,35,36,50,50,50],"damage_taken":[{"damage":0,"enemies":"2 Louse","floor":1,"turns":4},{"damage":2,"enemies":"Jaw Worm","floor":2,"turns":5},{"damage":0,"enemies":"Cultist","floor":3,"turns":4},{"damage":9,"enemies":"Lots of Slimes","floor":4,"turns":6},{"damage":0,"enemies":"Looter","floor":5,"turns":4},{"damage":25,"enemies":"Lagavulin","floor":6,"turns":9},{"damage":1,"enemies":"2 Fungi Beasts","floor":7,"turns":5},{"damage":0,"enemies":"Red Slaver","floor":12,"turns":4},{"damage":0,"enemies":"Looter","floor":13,"turns":3},{"damage":0,"enemies":"Gremlin Gang","floor":14,"turns":5},{"damage":7,"enemies":"The Guardian","floor":16,"turns":20},{"damage":0,"enemies":"Shell Parasite","floor":18,"turns":9},{"damage":0,"enemies":"2 Thieves","floor":20,"turns":4},{"damage":6,"enemies":"Snake Plant","floor":22,"turns":5},{"damage":5,"enemies":"Book of Stabbing","floor":23,"turns":7},{"damage":10,"enemies":"Centurion and Healer","floor":25,"turns":8},{"damage":19,"enemies":"Shelled Parasite and Fungi","floor":27,"turns":8},{"damage":11,"enemies":"Sentry and Sphere","floor":28,"turns":6},{"damage":0,"enemies":"Snecko","floor":30,"turns":5},{"damage":0,"enemies":"Snake Plant","floor":31,"turns":5},{"damage":44,"enemies":"Automaton","floor":33,"turns":12},{"damage":0,"enemies":"3 Shapes","floor":35,"turns":6},{"damage":4,"enemies":"3 Darklings","floor":36,"turns":6},{"damage":67,"enemies":"2 Orb Walkers","floor":37,"turns":6},{"damage":43,"enemies":"Writhing Mass","floor":38,"turns":5},{"damage":1,"enemies":"Sphere and 2 Shapes","floor":42,"turns":8},{"damage":3,"enemies":"Maw","floor":45,"turns":7},{"damage":6,"enemies":"3 Darklings","floor":46,"turns":6},{"damage":0,"enemies":"4 Shapes","floor":48,"turns":4},{"damage":58,"enemies":"Donu and Deca","floor":50,"turns":11}],"seed_played":"-6384154087209772608","potions_obtained":[{"floor":2,"key":"Regen Potion"},{"floor":6,"key":"AttackPotion"},{"floor":7,"key":"Explosive Potion"},{"floor":14,"key":"SkillPotion"},{"floor":23,"key":"PowerPotion"},{"floor":25,"key":"Explosive Potion"},{"floor":31,"key":"Ancient Potion"},{"floor":35,"key":"EssenceOfSteel"},{"floor":37,"key":"SpeedPotion"},{"floor":42,"key":"Poison Potion"},{"floor":45,"key":"Energy Potion"},{"floor":46,"key":"GamblersBrew"}],"is_trial":false,"path_per_floor":["M","M","M","M","M","E","M","R","T","$","R","M","M","M","R","B",null,"M","$","M","?","M","E","?","M","T","M","M","$","M","M","R","B",null,"M","M","?","M","?","R","$","M","T","$","M","M","R","M","R","B",null],"character_chosen":"THE_SILENT","items_purchased":["Deadly Poison","Master of Strategy","TwistedFunnel","Bane","Lee\u0027s Waffle","Noxious Fumes"],"campfire_rested":2,"item_purchase_floors":[19,19,29,29,41,44],"current_hp_per_floor":[70,68,68,59,59,34,33,33,33,33,33,33,33,33,33,26,70,70,70,70,57,51,48,48,38,38,31,22,22,24,24,48,6,83,85,83,18,26,26,53,98,99,99,99,98,94,94,96,96,38],"gold":40,"neow_bonus":"ONE_RANDOM_RARE_CARD","is_prod":false,"is_daily":false,"chose_seed":false,"campfire_upgraded":5,"win_rate":0,"timestamp":1567352178,"path_taken":["M","M","M","M","M","E","M","R","T","$","R","M","M","M","R","BOSS","M","$","M","?","M","E","?","?","T","M","?","$","M","M","R","BOSS","M","M","?","M","?","R","$","M","T","$","M","M","R","M","R","BOSS"],"build_version":"2019-07-17","purchased_purges":3,"victory":true,"max_hp_per_floor":[70,70,70,70,70,70,70,70,70,70,70,70,70,70,70,70,70,70,70,70,75,75,77,77,77,77,77,79,79,81,81,81,83,83,85,87,89,91,91,91,98,100,100,100,102,104,104,106,106,106],"card_choices":[{"not_picked":["Slice","Outmaneuver"],"picked":"Deflect","floor":1},{"not_picked":["Accuracy","Underhanded Strike"],"picked":"Dash","floor":2},{"not_picked":["Dodge and Roll","Outmaneuver"],"picked":"Dagger Throw","floor":3},{"not_picked":["Prepared","Bane"],"picked":"Well Laid Plans","floor":4},{"not_picked":["Bouncing Flask","Heel Hook"],"picked":"PiercingWail","floor":5},{"not_picked":["Poisoned Stab","Riddle With Holes"],"picked":"Malaise","floor":6},{"not_picked":["Bane","Quick Slash","Terror"],"picked":"SKIP","floor":7},{"not_picked":["Flying Knee","Poisoned Stab","Well Laid Plans"],"picked":"SKIP","floor":12},{"not_picked":["Outmaneuver","Cloak And Dagger"],"picked":"Sucker Punch","floor":13},{"not_picked":["PiercingWail","Dagger Throw"],"picked":"Heel Hook","floor":14},{"not_picked":["Blade Dance","PiercingWail"],"picked":"Deadly Poison+1","floor":18},{"not_picked":["Outmaneuver","Flying Knee","Slice"],"picked":"SKIP","floor":20},{"not_picked":["Deadly Poison","Terror"],"picked":"Noxious Fumes+1","floor":22},{"not_picked":["Outmaneuver","PiercingWail","Poisoned Stab"],"picked":"Singing Bowl","floor":23},{"not_picked":["Slice","Infinite Blades"],"picked":"Catalyst","floor":25},{"not_picked":["Acrobatics+1","Backstab"],"picked":"Backflip+1","floor":27},{"not_picked":["Deadly Poison+1","A Thousand Cuts","Leg Sweep"],"picked":"Singing Bowl","floor":28},{"not_picked":["Choke","Backflip+1","Masterful Stab"],"picked":"Singing Bowl","floor":30},{"not_picked":["Distraction","Bane"],"picked":"Escape Plan","floor":31},{"not_picked":["Malaise","Wraith Form v2","Grand Finale"],"picked":"Singing Bowl","floor":33},{"not_picked":["Underhanded Strike+1","Dagger Spray","Quick Slash+1"],"picked":"Singing Bowl","floor":35},{"not_picked":["Flechettes","Backflip","Underhanded Strike"],"picked":"Singing Bowl","floor":36},{"not_picked":["Dodge and Roll","Dash+1","Infinite Blades"],"picked":"Singing Bowl","floor":37},{"not_picked":["Deadly Poison+1","PiercingWail+1","Expertise"],"picked":"Singing Bowl","floor":38},{"not_picked":["Cloak And Dagger","Poisoned Stab","Bane+1"],"picked":"Singing Bowl","floor":42},{"not_picked":["Choke+1","Caltrops+1","Expertise+1"],"picked":"Singing Bowl","floor":45},{"not_picked":["Finisher+1","Dagger Spray","Blade Dance+1"],"picked":"Singing Bowl","floor":46},{"not_picked":["Expertise","Die Die Die","Setup+1"],"picked":"Singing Bowl","floor":48}],"player_experience":125206,"relics_obtained":[{"floor":6,"key":"War Paint"},{"floor":9,"key":"Gremlin Horn"},{"floor":23,"key":"Singing Bowl"},{"floor":26,"key":"The Courier"},{"floor":37,"key":"Nunchaku"},{"floor":43,"key":"Bottled Flame"}],"event_choices":[{"damage_healed":0,"gold_gain":0,"player_choice":"Shed Blood","damage_taken":18,"max_hp_gain":5,"max_hp_loss":0,"event_name":"Forgotten Altar","floor":21,"gold_loss":0},{"damage_healed":0,"gold_gain":100,"player_choice":"Pray","damage_taken":0,"max_hp_gain":0,"max_hp_loss":0,"event_name":"Golden Shrine","floor":24,"gold_loss":0},{"damage_healed":0,"gold_gain":0,"player_choice":"Fight","damage_taken":0,"max_hp_gain":0,"max_hp_loss":0,"event_name":"Mysterious Sphere","floor":37,"gold_loss":0},{"cards_removed":["Strike_G"],"damage_healed":0,"gold_gain":0,"player_choice":"Purged","damage_taken":0,"max_hp_gain":0,"max_hp_loss":0,"event_name":"Purifier","floor":39,"gold_loss":0}],"is_beta":false,"boss_relics":[{"not_picked":["Fusion Hammer","Ectoplasm"],"picked":"Lizard Tail"},{"not_picked":["Snecko Eye","Coffee Dripper"],"picked":"Runic Pyramid"}],"items_purged_floors":[10,19,41],"is_endless":false,"potions_floor_spawned":[2,4,6,7,14,23,25,31,35,37,42,45,46],"ascension_level":0}