{"gold_per_floor":[113,22,40,52,69,94,94,125,201,201,201,215,235,246,246,344,344,360,372,372,65,75,75,2,21,21,40,40,0,18,18,18,114,114,124,1123,1123,1123,1141,1141],"floor_reached":40,"playtime":1849,"items_purged":["Strike_B"],"score":425,"play_id":"fd4d5de5-96b1-46dd-ae44-d106d93c0f74","local_time":"20181007175555","is_ascension_mode":false,"campfire_choices":[{"data":"Zap","floor":7.0,"key":"SMITH"},{"floor":10.0,"key":"REST"},{"data":"Static Discharge","floor":15.0,"key":"SMITH"},{"data":"Creative AI","floor":23.0,"key":"SMITH"},{"floor":32.0,"key":"REST"}],"neow_cost":"NONE","seed_source_timestamp":606362198447329,"circlet_count":0,"master_deck":["Strike_B","Strike_B","Strike_B","Defend_B","Defend_B","Defend_B","Defend_B","Zap+1","Dualcast","Conserve Battery","Capacitor","Streamline+1","Conserve Battery","Steam","Doom and Gloom","Static Discharge+1","Go for the Eyes","BootSequence","Cold Snap","Core Surge","Leap","Stack","Creative AI+1","Reinforced Body","Defragment+1","Coolheaded","Biased Cognition","Sunder+1","Go for the Eyes+1"],"special_seed":0,"relics":["FrozenCore","Ancient Tea Set","Orichalcum","Dead Branch","Matryoshka","Runic Dome","Anchor","Omamori","Boot"],"potions_floor_usage":[40],"damage_taken":[{"damage":1.0,"enemies":"Cultist","floor":1.0,"turns":4.0},{"damage":1.0,"enemies":"Small Slimes","floor":3.0,"turns":2.0},{"damage":1.0,"enemies":"Jaw Worm","floor":4.0,"turns":3.0},{"damage":3.0,"enemies":"Looter","floor":5.0,"turns":3.0},{"damage":24.0,"enemies":"Lagavulin","floor":6.0,"turns":8.0},{"damage":23.0,"enemies":"Gremlin Nob","floor":8.0,"turns":4.0},{"damage":0.0,"enemies":"Exordium Wildlife","floor":12.0,"turns":3.0},{"damage":0.0,"enemies":"2 Fungi Beasts","floor":13.0,"turns":3.0},{"damage":0.0,"enemies":"Blue Slaver","floor":14.0,"turns":3.0},{"damage":10.0,"enemies":"The Guardian","floor":16.0,"turns":11.0},{"damage":8.0,"enemies":"2 Thieves","floor":18.0,"turns":2.0},{"damage":7.0,"enemies":"3 Byrds","floor":19.0,"turns":4.0},{"damage":7.0,"enemies":"Centurion and Healer","floor":22.0,"turns":10.0},{"damage":12.0,"enemies":"3 Cultists","floor":25.0,"turns":5.0},{"damage":15.0,"enemies":"Chosen and Byrds","floor":27.0,"turns":6.0},{"damage":21.0,"enemies":"Snecko","floor":30.0,"turns":5.0},{"damage":27.0,"enemies":"Automaton","floor":33.0,"turns":13.0},{"damage":8.0,"enemies":"Orb Walker","floor":35.0,"turns":6.0},{"damage":0.0,"enemies":"3 Shapes","floor":39.0,"turns":5.0},{"damage":54,"enemies":"2 Orb Walkers","floor":40,"turns":7}],"seed_played":"-8391778730652876779","potions_obtained":[{"floor":3.0,"key":"Swift Potion"},{"floor":5.0,"key":"FairyPotion"},{"floor":13.0,"key":"Strength Potion"},{"floor":14.0,"key":"Explosive Potion"},{"floor":39.0,"key":"Explosive Potion"}],"is_trial":false,"path_per_floor":["M","$","M","M","M","E","R","E","T","R","?","M","M","M","R","B",null,"M","M","?","$","M","R","$","M","T","M","$","?","M","?","R","B",null,"M","?","?","?","M"],"character_chosen":"DEFECT","items_purchased":["Capacitor","Streamline","Anchor","Creative AI","FocusPotion"],"campfire_rested":2,"item_purchase_floors":[2,2,21,21,24],"current_hp_per_floor":[74,74,73,72,69,45,45,22,22,44,44,44,44,44,44,34,75,67,60,60,60,53,53,53,41,41,26,26,26,5,7,29,2,75,67,67,67,67,67,13],"gold":1141,"neow_bonus":"RANDOM_COMMON_RELIC","is_prod":false,"is_daily":false,"chose_seed":false,"campfire_upgraded":3,"win_rate":1,"timestamp":1538902555,"path_taken":["M","$","M","?","M","E","R","E","T","R","?","?","?","M","R","BOSS","M","M","?","$","M","R","$","M","T","M","?","?","?","?","R","BOSS","M","?","?","?","M","E"],"build_version":"2018-10-04v2","purchased_purges":1,"victory":false,"max_hp_per_floor":[75,75,75,75,75,75,75,75,75,75,75,75,75,75,75,75,75,75,75,75,75,75,75,75,75,75,75,75,75,75,75,75,75,75,75,75,75,75,75,75],"card_choices":[{"not_picked":["Stack","Chaos"],"picked":"Conserve Battery","floor":1.0},{"not_picked":["Turbo","Storm"],"picked":"Compile Driver","floor":3.0},{"not_picked":["Auto Shields","Doom and Gloom"],"picked":"Conserve Battery","floor":4.0},{"not_picked":["Lockon","Compile Driver"],"picked":"Steam","floor":5.0},{"not_picked":["Conserve Battery","Turbo"],"picked":"Doom and Gloom","floor":6.0},{"not_picked":["Force Field","Turbo"],"picked":"Static Discharge","floor":8.0},{"not_picked":["Heatsinks","Stack"],"picked":"Go for the Eyes","floor":12.0},{"not_picked":["Thunder Strike","Reprogram"],"picked":"BootSequence","floor":13.0},{"not_picked":["Ball Lightning","Turbo"],"picked":"Cold Snap","floor":14.0},{"not_picked":["Hyperbeam","Fission"],"picked":"Core Surge","floor":16.0},{"not_picked":["Gash+1","Tempest+1"],"picked":"Leap","floor":18.0},{"not_picked":["Sweeping Beam+1","Ball Lightning"],"picked":"Stack","floor":19.0},{"not_picked":["Chaos","Rebound+1"],"picked":"Reinforced Body","floor":22.0},{"not_picked":["White Noise","Redo","Sweeping Beam"],"picked":"SKIP","floor":25.0},{"not_picked":["Force Field","Tempest"],"picked":"Defragment","floor":27.0},{"not_picked":["Sweeping Beam","Ball Lightning"],"picked":"Coolheaded","floor":30.0},{"not_picked":["Machine Learning","Hyperbeam"],"picked":"Biased Cognition","floor":33.0},{"not_picked":["Rebound+1","Cold Snap"],"picked":"Sunder+1","floor":35.0},{"not_picked":["Coolheaded+1","Undo+1"],"picked":"Go for the Eyes+1","floor":39.0}],"player_experience":143481,"relics_obtained":[{"floor":6.0,"key":"Orichalcum"},{"floor":8.0,"key":"Dead Branch"},{"floor":9.0,"key":"Matryoshka"},{"floor":26.0,"key":"Omamori"},{"floor":26.0,"key":"Boot"}],"event_choices":[{"event_name":"Accursed Blacksmith","player_choice":"Forge","floor":11.0,"damage_taken":0.0},{"event_name":"Ghosts","player_choice":"Ignored","floor":20.0,"damage_taken":0.0},{"event_name":"Masked Bandits","player_choice":"Paid Fearfully","floor":29.0,"damage_taken":0.0},{"event_name":"Wheel of Change","player_choice":"Damage","floor":31.0,"damage_taken":0.0},{"event_name":"MindBloom","player_choice":"Gold","floor":36.0,"damage_taken":0.0},{"event_name":"Falling","player_choice":"Removed Attack","floor":37.0,"damage_taken":0.0},{"event_name":"Upgrade Shrine","player_choice":"Upgraded","floor":38.0,"damage_taken":0.0}],"is_beta":false,"boss_relics":[{"not_picked":["White Beast Statue","Philosopher\u0027s Stone"],"picked":"Runic Dome"},{"not_picked":["Inserter","Astrolabe"],"picked":"FrozenCore"}],"items_purged_floors":[21],"is_endless":false,"potions_floor_spawned":[3,5,13,14,16,18,30,39],"killed_by":"2 Orb Walkers","ascension_level":0}