{"gold_per_floor":[10,22,35,49,65,95,95,95,95,121,134,147,163,163,163,260,260,273,273,288,298,298,298,308,308],"floor_reached":25,"playtime":2119,"items_purged":[],"score":244,"play_id":"1b26b523-710f-4927-8df9-8cdcfa85bb3e","local_time":"20190831203315","is_ascension_mode":false,"campfire_choices":[{"floor":8,"key":"REST"},{"data":"Perfected Strike","floor":15,"key":"SMITH"},{"floor":23,"key":"REST"}],"neow_cost":"NO_GOLD","seed_source_timestamp":629641115263425,"circlet_count":0,"master_deck":["Strike_R","Strike_R","Strike_R","Strike_R","Strike_R","Defend_R","Defend_R","Defend_R","Defend_R","Bash","Shrug It Off+1","Wild Strike","Pommel Strike","Shrug It Off","Perfected Strike+1","Headbutt","Limit Break+1","Iron Wave","Armaments+1","Immolate","Armaments+1","Flame Barrier+1","Iron Wave","Entrench+1"],"relics":["Burning Blood","Toxic Egg 2","Ginger","Sundial","White Beast Statue","Enchiridion"],"potions_floor_usage":[11,13,16,18,20,24],"damage_taken":[{"damage":0,"enemies":"Small Slimes","floor":1,"turns":3},{"damage":2,"enemies":"2 Louse","floor":2,"turns":3},{"damage":0,"enemies":"Cultist","floor":3,"turns":3},{"damage":21,"enemies":"3 Louse","floor":4,"turns":3},{"damage":20,"enemies":"Exordium Wildlife","floor":5,"turns":4},{"damage":35,"enemies":"Gremlin Nob","floor":6,"turns":5},{"damage":12,"enemies":"3 Sentries","floor":10,"turns":11},{"damage":0,"enemies":"Red Slaver","floor":11,"turns":3},{"damage":14,"enemies":"2 Fungi Beasts","floor":12,"turns":3},{"damage":0,"enemies":"Large Slime","floor":13,"turns":4},{"damage":40,"enemies":"The Guardian","floor":16,"turns":17},{"damage":16,"enemies":"Chosen","floor":18,"turns":5},{"damage":30,"enemies":"Spheric Guardian","floor":20,"turns":6},{"damage":29,"enemies":"Centurion and Healer","floor":21,"turns":7},{"damage":45,"enemies":"Shelled Parasite and Fungi","floor":24,"turns":8},{"damage":13,"enemies":"Cultist and Chosen","floor":25,"turns":5}],"seed_played":"4092749728409304129","potions_obtained":[{"floor":2,"key":"Ancient Potion"},{"floor":10,"key":"Strength Potion"},{"floor":11,"key":"Dexterity Potion"},{"floor":12,"key":"SteroidPotion"},{"floor":18,"key":"Explosive Potion"},{"floor":20,"key":"Ancient Potion"},{"floor":21,"key":"Fire Potion"},{"floor":24,"key":"Explosive Potion"}],"is_trial":false,"path_per_floor":["M","M","M","M","M","E","?","R","T","E","M","M","M","?","R","B",null,"M","?","M","M","?","R","M","M"],"character_chosen":"IRONCLAD","items_purchased":[],"campfire_rested":2,"item_purchase_floors":[],"current_hp_per_floor":[96,96,96,81,67,38,38,66,66,60,66,58,64,64,64,30,96,86,70,46,23,23,51,12,0],"gold":308,"neow_bonus":"TWENTY_PERCENT_HP_BONUS","is_prod":false,"is_daily":false,"chose_seed":false,"campfire_upgraded":1,"win_rate":0.0,"timestamp":1567301595,"path_taken":["M","M","M","M","M","E","?","R","T","E","M","M","M","?","R","BOSS","M","?","M","M","?","R","M","M"],"build_version":"2019-07-17","purchased_purges":0,"victory":false,"max_hp_per_floor":[96,96,96,96,96,96,96,96,96,96,96,96,96,96,96,96,96,96,96,96,96,96,96,96,96],"card_choices":[{"not_picked":["Havoc","Warcry"],"picked":"Shrug It Off","floor":1},{"not_picked":["Anger","Second Wind"],"picked":"Wild Strike","floor":2},{"not_picked":["Anger","Carnage"],"picked":"Pommel Strike","floor":3},{"not_picked":["Heavy Blade","Power Through"],"picked":"Shrug It Off","floor":4},{"not_picked":["Dropkick","Bloodletting"],"picked":"Perfected Strike","floor":5},{"not_picked":["Whirlwind","Anger"],"picked":"Headbutt","floor":6},{"not_picked":["Intimidate+1","Wild Strike"],"picked":"Limit Break+1","floor":10},{"not_picked":["Wild Strike","Clothesline"],"picked":"Iron Wave","floor":11},{"not_picked":["Sword Boomerang","Clothesline"],"picked":"Armaments+1","floor":12},{"not_picked":["Wild Strike","Clash","Havoc+1"],"picked":"SKIP","floor":13},{"not_picked":["Double Tap+1","Feed"],"picked":"Immolate","floor":16},{"not_picked":["True Grit+1","Clothesline"],"picked":"Armaments+1","floor":18},{"not_picked":["Iron Wave","Twin Strike+1"],"picked":"Flame Barrier+1","floor":20},{"not_picked":["Rupture","Second Wind+1"],"picked":"Iron Wave","floor":21},{"not_picked":["Berserk","Warcry+1"],"picked":"Entrench+1","floor":24}],"player_experience":52847,"relics_obtained":[{"floor":6,"key":"Toxic Egg 2"},{"floor":9,"key":"Ginger"},{"floor":10,"key":"Sundial"},{"floor":19,"key":"Enchiridion"}],"event_choices":[{"damage_healed":0,"gold_gain":0,"player_choice":"Ignored","damage_taken":0,"max_hp_gain":0,"max_hp_loss":0,"event_name":"Golden Idol","floor":7,"gold_loss":0},{"damage_healed":0,"gold_gain":0,"player_choice":"Upgraded","damage_taken":0,"max_hp_gain":0,"max_hp_loss":0,"event_name":"Upgrade Shrine","floor":14,"gold_loss":0,"cards_upgraded":["Shrug It Off"]},{"damage_healed":0,"gold_gain":0,"player_choice":"Obtained Book","damage_taken":16,"max_hp_gain":0,"max_hp_loss":0,"event_name":"Cursed Tome","floor":19,"gold_loss":0},{"damage_healed":0,"gold_gain":0,"player_choice":"Ignored","damage_taken":0,"max_hp_gain":0,"max_hp_loss":0,"event_name":"Ghosts","floor":22,"gold_loss":0}],"is_beta":false,"boss_relics":[{"not_picked":["Astrolabe","Philosopher\u0027s Stone"],"picked":"White Beast Statue"}],"items_purged_floors":[],"is_endless":false,"potions_floor_spawned":[2,10,11,12,18,20,21,24],"killed_by":"Cultist and Chosen","ascension_level":0}