{"gold_per_floor":[110,110,33,44,60,60,86,86,109,144,144,173,187,205,205,308,308,328,112,112,127,145,145,176,190,213,224,224,244,244,308,308,412,412,429,449,749,761,777,777,61,61,61,61,92,112,125,125,125,125],"floor_reached":51,"playtime":8337,"items_purged":[],"score":845,"play_id":"7dc79397-1a96-4d74-9d2d-e34705e6757c","local_time":"20190716020534","is_ascension_mode":true,"campfire_choices":[{"data":"Static Discharge","floor":6,"key":"SMITH"},{"data":"Turbo","floor":8,"key":"SMITH"},{"data":"Defragment","floor":11,"key":"SMITH"},{"data":"Dualcast","floor":15,"key":"SMITH"},{"data":"Creative AI","floor":23,"key":"SMITH"},{"floor":28,"key":"REST"},{"data":"Multi-Cast","floor":32,"key":"SMITH"},{"data":"Self Repair","floor":40,"key":"SMITH"},{"data":"Secret Technique","floor":42,"key":"SMITH"},{"data":"Reinforced Body","floor":44,"key":"SMITH"},{"data":"Beam Cell","floor":49,"key":"SMITH"}],"neow_cost":"NONE","seed_source_timestamp":187628537392630,"circlet_count":0,"master_deck":["Strike_B+1","Strike_B+1","Strike_B+1","Strike_B+1","Defend_B+1","Defend_B+1","Defend_B+1","Defend_B+1","Zap","Dualcast+1","Static Discharge+1","Reinforced Body+1","Melter+1","White Noise","Ball Lightning","Turbo+1","Defragment+1","Leap","Beam Cell+1","Creative AI+1","Force Field","Self Repair+1","Cold Snap","Madness","Go for the Eyes+1","Hologram+1","Force Field","Tempest+1","Multi-Cast+1","Echo Form","Stack","Coolheaded+1","FTL+1","Secret Technique+1","PanicButton","Coolheaded+1","Parasite","Double Energy"],"relics":["FrozenCore","Blood Vial","Vajra","Pear","Whetstone","GremlinMask","Bag of Preparation","Pen Nib","Tiny Chest","Coffee Dripper","DataDisk","Lantern","Bronze Scales","Potion Belt"],"potions_floor_usage":[10,16,22,24,25,29,31,38,38,46,48,50,50,50,50],"damage_taken":[{"damage":9,"enemies":"2 Louse","floor":1,"turns":2},{"damage":2,"enemies":"Jaw Worm","floor":4,"turns":3},{"damage":0,"enemies":"Cultist","floor":5,"turns":4},{"damage":21,"enemies":"Lagavulin","floor":7,"turns":6},{"damage":14,"enemies":"Gremlin Nob","floor":10,"turns":4},{"damage":17,"enemies":"Lagavulin","floor":12,"turns":5},{"damage":0,"enemies":"Large Slime","floor":13,"turns":3},{"damage":7,"enemies":"Exordium Wildlife","floor":14,"turns":3},{"damage":15,"enemies":"The Guardian","floor":16,"turns":7},{"damage":16,"enemies":"3 Byrds","floor":18,"turns":4},{"damage":12,"enemies":"Chosen","floor":21,"turns":4},{"damage":0,"enemies":"Shelled Parasite and Fungi","floor":22,"turns":6},{"damage":19,"enemies":"Book of Stabbing","floor":24,"turns":6},{"damage":17,"enemies":"3 Cultists","floor":25,"turns":7},{"damage":20,"enemies":"Snake Plant","floor":27,"turns":4},{"damage":19,"enemies":"Shelled Parasite and Fungi","floor":29,"turns":7},{"damage":18,"enemies":"Slavers","floor":31,"turns":9},{"damage":36,"enemies":"Champ","floor":33,"turns":13},{"damage":23,"enemies":"3 Shapes","floor":35,"turns":4},{"damage":1,"enemies":"Orb Walker","floor":36,"turns":3},{"damage":10,"enemies":"Jaw Worm Horde","floor":38,"turns":5},{"damage":27,"enemies":"4 Shapes","floor":39,"turns":5},{"damage":13,"enemies":"Nemesis","floor":45,"turns":11},{"damage":5,"enemies":"Spire Growth","floor":46,"turns":6},{"damage":1,"enemies":"Writhing Mass","floor":47,"turns":8},{"damage":0,"enemies":"Maw","floor":48,"turns":1},{"damage":31,"enemies":"Awakened One","floor":50,"turns":18}],"seed_played":"6280505801552250355","potions_obtained":[{"floor":1,"key":"FearPotion"},{"floor":5,"key":"Regen Potion"},{"floor":7,"key":"FearPotion"},{"floor":13,"key":"SpeedPotion"},{"floor":21,"key":"EssenceOfSteel"},{"floor":24,"key":"Swift Potion"},{"floor":27,"key":"EssenceOfSteel"},{"floor":29,"key":"FearPotion"},{"floor":36,"key":"Swift Potion"},{"floor":39,"key":"Ancient Potion"},{"floor":45,"key":"FearPotion"},{"floor":46,"key":"Strength Potion"},{"floor":47,"key":"GamblersBrew"}],"is_trial":false,"path_per_floor":["M","?","$","M","M","R","E","R","T","E","R","E","M","M","R","B",null,"M","$","?","M","M","R","E","M","T","M","R","M","?","E","R","B",null,"M","M","?","M","M","R","$","R","T","R","E","M","M","M","R","B",null],"character_chosen":"DEFECT","items_purchased":["Melter","Self Repair","Cold Snap","Madness","DataDisk","Lantern","Secret Technique","PanicButton","Fire Potion","SmokeBomb"],"campfire_rested":1,"item_purchase_floors":[3,19,19,19,41,41,41,41,41,41],"current_hp_per_floor":[66,66,66,64,64,64,43,43,43,53,53,38,40,35,35,22,85,69,69,69,66,75,75,65,57,57,39,64,54,54,45,45,18,85,62,70,70,69,44,44,44,44,44,44,43,60,71,73,73,54],"gold":125,"neow_bonus":"THREE_CARDS","is_prod":false,"is_daily":false,"chose_seed":false,"campfire_upgraded":10,"win_rate":0,"timestamp":1563257134,"path_taken":["M","?","?","M","M","R","E","R","T","E","R","E","M","M","R","BOSS","M","$","?","?","M","R","E","M","T","M","R","M","?","E","R","BOSS","M","M","?","?","M","R","$","R","T","R","E","M","?","M","R","BOSS"],"build_version":"2019-07-05","purchased_purges":0,"victory":true,"max_hp_per_floor":[75,75,75,75,75,75,75,75,75,85,85,85,85,85,85,85,85,85,85,85,85,85,85,85,85,85,85,85,85,85,85,85,85,85,85,85,85,85,85,85,85,85,85,85,85,85,85,85,85,85],"card_choices":[{"not_picked":["Scrape","Stack"],"picked":"Static Discharge","floor":0},{"not_picked":["Barrage","Aggregate"],"picked":"Reinforced Body","floor":1},{"not_picked":["Chaos","Hologram"],"picked":"White Noise","floor":4},{"not_picked":["Barrage","Reprogram"],"picked":"Ball Lightning","floor":5},{"not_picked":["Static Discharge","Hologram"],"picked":"Turbo","floor":7},{"not_picked":["Fusion","Gash"],"picked":"Defragment","floor":10},{"not_picked":["Melter","Steam"],"picked":"Leap","floor":12},{"not_picked":["Darkness","Hyperbeam"],"picked":"Beam Cell","floor":13},{"not_picked":["Turbo","Redo","Barrage"],"picked":"SKIP","floor":14},{"not_picked":["Electrodynamics","Rainbow"],"picked":"Creative AI","floor":16},{"not_picked":["Stack","Storm"],"picked":"Force Field","floor":18},{"not_picked":["Compile Driver+1","Self Repair+1"],"picked":"Go for the Eyes+1","floor":21},{"not_picked":["Compile Driver","Leap+1"],"picked":"Hologram+1","floor":22},{"not_picked":["Auto Shields","Lockon","Reinforced Body"],"picked":"SKIP","floor":24},{"not_picked":["Cold Snap","Steam"],"picked":"Force Field","floor":25},{"not_picked":["Steam","Stack"],"picked":"Tempest+1","floor":27},{"not_picked":["Aggregate","Reinforced Body+1","Fusion"],"picked":"SKIP","floor":29},{"not_picked":["Steam","Hologram"],"picked":"Multi-Cast","floor":31},{"not_picked":["Creative AI","Core Surge"],"picked":"Echo Form","floor":33},{"not_picked":["Leap","Lockon"],"picked":"Stack","floor":35},{"not_picked":["Conserve Battery+1","Turbo"],"picked":"Coolheaded+1","floor":36},{"not_picked":["Barrage+1","Gash","Thunder Strike"],"picked":"SKIP","floor":38},{"not_picked":["Turbo+1","Sweeping Beam"],"picked":"FTL+1","floor":39},{"not_picked":["Cold Snap","Sweeping Beam"],"picked":"Coolheaded+1","floor":45},{"not_picked":["Rebound","Auto Shields","Aggregate"],"picked":"SKIP","floor":46},{"not_picked":["Blizzard","Skim"],"picked":"Double Energy","floor":47}],"player_experience":216608,"relics_obtained":[{"floor":7,"key":"Blood Vial"},{"floor":9,"key":"Vajra"},{"floor":10,"key":"Pear"},{"floor":12,"key":"Whetstone"},{"floor":24,"key":"Bag of Preparation"},{"floor":26,"key":"Pen Nib"},{"floor":31,"key":"Tiny Chest"},{"floor":43,"key":"Bronze Scales"},{"floor":45,"key":"Potion Belt"}],"event_choices":[{"damage_healed":0,"gold_gain":0,"player_choice":"Ignored","damage_taken":0,"max_hp_gain":0,"max_hp_loss":0,"event_name":"Liars Game","floor":2,"gold_loss":0},{"damage_healed":0,"gold_gain":0,"player_choice":"Trade","damage_taken":0,"relics_obtained":["GremlinMask"],"max_hp_gain":0,"max_hp_loss":0,"event_name":"FaceTrader","floor":20,"gold_loss":0},{"damage_healed":0,"gold_gain":0,"player_choice":"Simplicity","damage_taken":0,"max_hp_gain":0,"max_hp_loss":0,"event_name":"Back to Basics","floor":30,"gold_loss":0,"cards_upgraded":["Strike_B","Strike_B","Strike_B","Defend_B","Defend_B","Defend_B","Defend_B"]},{"damage_healed":0,"gold_gain":300,"player_choice":"Gold","damage_taken":0,"max_hp_gain":0,"max_hp_loss":0,"event_name":"Wheel of Change","floor":37,"gold_loss":0}],"is_beta":false,"boss_relics":[{"not_picked":["Lizard Tail","Fusion Hammer"],"picked":"FrozenCore"},{"not_picked":["Pandora\u0027s Box","Black Star"],"picked":"Coffee Dripper"}],"items_purged_floors":[],"is_endless":false,"potions_floor_spawned":[1,5,7,13,14,21,24,27,29,36,39,45,46,47],"ascension_level":3}