{"gold_per_floor":[113,113,130,140,140,140,172,189,189,189,201,534,534,553,553,658,658,669,11,24,41,41,76,89,89,171,190,220,220,232,244,244,344,344,360,34,0,12,26,51,51,83,110,110,140,150,250,267,267,267],"floor_reached":51,"playtime":8272,"items_purged":[],"score":1217,"play_id":"033ce906-a79c-4170-897a-cd48a68060ec","local_time":"20190727204932","is_ascension_mode":true,"campfire_choices":[{"data":"Zap","floor":6.0,"key":"SMITH"},{"data":"Recycle","floor":10.0,"key":"SMITH"},{"data":"Fission","floor":13.0,"key":"SMITH"},{"floor":15.0,"key":"REST"},{"data":"Seek","floor":25,"key":"SMITH"},{"data":"FTL","floor":29,"key":"SMITH"},{"data":"Dualcast","floor":32,"key":"SMITH"},{"data":"Defragment","floor":44,"key":"SMITH"},{"data":"Fusion","floor":49,"key":"SMITH"}],"neow_cost":"NONE","seed_source_timestamp":0,"circlet_count":0,"master_deck":["Zap+1","Dualcast+1","Finesse","Lockon","Cold Snap","Self Repair","FTL+1","Recycle+1","Sweeping Beam","Fission+1","Steam","Seek+1","Go for the Eyes+1","Echo Form","Reinforced Body+1","Scrape","Ghostly","Ghostly","Ghostly","Ghostly","Ghostly","Machine Learning","Compile Driver+1","Sunder+1","Sunder+1","Compile Driver+1","Go for the Eyes+1","Seek","Fusion+1","Glacier","Static Discharge","FTL+1","Leap","Defragment+1","Ball Lightning+1","Capacitor+1","Capacitor+1","Ball Lightning+1","White Noise+1","Leap+1"],"special_seed":0,"relics":["FrozenCore","FaceOfCleric","Art of War","Singing Bowl","Old Coin","Pantograph","Letter Opener","Potion Belt","Molten Egg 2","Bottled Lightning","Pandora\u0027s Box","OrangePellets","Tiny Chest","Red Mask","Sundial","Shuriken","Omamori","Pen Nib"],"potions_floor_usage":[21,39,42,42,42,50,50,50,50],"damage_taken":[{"damage":7.0,"enemies":"Small Slimes","floor":1.0,"turns":2.0},{"damage":0.0,"enemies":"Cultist","floor":3.0,"turns":2.0},{"damage":2.0,"enemies":"Jaw Worm","floor":4.0,"turns":3.0},{"damage":14.0,"enemies":"3 Sentries","floor":7.0,"turns":8.0},{"damage":17.0,"enemies":"Exordium Thugs","floor":8.0,"turns":4.0},{"damage":8.0,"enemies":"Large Slime","floor":11.0,"turns":6.0},{"damage":22.0,"enemies":"Lagavulin","floor":12.0,"turns":6.0},{"damage":1.0,"enemies":"3 Louse","floor":14.0,"turns":2.0},{"damage":55.0,"enemies":"Slime Boss","floor":16.0,"turns":13.0},{"damage":14,"enemies":"Shell Parasite","floor":18,"turns":12},{"damage":16,"enemies":"3 Byrds","floor":20,"turns":5},{"damage":16,"enemies":"Snake Plant","floor":21,"turns":6},{"damage":5,"enemies":"Gremlin Leader","floor":23,"turns":8},{"damage":0,"enemies":"Centurion and Healer","floor":24,"turns":7},{"damage":7,"enemies":"3 Cultists","floor":27,"turns":6},{"damage":0,"enemies":"Slavers","floor":28,"turns":4},{"damage":0,"enemies":"Shelled Parasite and Fungi","floor":30,"turns":4},{"damage":0,"enemies":"Snecko","floor":31,"turns":6},{"damage":36,"enemies":"Automaton","floor":33,"turns":11},{"damage":0,"enemies":"3 Darklings","floor":35,"turns":5},{"damage":2,"enemies":"3 Shapes","floor":38,"turns":5},{"damage":0,"enemies":"Jaw Worm Horde","floor":39,"turns":5},{"damage":0,"enemies":"Nemesis","floor":40,"turns":9},{"damage":6,"enemies":"Giant Head","floor":42,"turns":9},{"damage":0,"enemies":"Reptomancer","floor":45,"turns":7},{"damage":0,"enemies":"3 Darklings","floor":46,"turns":4},{"damage":0,"enemies":"Transient","floor":48,"turns":5},{"damage":3,"enemies":"Time Eater","floor":50,"turns":11}],"seed_played":"2296118967908156992","potions_obtained":[{"floor":4.0,"key":"SteroidPotion"},{"floor":7.0,"key":"Ancient Potion"},{"floor":12.0,"key":"Block Potion"},{"floor":20,"key":"Poison Potion"},{"floor":24,"key":"Poison Potion"},{"floor":27,"key":"Fire Potion"},{"floor":33,"key":"Block Potion"},{"floor":39,"key":"SkillPotion"},{"floor":42,"key":"SteroidPotion"},{"floor":45,"key":"Fire Potion"},{"floor":48,"key":"EssenceOfSteel"}],"is_trial":false,"path_per_floor":["M","?","M","M","?","R","E","M","T","R","M","E","R","M","R","B",null,"M","$","M","M","?","E","M","R","T","M","E","R","M","M","R","B",null,"M","$","?","M","M","E","?","E","T","R","E","M","?","M","R","B",null],"character_chosen":"DEFECT","items_purchased":["Echo Form","Pantograph","Letter Opener","OrangePellets","Tiny Chest"],"campfire_rested":1,"item_purchase_floors":[19,19,19,36,36],"current_hp_per_floor":[61,61,61,59,59,59,53,44,44,44,44,30,30,37,61,14,64,58,58,43,35,35,43,44,44,44,45,46,46,47,48,48,20,42,52,52,52,53,54,55,55,56,56,56,57,58,58,61,61,62],"gold":267,"neow_bonus":"RANDOM_COLORLESS","is_prod":false,"is_daily":false,"chose_seed":false,"campfire_upgraded":8,"win_rate":0,"timestamp":1564274972,"path_taken":["M","?","?","M","?","R","E","M","T","R","M","E","R","M","R","BOSS","M","$","M","M","?","E","M","R","T","M","E","R","M","M","R","BOSS","M","$","?","M","M","E","?","E","T","R","E","?","?","?","R","BOSS"],"build_version":"2019-07-17","purchased_purges":0,"victory":true,"max_hp_per_floor":[75,75,75,75,75,75,76,77,77,77,78,79,79,80,80,81,81,82,82,83,84,42,43,44,44,44,45,46,46,47,48,48,49,49,52,52,52,53,54,55,55,56,56,56,57,58,58,61,61,62],"card_choices":[{"not_picked":["Redo","Chaos"],"picked":"Lockon","floor":1.0},{"not_picked":["Stack","Barrage"],"picked":"Cold Snap","floor":3.0},{"not_picked":["Double Energy","Beam Cell"],"picked":"Self Repair","floor":4.0},{"not_picked":["Defragment","Hologram"],"picked":"FTL","floor":7.0},{"not_picked":["Tempest","Gash"],"picked":"Recycle","floor":8.0},{"not_picked":["Turbo","Gash"],"picked":"Sweeping Beam","floor":11.0},{"not_picked":["Hello World","Leap"],"picked":"Fission","floor":12.0},{"not_picked":["Reinforced Body","Turbo"],"picked":"Steam","floor":14.0},{"not_picked":["Amplify","Hyperbeam"],"picked":"Seek","floor":16.0},{"not_picked":["White Noise+1","Cold Snap"],"picked":"Go for the Eyes+1","floor":18},{"not_picked":["Leap","Redo"],"picked":"Reinforced Body+1","floor":20},{"not_picked":["Recycle","Beam Cell"],"picked":"Scrape","floor":21},{"not_picked":["Loop","Turbo"],"picked":"Machine Learning","floor":23},{"not_picked":["Streamline","Hologram"],"picked":"Compile Driver+1","floor":24},{"not_picked":["Conserve Battery","Cold Snap+1"],"picked":"Sunder+1","floor":27},{"not_picked":["BootSequence","Rip and Tear+1"],"picked":"Sunder+1","floor":28},{"not_picked":["Sweeping Beam+1","Darkness+1"],"picked":"Compile Driver+1","floor":30},{"not_picked":["Recycle","Glacier"],"picked":"Go for the Eyes+1","floor":31},{"not_picked":["Core Surge+1","Echo Form"],"picked":"Seek","floor":33},{"not_picked":["Go for the Eyes+1","Coolheaded+1","Storm+1"],"picked":"Singing Bowl","floor":35},{"not_picked":["Beam Cell+1","Gash+1"],"picked":"Ball Lightning+1","floor":38},{"not_picked":["FTL+1","Melter+1"],"picked":"Capacitor+1","floor":39},{"not_picked":["Streamline+1","Chaos"],"picked":"Capacitor+1","floor":40},{"not_picked":["Go for the Eyes+1","Machine Learning"],"picked":"Ball Lightning+1","floor":42},{"not_picked":["Sweeping Beam+1","Go for the Eyes+1"],"picked":"White Noise+1","floor":45},{"not_picked":["Cold Snap+1","Heatsinks+1"],"picked":"Leap+1","floor":46},{"not_picked":["Rip and Tear+1","Redo","Steam+1"],"picked":"Singing Bowl","floor":48}],"player_experience":344312,"relics_obtained":[{"floor":7.0,"key":"Art of War"},{"floor":9.0,"key":"Singing Bowl"},{"floor":12.0,"key":"Old Coin"},{"floor":23,"key":"Potion Belt"},{"floor":26,"key":"Molten Egg 2"},{"floor":28,"key":"Bottled Lightning"},{"floor":40,"key":"Sundial"},{"floor":42,"key":"Shuriken"},{"floor":43,"key":"Omamori"},{"floor":45,"key":"Pen Nib"}],"event_choices":[{"cards_removed":["Strike_B"],"damage_healed":0.0,"max_hp_gain":0.0,"max_hp_loss":0.0,"gold_gain":0.0,"event_name":"Purifier","player_choice":"Purged","floor":2.0,"gold_loss":0.0,"damage_taken":0.0},{"damage_healed":0.0,"max_hp_gain":0.0,"max_hp_loss":0.0,"gold_gain":0.0,"event_name":"FaceTrader","player_choice":"Trade","floor":5.0,"gold_loss":0.0,"damage_taken":0.0,"relics_obtained":["FaceOfCleric"]},{"damage_healed":0,"gold_gain":0,"player_choice":"Became a Ghost","damage_taken":0,"max_hp_gain":0,"max_hp_loss":42,"event_name":"Ghosts","floor":22,"gold_loss":0,"cards_obtained":["Ghostly","Ghostly","Ghostly","Ghostly","Ghostly"]},{"damage_healed":0,"gold_gain":0,"player_choice":"Paid","damage_taken":0,"relics_obtained":["Red Mask"],"max_hp_gain":0,"max_hp_loss":0,"event_name":"Tomb of Lord Red Mask","floor":37,"gold_loss":34},{"cards_removed":["Coolheaded"],"damage_healed":0,"gold_gain":0,"player_choice":"Purged","damage_taken":0,"max_hp_gain":0,"max_hp_loss":0,"event_name":"Purifier","floor":41,"gold_loss":0},{"damage_healed":0,"gold_gain":100,"player_choice":"Pray","damage_taken":0,"max_hp_gain":0,"max_hp_loss":0,"event_name":"Golden Shrine","floor":47,"gold_loss":0}],"is_beta":false,"boss_relics":[{"not_picked":["Snecko Eye","Ectoplasm"],"picked":"FrozenCore"},{"not_picked":["Busted Crown","Calling Bell"],"picked":"Pandora\u0027s Box"}],"items_purged_floors":[],"is_endless":false,"potions_floor_spawned":[4,7,12,20,24,27,33,39,42,45,48],"ascension_level":8}