{"gold_per_floor":[114,114,114,39,58,92,108,118,172,172,172,172,192,203,203,277,277,290,290,290],"floor_reached":20,"playtime":947,"items_purged":["Strike_B"],"score":338,"play_id":"da34dbaf-fedb-4219-9e54-d9f1bac50103","local_time":"20190801210600","is_ascension_mode":true,"campfire_choices":[{"data":"Zap","floor":10,"key":"SMITH"},{"data":"Hologram","floor":12,"key":"SMITH"},{"data":"Dualcast","floor":15,"key":"SMITH"}],"neow_cost":"NONE","seed_source_timestamp":21857645511520,"circlet_count":0,"master_deck":["AscendersBane","Strike_B","Strike_B","Strike_B","Defend_B","Defend_B","Defend_B","Defend_B","Zap+1","Dualcast+1","Meteor Strike","Cold Snap","Streamline","Coolheaded","Hologram+1","Capacitor","Buffer","Chill"],"relics":["Cracked Core","NeowsBlessing","Kunai","Smiling Mask","Inserter"],"potions_floor_usage":[13,16],"damage_taken":[{"damage":0,"enemies":"Small Slimes","floor":1,"turns":1},{"damage":0,"enemies":"Cultist","floor":5,"turns":1},{"damage":0,"enemies":"Lagavulin","floor":6,"turns":1},{"damage":2,"enemies":"2 Louse","floor":7,"turns":3},{"damage":14,"enemies":"2 Fungi Beasts","floor":8,"turns":3},{"damage":5,"enemies":"Looter","floor":13,"turns":3},{"damage":1,"enemies":"3 Louse","floor":14,"turns":3},{"damage":14,"enemies":"Slime Boss","floor":16,"turns":13},{"damage":22,"enemies":"Chosen","floor":18,"turns":7},{"damage":49,"enemies":"3 Byrds","floor":20,"turns":4}],"seed_played":"-5040178957404391655","potions_obtained":[{"floor":13,"key":"Fruit Juice"},{"floor":14,"key":"FocusPotion"},{"floor":18,"key":"Ancient Potion"}],"is_trial":false,"path_per_floor":["M","?","$","$","M","E","M","M","T","R","?","R","M","M","R","B",null,"M","?","M"],"character_chosen":"DEFECT","items_purchased":[],"campfire_rested":0,"item_purchase_floors":[],"current_hp_per_floor":[64,64,64,64,64,64,62,48,48,48,53,53,53,52,52,38,70,48,48,0],"gold":290,"neow_bonus":"THREE_ENEMY_KILL","is_prod":false,"is_daily":false,"chose_seed":false,"campfire_upgraded":3,"win_rate":0,"timestamp":1564661160,"path_taken":["M","?","?","$","M","E","M","M","T","R","?","R","M","M","R","BOSS","M","?","M"],"build_version":"2019-07-17","purchased_purges":1,"victory":false,"max_hp_per_floor":[71,71,71,71,71,71,71,71,71,71,76,76,81,81,81,81,81,81,81,81],"card_choices":[{"not_picked":["Sweeping Beam","Turbo","Conserve Battery"],"picked":"SKIP","floor":1},{"not_picked":["Static Discharge","Auto Shields"],"picked":"Streamline","floor":5},{"not_picked":["Aggregate","Go for the Eyes"],"picked":"Coolheaded","floor":6},{"not_picked":["Sweeping Beam","Stack","Tempest"],"picked":"SKIP","floor":7},{"not_picked":["Sweeping Beam","Stack"],"picked":"Hologram","floor":8},{"not_picked":["Lockon","Barrage"],"picked":"Capacitor","floor":13},{"not_picked":["Steam","Steam Power","Conserve Battery"],"picked":"SKIP","floor":14},{"not_picked":["Reboot","Rainbow"],"picked":"Buffer","floor":16},{"not_picked":["Hologram","Beam Cell"],"picked":"Chill","floor":18}],"player_experience":441221,"relics_obtained":[{"floor":6,"key":"Kunai"},{"floor":9,"key":"Smiling Mask"}],"event_choices":[{"damage_healed":0,"gold_gain":0,"player_choice":"2 cards matched","damage_taken":0,"max_hp_gain":0,"max_hp_loss":0,"event_name":"Match and Keep!","floor":2,"gold_loss":0,"cards_obtained":["Meteor Strike","Cold Snap"]},{"damage_healed":0,"gold_gain":0,"player_choice":"Donut","damage_taken":0,"max_hp_gain":5,"max_hp_loss":0,"event_name":"Big Fish","floor":11,"gold_loss":0},{"damage_healed":0,"gold_gain":0,"player_choice":"Ignored","damage_taken":0,"max_hp_gain":0,"max_hp_loss":0,"event_name":"Ghosts","floor":19,"gold_loss":0}],"is_beta":false,"boss_relics":[{"not_picked":["Cursed Key","Astrolabe"],"picked":"Inserter"}],"items_purged_floors":[4],"is_endless":false,"potions_floor_spawned":[13,14,18],"killed_by":"3 Byrds","ascension_level":14}