{"gold_per_floor":[111,127,127,127,41,72,97,97,121,121,29,45,62,85,85,183,183,194,211,224,204,5,340,340,352,352,352],"floor_reached":27,"playtime":2307,"items_purged":["Defend_B"],"score":231,"play_id":"a425b23c-3c2b-4147-986c-1b66b135a348","local_time":"20190829084200","is_ascension_mode":false,"campfire_choices":[{"data":"Zap","floor":8,"key":"SMITH"},{"floor":10,"key":"REST"},{"floor":15,"key":"REST"},{"floor":24,"key":"REST"}],"neow_cost":"TEN_PERCENT_HP_LOSS","seed_source_timestamp":51625466491173,"circlet_count":0,"master_deck":["Strike_B","Strike_B","Defend_B+1","Defend_B","Zap+1","Dualcast","Amplify","Sweeping Beam","Gash+1","Steam","Coolheaded","Loop","Leap","Ball Lightning","FTL","Coolheaded","Genetic Algorithm","Fusion","Echo Form","Double Energy","Force Field","Steam","Steam","Aggregate+1","Gash"],"relics":["Cracked Core","Pen Nib","Odd Mushroom","Smiling Mask","Black Star","Happy Flower","Prayer Wheel","Old Coin","Bronze Scales"],"potions_floor_usage":[16,23,23,25,27],"damage_taken":[{"damage":2,"enemies":"Jaw Worm","floor":1,"turns":5},{"damage":0,"enemies":"Small Slimes","floor":2,"turns":2},{"damage":21,"enemies":"3 Sentries","floor":6,"turns":7},{"damage":3,"enemies":"The Mushroom Lair","floor":7,"turns":4},{"damage":1,"enemies":"2 Louse","floor":12,"turns":3},{"damage":1,"enemies":"Blue Slaver","floor":13,"turns":3},{"damage":14,"enemies":"Slime Boss","floor":16,"turns":10},{"damage":3,"enemies":"Shell Parasite","floor":18,"turns":6},{"damage":10,"enemies":"Chosen","floor":19,"turns":6},{"damage":0,"enemies":"Snecko","floor":20,"turns":7},{"damage":54,"enemies":"Slavers","floor":23,"turns":8},{"damage":17,"enemies":"Sentry and Sphere","floor":25,"turns":6},{"damage":14,"enemies":"3 Cultists","floor":27,"turns":3}],"seed_played":"5196604675349452609","potions_obtained":[{"floor":2,"key":"Energy Potion"},{"floor":7,"key":"SmokeBomb"},{"floor":12,"key":"Fire Potion"},{"floor":20,"key":"AttackPotion"},{"floor":21,"key":"FairyPotion"},{"floor":23,"key":"GamblersBrew"},{"floor":25,"key":"PowerPotion"}],"is_trial":false,"path_per_floor":["M","M","?","?","$","E","?","R","T","R","$","M","M","T","R","B",null,"M","M","M","?","$","E","R","M","T","M"],"character_chosen":"DEFECT","items_purchased":["Coolheaded","Loop","FTL","Coolheaded","Happy Flower"],"campfire_rested":3,"item_purchase_floors":[5,5,11,11,22],"current_hp_per_floor":[66,66,52,45,45,24,21,21,21,41,41,40,39,39,59,45,68,65,55,55,55,55,1,21,4,4,0],"gold":352,"neow_bonus":"TRANSFORM_TWO_CARDS","is_prod":false,"is_daily":false,"chose_seed":false,"campfire_upgraded":1,"win_rate":0,"timestamp":1567082520,"path_taken":["M","M","?","?","$","E","?","R","T","R","?","?","M","?","R","BOSS","M","M","M","?","$","E","R","M","T","?"],"build_version":"2019-07-17","purchased_purges":1,"victory":false,"max_hp_per_floor":[68,68,68,68,68,68,68,68,68,68,68,68,68,68,68,68,68,68,68,68,68,68,68,68,68,68,68],"card_choices":[{"not_picked":["Steam","Coolheaded"],"picked":"Gash","floor":1},{"not_picked":["Beam Cell","Redo"],"picked":"Steam","floor":2},{"not_picked":["Hologram","Hello World"],"picked":"Leap","floor":6},{"not_picked":["Meteor Strike","Barrage"],"picked":"Ball Lightning","floor":7},{"not_picked":["BootSequence","Streamline"],"picked":"Genetic Algorithm","floor":12},{"not_picked":["Steam Power","Rebound"],"picked":"Fusion","floor":13},{"not_picked":["Hyperbeam","Seek"],"picked":"Echo Form","floor":16},{"not_picked":["Steam Power","Heatsinks"],"picked":"Double Energy","floor":18},{"not_picked":["Ball Lightning","Cold Snap"],"picked":"Force Field","floor":19},{"not_picked":["Aggregate","Heatsinks"],"picked":"Steam","floor":20},{"not_picked":["Go for the Eyes","Coolheaded"],"picked":"Steam","floor":23},{"not_picked":["Double Energy","Force Field"],"picked":"Aggregate+1","floor":25},{"not_picked":["Steam","Beam Cell"],"picked":"Gash","floor":25}],"player_experience":137699,"relics_obtained":[{"floor":6,"key":"Pen Nib"},{"floor":7,"key":"Odd Mushroom"},{"floor":14,"key":"Smiling Mask"},{"floor":23,"key":"Prayer Wheel"},{"floor":23,"key":"Old Coin"},{"floor":26,"key":"Bronze Scales"}],"event_choices":[{"damage_healed":0,"gold_gain":0,"player_choice":"Entered Light","damage_taken":14,"max_hp_gain":0,"max_hp_loss":0,"event_name":"Shining Light","floor":3,"gold_loss":0,"cards_upgraded":["Defend_B","Gash"]},{"cards_removed":["Defend_B"],"damage_healed":0,"gold_gain":0,"player_choice":"Card Removal","damage_taken":7,"max_hp_gain":0,"max_hp_loss":0,"event_name":"Golden Wing","floor":4,"gold_loss":0},{"damage_healed":0,"gold_gain":0,"player_choice":"Fought Mushrooms","damage_taken":0,"max_hp_gain":0,"max_hp_loss":0,"event_name":"Mushrooms","floor":7,"gold_loss":0},{"damage_healed":0,"gold_gain":0,"player_choice":"Bought 1 Potion","damage_taken":0,"max_hp_gain":0,"max_hp_loss":0,"event_name":"The Woman in Blue","floor":21,"gold_loss":0}],"is_beta":false,"boss_relics":[{"not_picked":["Fusion Hammer","Eternal Feather"],"picked":"Black Star"}],"items_purged_floors":[22],"is_endless":false,"potions_floor_spawned":[2,7,12,20,23,25],"killed_by":"3 Cultists","ascension_level":0}