{"gold_per_floor":[369,369,519,168,182,211,211,10,33,33,33,33,43,63,63,137,137,93,93,93,108,121,121,121,121,148,158,176,176,176,187,187,264,264,281,301,301,3,18,50,61,61,141,141,159,159,171,186,186,186],"floor_reached":50,"playtime":3494,"items_purged":["Doubt","Strike_B"],"score":973,"play_id":"41ea0504-e507-4daf-9cce-488cbad45b3d","local_time":"20190822022526","is_ascension_mode":true,"campfire_choices":[{"data":"Zap","floor":7.0,"key":"SMITH"},{"data":"Defragment","floor":10.0,"key":"SMITH"},{"data":"Rainbow","floor":12.0,"key":"SMITH"},{"data":"Hologram","floor":15,"key":"SMITH"},{"floor":23,"key":"REST"},{"data":"Loop","floor":25,"key":"SMITH"},{"data":"Dualcast","floor":30,"key":"SMITH"},{"data":"Coolheaded","floor":32,"key":"SMITH"},{"floor":42,"key":"REST"},{"floor":44,"key":"REST"},{"data":"Leap","floor":46,"key":"SMITH"},{"floor":49,"key":"REST"}],"neow_cost":"TEN_PERCENT_HP_LOSS","seed_source_timestamp":0,"circlet_count":0,"master_deck":["AscendersBane","Strike_B","Defend_B","Defend_B","Defend_B","Defend_B","Zap+1","Dualcast+1","White Noise","Leap+1","Loop+1","Leap+1","Defragment+1","Rainbow+1","Coolheaded+1","Hologram+1","All For One","Barrage+1","Defragment+1","Streamline","Stack","Coolheaded","Machine Learning","Gash+1","FTL","Cold Snap","Gash+1","Streamline+1"],"special_seed":0,"relics":["FrozenCore","Oddly Smooth Stone","Vajra","Blood Vial","Philosopher\u0027s Stone","PreservedInsect","Happy Flower","Mercury Hourglass","Dodecahedron"],"potions_floor_usage":[14,16,22,22,33,41],"damage_taken":[{"damage":1.0,"enemies":"Cultist","floor":1.0,"turns":3.0},{"damage":2.0,"enemies":"2 Louse","floor":5.0,"turns":2.0},{"damage":29.0,"enemies":"Lagavulin","floor":6.0,"turns":8.0},{"damage":0.0,"enemies":"Jaw Worm","floor":13.0,"turns":3.0},{"damage":0,"enemies":"Lots of Slimes","floor":14,"turns":2},{"damage":35,"enemies":"Hexaghost","floor":16,"turns":10},{"damage":31,"enemies":"2 Thieves","floor":18,"turns":5},{"damage":8,"enemies":"Spheric Guardian","floor":21,"turns":6},{"damage":10,"enemies":"Chosen and Byrds","floor":22,"turns":5},{"damage":3,"enemies":"Snecko","floor":27,"turns":4},{"damage":19,"enemies":"Centurion and Healer","floor":28,"turns":5},{"damage":5,"enemies":"Sentry and Sphere","floor":31,"turns":5},{"damage":43,"enemies":"Collector","floor":33,"turns":8},{"damage":13,"enemies":"3 Shapes","floor":35,"turns":5},{"damage":8,"enemies":"Orb Walker","floor":36,"turns":6},{"damage":0,"enemies":"Maw","floor":39,"turns":7},{"damage":17,"enemies":"Giant Head","floor":40,"turns":7},{"damage":17,"enemies":"3 Darklings","floor":41,"turns":6},{"damage":3,"enemies":"Writhing Mass","floor":45,"turns":7},{"damage":0,"enemies":"Maw","floor":47,"turns":6},{"damage":25,"enemies":"3 Darklings","floor":48,"turns":6},{"damage":51,"enemies":"Awakened One","floor":50,"turns":3}],"seed_played":"3844465283000149415","potions_obtained":[{"floor":1.0,"key":"Explosive Potion"},{"floor":6.0,"key":"Poison Potion"},{"floor":16,"key":"SkillPotion"},{"floor":18,"key":"Swift Potion"},{"floor":22,"key":"GamblersBrew"},{"floor":40,"key":"Dexterity Potion"},{"floor":41,"key":"Poison Potion"},{"floor":48,"key":"PowerPotion"}],"is_trial":false,"path_per_floor":["M","?","?","$","M","E","R","$","T","R","$","R","M","M","R","B",null,"M","$","?","M","M","R","?","R","T","M","M","?","R","M","R","B",null,"M","M","?","$","M","E","M","R","T","R","M","R","M","M","R","B"],"character_chosen":"DEFECT","items_purchased":["Oddly Smooth Stone","Leap","Loop","Defragment","Rainbow","Happy Flower","FTL"],"campfire_rested":4,"item_purchase_floors":[4,4,4,8,8,38,38],"current_hp_per_floor":[63,63,63,63,61,32,32,32,32,32,32,32,34,36,36,3,49,20,20,20,14,6,25,25,25,25,24,7,64,64,59,59,18,53,42,36,36,36,38,23,8,27,27,46,45,45,47,24,43,0],"gold":186,"neow_bonus":"TWO_FIFTY_GOLD","is_prod":false,"is_daily":false,"chose_seed":false,"campfire_upgraded":8,"win_rate":0,"timestamp":1566408326,"path_taken":["M","?","?","$","M","E","R","$","T","R","?","R","?","M","R","BOSS","M","$","?","M","?","R","?","R","T","M","M","?","R","?","R","BOSS","M","M","?","$","M","E","M","R","T","R","M","R","M","?","R","BOSS"],"build_version":"2019-07-17","purchased_purges":2,"victory":false,"max_hp_per_floor":[64,64,64,64,64,64,64,64,64,64,64,64,64,64,64,64,64,64,64,64,64,64,64,64,64,64,64,64,64,64,64,64,64,64,64,64,64,64,64,64,64,64,64,64,64,64,64,64,64,64],"card_choices":[{"not_picked":["Compile Driver","Storm"],"picked":"White Noise","floor":1.0},{"not_picked":["Heatsinks","Scrape","Steam Power"],"picked":"SKIP","floor":5.0},{"not_picked":["Recycle","Compile Driver"],"picked":"Leap","floor":6.0},{"not_picked":["Beam Cell","Conserve Battery"],"picked":"Coolheaded","floor":13.0},{"not_picked":["Loop","Streamline"],"picked":"Hologram","floor":14},{"not_picked":["Multi-Cast","Rainbow"],"picked":"All For One","floor":16},{"not_picked":["Recycle","Sweeping Beam"],"picked":"Barrage+1","floor":18},{"not_picked":["Hello World","Loop"],"picked":"Streamline","floor":21},{"not_picked":["Hologram","Sweeping Beam","Storm"],"picked":"SKIP","floor":22},{"not_picked":["Steam","Leap","Doom and Gloom"],"picked":"SKIP","floor":27},{"not_picked":["Static Discharge","Streamline","Barrage"],"picked":"SKIP","floor":28},{"not_picked":["Stack","Sweeping Beam"],"picked":"Coolheaded","floor":31},{"not_picked":["Buffer","Thunder Strike"],"picked":"Machine Learning","floor":33},{"not_picked":["Aggregate+1","Coolheaded","Consume"],"picked":"SKIP","floor":35},{"not_picked":["Barrage+1","Beam Cell"],"picked":"Gash+1","floor":36},{"not_picked":["FTL","Rebound","Coolheaded"],"picked":"SKIP","floor":39},{"not_picked":["Machine Learning","Redo","Coolheaded"],"picked":"SKIP","floor":40},{"not_picked":["Doom and Gloom","Stack"],"picked":"Cold Snap","floor":41},{"not_picked":["Ball Lightning","Steam"],"picked":"Gash+1","floor":45},{"not_picked":["Turbo","Redo","Ball Lightning"],"picked":"SKIP","floor":47},{"not_picked":["Steam+1","Buffer"],"picked":"Streamline+1","floor":48}],"player_experience":538578,"relics_obtained":[{"floor":6.0,"key":"Vajra"},{"floor":9.0,"key":"Blood Vial"},{"floor":26,"key":"PreservedInsect"},{"floor":40,"key":"Mercury Hourglass"},{"floor":43,"key":"Dodecahedron"}],"event_choices":[{"damage_healed":0.0,"max_hp_gain":0.0,"max_hp_loss":0.0,"gold_gain":0.0,"event_name":"Golden Idol","player_choice":"Ignored","floor":2.0,"gold_loss":0.0,"damage_taken":0.0},{"damage_healed":0.0,"max_hp_gain":0.0,"max_hp_loss":0.0,"gold_gain":150.0,"event_name":"Liars Game","player_choice":"AGREE","floor":3.0,"gold_loss":0.0,"damage_taken":0.0,"cards_obtained":["Doubt"]},{"damage_healed":0,"gold_gain":0,"player_choice":"Copied","damage_taken":0,"max_hp_gain":0,"max_hp_loss":0,"event_name":"Duplicator","floor":20,"gold_loss":0,"cards_obtained":["Defragment"]},{"damage_healed":0,"gold_gain":0,"cards_transformed":["Strike_B","Strike_B"],"player_choice":"Became Test Subject","damage_taken":0,"max_hp_gain":0,"max_hp_loss":0,"event_name":"Drug Dealer","floor":24,"gold_loss":0,"cards_obtained":["Stack","Scrape"]},{"cards_removed":["Scrape"],"damage_healed":57,"gold_gain":0,"player_choice":"Offered Uncommon","damage_taken":0,"max_hp_gain":0,"max_hp_loss":0,"event_name":"Bonfire Elementals","floor":29,"gold_loss":0},{"damage_healed":0,"gold_gain":0,"player_choice":"Upgraded","damage_taken":0,"max_hp_gain":0,"max_hp_loss":0,"event_name":"Upgrade Shrine","floor":37,"gold_loss":0,"cards_upgraded":["Leap"]}],"is_beta":false,"boss_relics":[{"not_picked":["Fusion Hammer","Black Star"],"picked":"Philosopher\u0027s Stone"},{"not_picked":["Busted Crown","Runic Pyramid"],"picked":"FrozenCore"}],"items_purged_floors":[4,38],"is_endless":false,"potions_floor_spawned":[1,6,13,16,18,22,40,41,48],"killed_by":"Awakened One","ascension_level":20}