{"gold_per_floor":[113,188,201,219,239,239,239,267,294,329,387,387],"floor_reached":12,"playtime":1769,"items_purged":[],"score":101,"play_id":"42c89e7b-c3e7-4135-aada-7089cdd66f1e","local_time":"20190712031755","is_ascension_mode":true,"campfire_choices":[{"data":"True Grit","floor":6,"key":"SMITH"}],"neow_cost":"NONE","seed_source_timestamp":121455832515481,"circlet_count":0,"master_deck":["Strike_R+1","Strike_R","Strike_R","Strike_R+1","Strike_R","Defend_R","Defend_R","Defend_R","Defend_R","Bash+1","Thunderclap","True Grit+1","Inflame","Body Slam","Flame Barrier","Spot Weakness","Dual Wield"],"relics":["Burning Blood","Oddly Smooth Stone","Juzu Bracelet","Whetstone","Potion Belt"],"potions_floor_usage":[8,10,11,11],"damage_taken":[{"damage":0,"enemies":"2 Louse","floor":1,"turns":3},{"damage":0,"enemies":"Cultist","floor":3,"turns":4},{"damage":14,"enemies":"Small Slimes","floor":4,"turns":4},{"damage":14,"enemies":"Blue Slaver","floor":5,"turns":3},{"damage":26,"enemies":"3 Sentries","floor":8,"turns":10},{"damage":37,"enemies":"Lagavulin","floor":10,"turns":13},{"damage":0,"enemies":"3 Sentries","floor":11,"turns":7},{"damage":30,"enemies":"Gremlin Nob","floor":12,"turns":3}],"seed_played":"-3018944453774944583","potions_obtained":[{"floor":5,"key":"PowerPotion"},{"floor":7,"key":"EssenceOfSteel"},{"floor":7,"key":"LiquidBronze"},{"floor":10,"key":"Fire Potion"}],"is_trial":false,"path_per_floor":["M","?","M","M","M","R","?","E","T","E","?","E"],"character_chosen":"IRONCLAD","items_purchased":[],"campfire_rested":0,"item_purchase_floors":[],"current_hp_per_floor":[80,69,75,67,59,59,59,39,39,8,14,0],"gold":387,"neow_bonus":"UPGRADE_CARD","is_prod":false,"is_daily":false,"chose_seed":false,"campfire_upgraded":1,"win_rate":0,"timestamp":1562915875,"path_taken":["M","?","M","M","M","R","?","E","T","E","?","E"],"build_version":"2019-07-05","purchased_purges":0,"victory":false,"max_hp_per_floor":[80,80,80,80,80,80,80,80,80,80,80,80],"card_choices":[{"not_picked":["Warcry","Sentinel"],"picked":"Thunderclap","floor":1},{"not_picked":["Rampage","Clash"],"picked":"True Grit","floor":3},{"not_picked":["Shockwave","Sever Soul"],"picked":"Inflame","floor":4},{"not_picked":["Sword Boomerang","True Grit"],"picked":"Body Slam","floor":5},{"not_picked":["Thunderclap","Rampage"],"picked":"Flame Barrier","floor":8},{"not_picked":["Clothesline","Sword Boomerang"],"picked":"Spot Weakness","floor":10},{"not_picked":["Inflame","Wild Strike"],"picked":"Dual Wield","floor":11}],"player_experience":200878,"relics_obtained":[{"floor":8,"key":"Oddly Smooth Stone"},{"floor":9,"key":"Juzu Bracelet"},{"floor":10,"key":"Whetstone"},{"floor":11,"key":"Potion Belt"}],"event_choices":[{"damage_healed":0,"gold_gain":75,"player_choice":"Gather Gold","damage_taken":11,"max_hp_gain":0,"max_hp_loss":0,"event_name":"World of Goop","floor":2,"gold_loss":0},{"damage_healed":0,"gold_gain":0,"player_choice":"Got Potions","damage_taken":0,"max_hp_gain":0,"max_hp_loss":0,"event_name":"Lab","floor":7,"gold_loss":0},{"damage_healed":0,"gold_gain":0,"player_choice":"Searched \u00271\u0027 times","damage_taken":0,"max_hp_gain":0,"max_hp_loss":0,"event_name":"Dead Adventurer","floor":11,"gold_loss":0}],"is_beta":false,"boss_relics":[],"items_purged_floors":[],"is_endless":false,"potions_floor_spawned":[5,10],"killed_by":"Gremlin Nob","ascension_level":3}