{"gold_per_floor":[114,128,147,162,162,191,191,206,206,206,221,221,238,256,256,360,360,370,370,387,24,95,95,107,107,107,135,135,225,38,50,50,50],"floor_reached":33,"playtime":1671,"items_purged":["Pain","Strike_R"],"score":323,"play_id":"13b169da-fcb4-4eb2-bac2-c700b6e93750","local_time":"20190719014446","is_ascension_mode":true,"campfire_choices":[{"floor":7,"key":"REST"},{"floor":10,"key":"RECALL"},{"floor":12,"key":"REST"},{"data":"Shrug It Off","floor":15,"key":"SMITH"},{"data":"Inflame","floor":23,"key":"SMITH"},{"floor":25,"key":"REST"},{"data":"Heavy Blade","floor":28,"key":"SMITH"},{"floor":32,"key":"REST"}],"neow_cost":"NONE","seed_source_timestamp":84481976576158,"circlet_count":0,"master_deck":["Strike_R","Strike_R","Strike_R","Strike_R","Defend_R","Defend_R","Defend_R","Defend_R","Bash","Twin Strike","Metallicize","Headbutt","Pommel Strike","Bash","Offering","Flex","Shrug It Off+1","Body Slam","Rage","Shrug It Off","Impervious","Pommel Strike","Heavy Blade+1","Spot Weakness","Inflame+1","Dual Wield","Dramatic Entrance","Impervious"],"relics":["Burning Blood","Anchor","Shuriken","Bag of Preparation","Mark of Pain","WarpedTongs","Lantern","Bottled Lightning","Ancient Tea Set"],"potions_floor_usage":[6,13,27,33,33],"damage_taken":[{"damage":2,"enemies":"2 Louse","floor":1,"turns":4},{"damage":1,"enemies":"Cultist","floor":2,"turns":3},{"damage":8,"enemies":"Jaw Worm","floor":3,"turns":4},{"damage":17,"enemies":"Exordium Thugs","floor":4,"turns":4},{"damage":50,"enemies":"Gremlin Nob","floor":6,"turns":5},{"damage":6,"enemies":"3 Louse","floor":8,"turns":3},{"damage":6,"enemies":"Large Slime","floor":11,"turns":4},{"damage":13,"enemies":"Gremlin Gang","floor":13,"turns":5},{"damage":6,"enemies":"Red Slaver","floor":14,"turns":2},{"damage":11,"enemies":"Slime Boss","floor":16,"turns":11},{"damage":6,"enemies":"Shell Parasite","floor":18,"turns":4},{"damage":19,"enemies":"2 Thieves","floor":20,"turns":5},{"damage":21,"enemies":"Snake Plant","floor":24,"turns":3},{"damage":28,"enemies":"Gremlin Leader","floor":27,"turns":4},{"damage":6,"enemies":"Centurion and Healer","floor":31,"turns":3},{"damage":76,"enemies":"Automaton","floor":33,"turns":10}],"seed_played":"-175049064125360106","potions_obtained":[{"floor":3,"key":"GamblersBrew"},{"floor":4,"key":"FearPotion"},{"floor":11,"key":"Fruit Juice"},{"floor":16,"key":"Strength Potion"},{"floor":20,"key":"LiquidBronze"}],"is_trial":false,"path_per_floor":["M","M","M","M","?","E","R","M","T","R","M","R","M","M","R","B",null,"M","?","M","$","T","R","M","R","T","E","R","?","$","M","R","B"],"character_chosen":"IRONCLAD","items_purchased":["Spot Weakness","Inflame","Lantern","Dramatic Entrance"],"campfire_rested":4,"item_purchase_floors":[21,21,21,30],"current_hp_per_floor":[80,80,78,67,67,23,47,47,47,47,47,71,69,69,69,64,85,85,85,72,72,72,72,57,82,82,60,60,44,44,44,69,0],"gold":50,"neow_bonus":"RANDOM_COMMON_RELIC","is_prod":false,"is_daily":false,"chose_seed":false,"campfire_upgraded":3,"win_rate":0,"timestamp":1563493486,"path_taken":["M","M","M","M","?","E","R","M","T","R","?","R","?","M","R","BOSS","M","?","M","$","?","R","M","R","T","E","R","?","$","M","R","BOSS"],"build_version":"2019-07-17","purchased_purges":2,"victory":false,"max_hp_per_floor":[80,80,80,80,80,80,80,80,80,80,80,80,85,85,85,85,85,85,85,85,85,85,85,85,85,85,85,85,85,85,85,85,85],"card_choices":[{"not_picked":["Searing Blow","Corruption"],"picked":"Twin Strike","floor":1},{"not_picked":["Warcry","Clothesline"],"picked":"Metallicize","floor":2},{"not_picked":["Reckless Charge","Perfected Strike"],"picked":"Headbutt","floor":3},{"not_picked":["Clothesline","Fire Breathing"],"picked":"Pommel Strike","floor":4},{"not_picked":["Juggernaut","Anger"],"picked":"Flex","floor":6},{"not_picked":["Body Slam","Perfected Strike"],"picked":"Shrug It Off","floor":8},{"not_picked":["Whirlwind","True Grit"],"picked":"Body Slam","floor":11},{"not_picked":["Power Through","Clash"],"picked":"Rage","floor":13},{"not_picked":["Twin Strike","Rupture"],"picked":"Shrug It Off","floor":14},{"not_picked":["Brutality","Berserk"],"picked":"Impervious","floor":16},{"not_picked":["Armaments","Warcry"],"picked":"Pommel Strike","floor":18},{"not_picked":["Havoc","Wild Strike"],"picked":"Heavy Blade","floor":20},{"not_picked":["Wild Strike+1","Carnage"],"picked":"Dual Wield","floor":24},{"not_picked":["Cleave+1","Thunderclap","Sever Soul+1"],"picked":"SKIP","floor":27},{"not_picked":["Wild Strike","Second Wind+1"],"picked":"Impervious","floor":31}],"player_experience":90902,"relics_obtained":[{"floor":6,"key":"Shuriken"},{"floor":9,"key":"Bag of Preparation"},{"floor":22,"key":"Bottled Lightning"},{"floor":27,"key":"Ancient Tea Set"}],"event_choices":[{"damage_healed":0,"gold_gain":0,"player_choice":"2 cards matched","damage_taken":0,"max_hp_gain":0,"max_hp_loss":0,"event_name":"Match and Keep!","floor":5,"gold_loss":0,"cards_obtained":["Bash","Offering"]},{"damage_healed":0,"gold_gain":0,"player_choice":"Rummage","damage_taken":0,"relics_obtained":["WarpedTongs"],"max_hp_gain":0,"max_hp_loss":0,"event_name":"Accursed Blacksmith","floor":19,"gold_loss":0,"cards_obtained":["Pain"]},{"damage_healed":0,"gold_gain":90,"player_choice":"GOLD ","damage_taken":16,"max_hp_gain":0,"max_hp_loss":0,"event_name":"Knowing Skull","floor":29,"potions_obtained":[],"gold_loss":0,"cards_obtained":[]}],"is_beta":false,"boss_relics":[{"not_picked":["Snecko Eye","Runic Cube"],"picked":"Mark of Pain"}],"items_purged_floors":[21,30],"is_endless":false,"potions_floor_spawned":[3,4,11,16,20],"killed_by":"Automaton","ascension_level":4}