{"gold_per_floor":[112,132,145,70,70,42,42,56,56,56,56],"floor_reached":11,"playtime":322,"items_purged":["Strike_B"],"score":130,"play_id":"0500c07d-650a-4b4d-9f31-7d9fbc92b322","local_time":"20190823010236","is_ascension_mode":true,"campfire_choices":[{"data":"Zap","floor":7,"key":"SMITH"},{"data":"Barrage","floor":10,"key":"SMITH"}],"neow_cost":"TEN_PERCENT_HP_LOSS","seed_source_timestamp":1850991988450332,"circlet_count":0,"master_deck":["AscendersBane","Strike_B","Strike_B","Strike_B","Defend_B","Defend_B","Defend_B","Zap+1","Dualcast","Barrage+1","Blizzard","Hologram","Cold Snap","Gash"],"relics":["Cracked Core","Mango","Dodecahedron"],"potions_floor_usage":[],"damage_taken":[{"damage":9,"enemies":"Jaw Worm","floor":1,"turns":4},{"damage":5,"enemies":"Small Slimes","floor":2,"turns":4},{"damage":3,"enemies":"2 Louse","floor":3,"turns":2},{"damage":30,"enemies":"Exordium Thugs","floor":6,"turns":4},{"damage":17,"enemies":"Exordium Wildlife","floor":8,"turns":4},{"damage":15,"enemies":"Large Slime","floor":11,"turns":1}],"seed_played":"5141652549269190124","potions_obtained":[{"floor":1,"key":"Block Potion"},{"floor":6,"key":"Block Potion"}],"is_trial":false,"path_per_floor":["M","M","M","$","?","M","R","M","T","R","M"],"character_chosen":"DEFECT","items_purchased":[],"campfire_rested":0,"item_purchase_floors":[],"current_hp_per_floor":[69,64,61,61,54,24,24,7,7,7,0],"gold":56,"neow_bonus":"ONE_RARE_RELIC","is_prod":false,"is_daily":false,"chose_seed":false,"campfire_upgraded":2,"win_rate":0,"timestamp":1566489756,"path_taken":["M","M","M","$","?","M","R","M","T","R","M"],"build_version":"2019-07-17","purchased_purges":1,"victory":false,"max_hp_per_floor":[78,78,78,78,78,78,78,78,78,78,78],"card_choices":[{"not_picked":["Double Energy","Ball Lightning"],"picked":"Barrage","floor":1},{"not_picked":["Redo","Barrage"],"picked":"Blizzard","floor":2},{"not_picked":["Rebound","Ball Lightning"],"picked":"Hologram","floor":3},{"not_picked":["Sweeping Beam","Force Field"],"picked":"Cold Snap","floor":6},{"not_picked":["Hello World","Sweeping Beam"],"picked":"Gash","floor":8}],"player_experience":553580,"relics_obtained":[{"floor":9,"key":"Dodecahedron"}],"event_choices":[{"cards_removed":["Defend_B"],"damage_healed":0,"gold_gain":0,"player_choice":"Card Removal","damage_taken":7,"max_hp_gain":0,"max_hp_loss":0,"event_name":"Golden Wing","floor":5,"gold_loss":0}],"is_beta":false,"boss_relics":[],"items_purged_floors":[4],"is_endless":false,"potions_floor_spawned":[1,6,8],"killed_by":"Large Slime","ascension_level":20}