{"gold_per_floor":[115,142,32,50,50,50,67,67,93,93,111,111,129,145,145,145],"floor_reached":16,"playtime":1092,"items_purged":["Strike_R"],"score":110,"play_id":"c5b57a12-94fb-4560-880e-8156b4ef8cdd","local_time":"20181005084954","is_ascension_mode":true,"campfire_choices":[{"data":"True Grit","floor":6,"key":"SMITH"},{"data":"Inflame","floor":8,"key":"SMITH"},{"floor":15,"key":"REST"}],"neow_cost":"PERCENT_DAMAGE","seed_source_timestamp":651720049255498,"circlet_count":0,"master_deck":["Strike_R","Strike_R","Strike_R","Defend_R","Defend_R","Defend_R","Defend_R","Bash","Inflame+1","Inflame","True Grit+1","Shrug It Off","Spot Weakness","Shrug It Off","Metallicize"],"relics":["Burning Blood","Peace Pipe","Boot","Bag of Preparation","The Courier"],"potions_floor_usage":[16],"damage_taken":[{"damage":1,"enemies":"Cultist","floor":1,"turns":4},{"damage":12,"enemies":"Small Slimes","floor":4,"turns":4},{"damage":9,"enemies":"2 Louse","floor":7,"turns":3},{"damage":28,"enemies":"Lots of Slimes","floor":11,"turns":6},{"damage":5,"enemies":"Looter","floor":13,"turns":4},{"damage":11,"enemies":"Exordium Wildlife","floor":14,"turns":7},{"damage":52,"enemies":"Hexaghost","floor":16,"turns":12}],"seed_played":"7021521270800508325","potions_obtained":[{"floor":1,"key":"Swift Potion"},{"floor":4,"key":"EssenceOfSteel"},{"floor":11,"key":"Explosive Potion"},{"floor":13,"key":"Block Potion"}],"is_trial":false,"path_per_floor":["M","T","$","M","$","R","M","R","T","?","M","T","M","M","R"],"character_chosen":"IRONCLAD","items_purchased":["Inflame"],"campfire_rested":1,"item_purchase_floors":[3],"current_hp_per_floor":[61,61,61,55,55,55,52,52,52,52,30,30,31,26,50,0],"gold":145,"neow_bonus":"ONE_RARE_RELIC","is_prod":false,"is_daily":false,"chose_seed":false,"campfire_upgraded":2,"win_rate":0,"timestamp":1538747394,"path_taken":["M","?","$","?","?","R","M","R","T","?","M","?","?","?","R","BOSS"],"build_version":"2018-10-04","purchased_purges":1,"victory":false,"max_hp_per_floor":[80,80,80,80,80,80,80,80,80,80,80,80,80,80,80,80],"card_choices":[{"not_picked":["Pummel","Power Through"],"picked":"Inflame","floor":1},{"not_picked":["Rage","Anger"],"picked":"True Grit","floor":4},{"not_picked":["Twin Strike","Clothesline"],"picked":"Shrug It Off","floor":7},{"not_picked":["Fire Breathing","Reckless Charge"],"picked":"Shrug It Off","floor":11},{"not_picked":["Shrug It Off","Cleave"],"picked":"Metallicize","floor":13},{"not_picked":["Intimidate","Thunderclap","Bludgeon"],"picked":"SKIP","floor":14}],"player_experience":186775,"relics_obtained":[{"floor":2,"key":"Boot"},{"floor":9,"key":"Bag of Preparation"},{"floor":12,"key":"The Courier"}],"event_choices":[{"event_name":"Transmorgrifier","player_choice":"Transform","floor":10,"damage_taken":0}],"is_beta":false,"boss_relics":[],"items_purged_floors":[3],"is_endless":false,"potions_floor_spawned":[1,4,11,13],"killed_by":"Hexaghost","ascension_level":4}