{"gold_per_floor":[218,229,229,116,116,116,134,134,161,194,194,238,238,261,261,385,385,410,410,435,435,360,360,385,385,385,385,421,124,124,144,144,268,268,291,624,193,493,513,513,563,663,663,663,99,118,132,151,151,151],"floor_reached":51,"playtime":5883,"items_purged":["Defend_B","Defend_B","Defend_B"],"score":964,"play_id":"119a34c0-4d78-4f6c-87bf-858327f0cada","local_time":"20190711115941","is_ascension_mode":true,"campfire_choices":[{"data":"Zap","floor":6,"key":"SMITH"},{"data":"Dualcast","floor":8,"key":"SMITH"},{"floor":11,"key":"REST"},{"data":"Conserve Battery","floor":13,"key":"SMITH"},{"data":"Consume","floor":15,"key":"SMITH"},{"data":"Defragment","floor":23,"key":"SMITH"},{"data":"Echo Form","floor":25,"key":"SMITH"},{"floor":27,"key":"REST"},{"data":"Glacier","floor":32,"key":"SMITH"},{"data":"Buffer","floor":40,"key":"SMITH"},{"data":"FTL","floor":44,"key":"SMITH"},{"data":"Core Surge","floor":49,"key":"SMITH"}],"neow_cost":"NONE","seed_source_timestamp":382574207966078,"circlet_count":0,"master_deck":["Strike_B+1","Strike_B+1","Defend_B+1","Zap+1","Dualcast+1","Conserve Battery+1","Steam+1","Consume+1","Core Surge+1","Echo Form+1","FTL+1","Defragment+1","Hologram+1","Glacier+1","Buffer+1","Loop+1","Self Repair","Force Field+1"],"relics":["Cracked Core","Lantern","Whetstone","Blue Candle","Inserter","Bronze Scales","War Paint","Lee\u0027s Waffle","Busted Crown","Ginger","Calipers","Bird Faced Urn","Toxic Egg 2","Vajra","Centennial Puzzle","ClockworkSouvenir"],"potions_floor_usage":[10,16,16,16,24,41,46,50,50],"damage_taken":[{"damage":1,"enemies":"Small Slimes","floor":1,"turns":3},{"damage":0,"enemies":"2 Louse","floor":2,"turns":2},{"damage":0,"enemies":"Cultist","floor":7,"turns":3},{"damage":42,"enemies":"3 Sentries","floor":10,"turns":7},{"damage":12,"enemies":"Lagavulin","floor":12,"turns":6},{"damage":1,"enemies":"Looter","floor":14,"turns":3},{"damage":9,"enemies":"The Guardian","floor":16,"turns":14},{"damage":7,"enemies":"3 Byrds","floor":18,"turns":4},{"damage":17,"enemies":"Spheric Guardian","floor":20,"turns":4},{"damage":20,"enemies":"Shelled Parasite and Fungi","floor":24,"turns":6},{"damage":26,"enemies":"Gremlin Leader","floor":28,"turns":9},{"damage":1,"enemies":"Chosen and Byrds","floor":31,"turns":6},{"damage":0,"enemies":"Champ","floor":33,"turns":18},{"damage":11,"enemies":"Orb Walker","floor":35,"turns":4},{"damage":0,"enemies":"3 Shapes","floor":39,"turns":6},{"damage":18,"enemies":"2 Orb Walkers","floor":41,"turns":6},{"damage":0,"enemies":"Mind Bloom Boss Battle","floor":42,"turns":6},{"damage":0,"enemies":"Jaw Worm Horde","floor":46,"turns":7},{"damage":13,"enemies":"Transient","floor":47,"turns":5},{"damage":7,"enemies":"Maw","floor":48,"turns":7},{"damage":23,"enemies":"Time Eater","floor":50,"turns":13}],"seed_played":"-2868235889169073172","potions_obtained":[{"floor":2,"key":"LiquidBronze"},{"floor":10,"key":"Dexterity Potion"},{"floor":12,"key":"Fire Potion"},{"floor":14,"key":"SkillPotion"},{"floor":20,"key":"Block Potion"},{"floor":24,"key":"GamblersBrew"},{"floor":30,"key":"Explosive Potion"},{"floor":30,"key":"Block Potion"},{"floor":31,"key":"SkillPotion"},{"floor":35,"key":"Dexterity Potion"},{"floor":42,"key":"FocusPotion"},{"floor":48,"key":"Swift Potion"}],"is_trial":false,"path_per_floor":["M","M","?","$","?","R","M","R","T","E","R","E","R","M","R","B",null,"M","?","M","?","?","R","M","R","T","R","E","$","?","M","R","B",null,"M","?","$","?","M","R","?","?","T","R","$","M","M","M","R","B",null],"character_chosen":"DEFECT","items_purchased":["Consume","Lee\u0027s Waffle","Ginger","Vajra","Centennial Puzzle","ClockworkSouvenir","Self Repair"],"campfire_rested":2,"item_purchase_floors":[4,29,37,45,45,45,45],"current_hp_per_floor":[74,74,56,56,49,49,49,49,49,7,29,17,17,16,16,7,58,51,51,34,34,34,34,14,14,14,36,10,82,82,81,81,81,82,71,71,71,71,71,71,53,53,53,53,53,82,80,82,82,78],"gold":151,"neow_bonus":"HUNDRED_GOLD","is_prod":false,"is_daily":false,"chose_seed":false,"campfire_upgraded":10,"win_rate":0,"timestamp":1562813981,"path_taken":["M","M","?","$","?","R","M","R","T","E","R","E","R","M","R","BOSS","M","?","M","?","?","R","M","R","T","R","E","$","?","?","R","BOSS","M","?","$","?","?","R","?","?","T","R","$","M","M","M","R","BOSS"],"build_version":"2019-07-05","purchased_purges":3,"victory":true,"max_hp_per_floor":[75,75,75,75,75,75,75,75,75,75,75,75,75,75,75,75,75,75,75,75,75,75,75,75,75,75,75,75,82,82,82,82,82,82,82,82,82,82,82,82,82,82,82,82,82,82,82,82,82,82],"card_choices":[{"not_picked":["Turbo","Beam Cell"],"picked":"Conserve Battery","floor":1},{"not_picked":["Auto Shields","Amplify"],"picked":"Steam","floor":2},{"not_picked":["Ball Lightning","Beam Cell","Consume"],"picked":"SKIP","floor":7},{"not_picked":["Chill","Melter"],"picked":"Core Surge","floor":10},{"not_picked":["Conserve Battery","Sweeping Beam","Sunder"],"picked":"SKIP","floor":12},{"not_picked":["Cold Snap","White Noise","Beam Cell"],"picked":"SKIP","floor":14},{"not_picked":["Reboot","Hyperbeam"],"picked":"Echo Form","floor":16},{"not_picked":["Turbo","Compile Driver"],"picked":"FTL","floor":18},{"not_picked":["Consume","Streamline"],"picked":"Hologram+1","floor":20},{"not_picked":["Hello World","Stack","White Noise"],"picked":"SKIP","floor":24},{"not_picked":["Compile Driver+1","Gash","Sunder+1"],"picked":"SKIP","floor":28},{"not_picked":["Genetic Algorithm","Compile Driver"],"picked":"Glacier","floor":31},{"not_picked":["Seek","Amplify"],"picked":"Buffer","floor":33},{"not_picked":["Beam Cell+1"],"picked":"SKIP","floor":35},{"not_picked":["Doom and Gloom+1"],"picked":"SKIP","floor":39},{"not_picked":[],"picked":"Loop+1","floor":41},{"not_picked":["Compile Driver"],"picked":"SKIP","floor":46},{"not_picked":["Rebound+1"],"picked":"SKIP","floor":47},{"not_picked":[],"picked":"Force Field+1","floor":48}],"player_experience":228201,"relics_obtained":[{"floor":9,"key":"Lantern"},{"floor":10,"key":"Whetstone"},{"floor":12,"key":"Blue Candle"},{"floor":26,"key":"Bronze Scales"},{"floor":28,"key":"War Paint"},{"floor":41,"key":"Calipers"},{"floor":42,"key":"Bird Faced Urn"},{"floor":43,"key":"Toxic Egg 2"}],"event_choices":[{"damage_healed":0,"gold_gain":0,"player_choice":"Take Damage","damage_taken":18,"relics_obtained":["Golden Idol"],"max_hp_gain":0,"max_hp_loss":0,"event_name":"Golden Idol","floor":3,"gold_loss":0},{"cards_removed":["Strike_B"],"damage_healed":0,"gold_gain":0,"player_choice":"Card Removal","damage_taken":7,"max_hp_gain":0,"max_hp_loss":0,"event_name":"Golden Wing","floor":5,"gold_loss":0},{"damage_healed":0,"gold_gain":0,"player_choice":"Read","damage_taken":0,"max_hp_gain":0,"max_hp_loss":0,"event_name":"The Library","floor":19,"gold_loss":0,"cards_obtained":["Defragment"]},{"damage_healed":0,"gold_gain":0,"player_choice":"Ignored","damage_taken":0,"max_hp_gain":0,"max_hp_loss":0,"event_name":"Ghosts","floor":21,"gold_loss":0},{"cards_removed":["Strike_B"],"damage_healed":0,"gold_gain":0,"player_choice":"Gave Gold","damage_taken":0,"max_hp_gain":0,"max_hp_loss":0,"event_name":"Beggar","floor":22,"gold_loss":75},{"damage_healed":0,"gold_gain":0,"player_choice":"Got Potions","damage_taken":0,"max_hp_gain":0,"max_hp_loss":0,"event_name":"Lab","floor":30,"gold_loss":0},{"damage_healed":0,"gold_gain":333,"player_choice":"Gave Idol","damage_taken":0,"max_hp_gain":0,"max_hp_loss":0,"event_name":"The Moai Head","floor":36,"relics_lost":["Golden Idol"],"gold_loss":0},{"damage_healed":0,"gold_gain":300,"player_choice":"Gold","damage_taken":0,"max_hp_gain":0,"max_hp_loss":0,"event_name":"Wheel of Change","floor":38,"gold_loss":0},{"damage_healed":0,"gold_gain":0,"player_choice":"Fight","damage_taken":0,"max_hp_gain":0,"max_hp_loss":0,"event_name":"Mysterious Sphere","floor":41,"gold_loss":0},{"damage_healed":0,"gold_gain":0,"player_choice":"Fight","damage_taken":0,"max_hp_gain":0,"max_hp_loss":0,"event_name":"MindBloom","floor":42,"gold_loss":0}],"is_beta":false,"boss_relics":[{"not_picked":["Empty Cage","Eternal Feather"],"picked":"Inserter"},{"not_picked":["Sozu","Runic Dome"],"picked":"Busted Crown"}],"items_purged_floors":[4,29,37],"is_endless":false,"potions_floor_spawned":[2,10,12,14,20,24,31,33,35,42,48],"ascension_level":5}