{"gold_per_floor":[112,37,47,57,76,76,107,107,107,124,124,24,51,51,51,156,156,174,186,186,28,41,41,140,140,140,140,174,186,221,5,5,101,101,121,141,241,258,274,274,306,306,353,370,395,395,28,41,41,41],"floor_reached":51,"playtime":6350,"items_purged":["Strike_B","Defend_B","Strike_B","Strike_B","Strike_B"],"score":947,"play_id":"abd4fcd0-66fa-4b88-8092-0f6fbd03be21","local_time":"20190714083537","is_ascension_mode":true,"campfire_choices":[{"data":"Glacier","floor":6,"key":"SMITH"},{"data":"Zap","floor":11,"key":"SMITH"},{"data":"Hologram","floor":15,"key":"SMITH"},{"data":"Buffer","floor":23,"key":"SMITH"},{"data":"Coolheaded","floor":25,"key":"SMITH"},{"floor":32,"key":"REST"},{"data":"Blizzard","floor":40,"key":"SMITH"},{"data":"Streamline","floor":42,"key":"SMITH"},{"floor":49,"key":"REST"}],"neow_cost":"NONE","seed_source_timestamp":629041110088972,"circlet_count":0,"master_deck":["Defend_B","Defend_B","Zap+1","Dualcast+1","Streamline+1","Hologram+1","Steam","Glacier+1","BootSequence","Buffer+1","Echo Form+1","Conserve Battery+1","Coolheaded+1","Self Repair+1","Defragment+1","Streamline+1","Blizzard+1","All For One","Steam+1","Barrage+1","Loop+1"],"relics":["Cracked Core","Bronze Scales","Pen Nib","Frozen Egg 2","Philosopher\u0027s Stone","Ornamental Fan","MawBank","Happy Flower","Inserter","Mango","Art of War","Vajra","Torii","Lantern"],"potions_floor_usage":[13,16,16,28,44,45,48,48,50,50],"damage_taken":[{"damage":1,"enemies":"Cultist","floor":1,"turns":3},{"damage":2,"enemies":"Jaw Worm","floor":3,"turns":3},{"damage":0,"enemies":"2 Louse","floor":4,"turns":4},{"damage":7,"enemies":"Blue Slaver","floor":5,"turns":4},{"damage":11,"enemies":"Lagavulin","floor":7,"turns":8},{"damage":0,"enemies":"3 Louse","floor":10,"turns":3},{"damage":17,"enemies":"Gremlin Nob","floor":13,"turns":5},{"damage":6,"enemies":"Slime Boss","floor":16,"turns":11},{"damage":0,"enemies":"Spheric Guardian","floor":18,"turns":5},{"damage":0,"enemies":"Shell Parasite","floor":19,"turns":7},{"damage":11,"enemies":"Snake Plant","floor":22,"turns":5},{"damage":34,"enemies":"Gremlin Leader","floor":28,"turns":9},{"damage":17,"enemies":"Automaton","floor":33,"turns":11},{"damage":10,"enemies":"3 Shapes","floor":35,"turns":4},{"damage":5,"enemies":"Orb Walker","floor":36,"turns":3},{"damage":0,"enemies":"Mind Bloom Boss Battle","floor":37,"turns":7},{"damage":0,"enemies":"Jaw Worm Horde","floor":38,"turns":6},{"damage":18,"enemies":"Maw","floor":39,"turns":10},{"damage":22,"enemies":"Nemesis","floor":41,"turns":7},{"damage":21,"enemies":"3 Darklings","floor":44,"turns":6},{"damage":71,"enemies":"Reptomancer","floor":45,"turns":9},{"damage":24,"enemies":"Writhing Mass","floor":48,"turns":7},{"damage":2,"enemies":"Donu and Deca","floor":50,"turns":10}],"seed_played":"-8013540626402291100","potions_obtained":[{"floor":3,"key":"AttackPotion"},{"floor":5,"key":"Swift Potion"},{"floor":7,"key":"Block Potion"},{"floor":13,"key":"AttackPotion"},{"floor":18,"key":"Dexterity Potion"},{"floor":33,"key":"SkillPotion"},{"floor":38,"key":"LiquidBronze"},{"floor":44,"key":"FocusPotion"},{"floor":45,"key":"FocusPotion"},{"floor":48,"key":"Ancient Potion"}],"is_trial":false,"path_per_floor":["M","$","M","M","M","R","E","?","T","M","R","$","E","?","R","B",null,"M","M","?","$","M","R","?","R","T","$","E","?","T","$","R","B",null,"M","M","?","M","M","R","E","R","T","M","E","?","$","M","R","B",null],"character_chosen":"DEFECT","items_purchased":["Self Repair+1","Blizzard","Loop+1","Lantern"],"campfire_rested":2,"item_purchase_floors":[21,31,47,47],"current_hp_per_floor":[67,67,65,65,58,58,47,52,52,52,52,52,35,35,35,29,67,67,67,67,67,66,66,66,66,66,66,52,37,37,37,62,55,78,85,85,99,99,99,99,87,87,87,86,35,35,35,11,40,48],"gold":41,"neow_bonus":"THREE_CARDS","is_prod":false,"is_daily":false,"chose_seed":false,"campfire_upgraded":7,"win_rate":0,"timestamp":1563060937,"path_taken":["M","$","M","M","M","R","E","?","T","M","R","$","E","?","R","BOSS","M","M","?","?","?","R","?","R","T","$","E","?","?","?","R","BOSS","M","M","?","M","M","R","E","R","T","M","E","?","$","M","R","BOSS"],"build_version":"2019-07-05","purchased_purges":5,"victory":true,"max_hp_per_floor":[75,75,75,75,75,75,75,80,80,80,80,80,80,80,80,80,80,80,80,80,80,80,80,80,80,80,80,80,85,85,85,85,85,85,85,85,99,99,99,99,99,99,99,99,99,99,99,99,99,99],"card_choices":[{"not_picked":["Stack","Cold Snap"],"picked":"Streamline","floor":0},{"not_picked":["Stack","Leap"],"picked":"Hologram","floor":1},{"not_picked":["Skim","Rebound"],"picked":"Steam","floor":3},{"not_picked":["Beam Cell","Streamline","Turbo"],"picked":"SKIP","floor":4},{"not_picked":["Redo","Compile Driver"],"picked":"Glacier","floor":5},{"not_picked":["Sunder","Reprogram"],"picked":"BootSequence","floor":7},{"not_picked":["Sweeping Beam","Leap"],"picked":"Buffer","floor":10},{"not_picked":["Streamline","Cold Snap","Leap"],"picked":"SKIP","floor":13},{"not_picked":["Fission","Buffer+1"],"picked":"Echo Form+1","floor":16},{"not_picked":["Streamline","Redo"],"picked":"Conserve Battery+1","floor":18},{"not_picked":["Redo","Cold Snap+1"],"picked":"Coolheaded","floor":19},{"not_picked":["Reinforced Body","Rebound"],"picked":"Defragment+1","floor":22},{"not_picked":["Leap+1","Double Energy"],"picked":"Streamline+1","floor":28},{"not_picked":["Electrodynamics+1","Amplify"],"picked":"All For One","floor":33},{"not_picked":["Storm+1","Go for the Eyes+1","Turbo+1"],"picked":"SKIP","floor":35},{"not_picked":["Cold Snap","Tempest","Redo"],"picked":"SKIP","floor":36},{"not_picked":["Doom and Gloom+1","Barrage"],"picked":"Steam+1","floor":38},{"not_picked":["Blizzard","Sweeping Beam+1","Turbo"],"picked":"SKIP","floor":39},{"not_picked":["Compile Driver+1","Genetic Algorithm+1","Reboot"],"picked":"SKIP","floor":41},{"not_picked":["Capacitor+1","Beam Cell"],"picked":"Barrage+1","floor":44},{"not_picked":["Capacitor+1","Gash","Glacier+1"],"picked":"SKIP","floor":45},{"not_picked":["Rebound","Barrage","Go for the Eyes+1"],"picked":"SKIP","floor":48}],"player_experience":255179,"relics_obtained":[{"floor":7,"key":"Bronze Scales"},{"floor":9,"key":"Pen Nib"},{"floor":13,"key":"Frozen Egg 2"},{"floor":26,"key":"Ornamental Fan"},{"floor":28,"key":"MawBank"},{"floor":30,"key":"Happy Flower"},{"floor":37,"key":"Mango"},{"floor":41,"key":"Art of War"},{"floor":43,"key":"Vajra"},{"floor":45,"key":"Torii"}],"event_choices":[{"damage_healed":0,"gold_gain":0,"player_choice":"Donut","damage_taken":0,"max_hp_gain":5,"max_hp_loss":0,"event_name":"Big Fish","floor":8,"gold_loss":0},{"damage_healed":0,"gold_gain":0,"player_choice":"Forge","damage_taken":0,"max_hp_gain":0,"max_hp_loss":0,"event_name":"Accursed Blacksmith","floor":14,"gold_loss":0,"cards_upgraded":["Dualcast"]},{"cards_removed":["Defend_B"],"damage_healed":0,"gold_gain":0,"player_choice":"Purged","damage_taken":0,"max_hp_gain":0,"max_hp_loss":0,"event_name":"Purifier","floor":20,"gold_loss":0},{"damage_healed":0,"gold_gain":99,"player_choice":"Stole From Cult","damage_taken":0,"max_hp_gain":0,"max_hp_loss":0,"event_name":"Nest","floor":24,"gold_loss":0},{"damage_healed":0,"gold_gain":0,"player_choice":"Shed Blood","damage_taken":20,"max_hp_gain":5,"max_hp_loss":0,"event_name":"Forgotten Altar","floor":29,"gold_loss":0},{"damage_healed":0,"gold_gain":0,"player_choice":"Fight","damage_taken":0,"max_hp_gain":0,"max_hp_loss":0,"event_name":"MindBloom","floor":37,"gold_loss":0},{"damage_healed":0,"gold_gain":0,"player_choice":"Memory 1","damage_taken":0,"max_hp_gain":0,"max_hp_loss":0,"event_name":"SensoryStone","floor":46,"gold_loss":0}],"is_beta":false,"boss_relics":[{"not_picked":["Runic Dome","Runic Pyramid"],"picked":"Philosopher\u0027s Stone"},{"not_picked":["White Beast Statue","Velvet Choker"],"picked":"Inserter"}],"items_purged_floors":[2,12,21,31,47],"is_endless":false,"potions_floor_spawned":[3,5,7,10,13,18,33,38,44,45,48],"ascension_level":7}