{"gold_per_floor":[113,3,3,19,42,83,83,83,83,96,111,111,111,129,129,257,257,280,34,55,55,74,114,137,150,150,150,175,194,209,209,209,328,328,352,59,77,95,0,0],"floor_reached":40,"playtime":3955,"items_purged":["Defend_B","Strike_B"],"score":439,"play_id":"2f7ebee3-68b9-427b-a3e7-4b590171305e","local_time":"20190811180405","is_ascension_mode":false,"campfire_choices":[{"floor":7,"key":"REST"},{"data":"Echo Form","floor":13,"key":"SMITH"},{"floor":15,"key":"REST"},{"floor":32,"key":"REST"}],"neow_cost":"NONE","seed_source_timestamp":240731668932474,"circlet_count":0,"master_deck":["Strike_B","Strike_B","Defend_B","Defend_B","Zap","Dualcast","Conserve Battery","Rip and Tear","White Noise","Gash","Leap","Echo Form+1","Gash","Auto Shields","Thunder Strike","Steam","BootSequence","Glacier","Genetic Algorithm","Thunder Strike","Redo","Gash","Melter","Cold Snap","Fusion","Blizzard+1","Storm+1","Leap+1","Defragment","Amplify","Amplify","Force Field+1","Stack","Streamline+1"],"relics":["Cracked Core","Golden Idol","Ice Cream","Thread and Needle","Orrery","Bag of Preparation","Pantograph","Mercury Hourglass","Nuclear Battery","Gambling Chip","Red Mask"],"potions_floor_usage":[6,16,16,22,24,29,30,33,40],"damage_taken":[{"damage":1,"enemies":"Cultist","floor":1,"turns":3},{"damage":0,"enemies":"Jaw Worm","floor":4,"turns":3},{"damage":7,"enemies":"2 Louse","floor":5,"turns":3},{"damage":15,"enemies":"3 Sentries","floor":6,"turns":7},{"damage":27,"enemies":"Gremlin Gang","floor":10,"turns":5},{"damage":0,"enemies":"2 Fungi Beasts","floor":11,"turns":4},{"damage":0,"enemies":"Red Slaver","floor":14,"turns":3},{"damage":22,"enemies":"Hexaghost","floor":16,"turns":9},{"damage":0,"enemies":"3 Byrds","floor":18,"turns":2},{"damage":16,"enemies":"Chosen","floor":20,"turns":5},{"damage":7,"enemies":"Sentry and Sphere","floor":22,"turns":4},{"damage":40,"enemies":"Book of Stabbing","floor":23,"turns":9},{"damage":8,"enemies":"Snecko","floor":24,"turns":8},{"damage":6,"enemies":"Centurion and Healer","floor":25,"turns":10},{"damage":0,"enemies":"Shelled Parasite and Fungi","floor":28,"turns":5},{"damage":9,"enemies":"Snake Plant","floor":29,"turns":5},{"damage":0,"enemies":"Cultist and Chosen","floor":30,"turns":6},{"damage":30,"enemies":"Collector","floor":33,"turns":15},{"damage":21,"enemies":"Orb Walker","floor":35,"turns":4},{"damage":22,"enemies":"3 Shapes","floor":37,"turns":6},{"damage":30,"enemies":"Jaw Worm Horde","floor":38,"turns":4},{"damage":32,"enemies":"Giant Head","floor":40,"turns":7}],"seed_played":"-1347209631089387966","potions_obtained":[{"floor":4,"key":"Block Potion"},{"floor":5,"key":"Ancient Potion"},{"floor":6,"key":"EssenceOfSteel"},{"floor":16,"key":"GamblersBrew"},{"floor":22,"key":"Fruit Juice"},{"floor":24,"key":"SkillPotion"},{"floor":28,"key":"FocusPotion"},{"floor":29,"key":"AttackPotion"},{"floor":37,"key":"Weak Potion"}],"is_trial":false,"path_per_floor":["M","$","?","M","M","E","R","?","T","M","M","?","R","M","R","B",null,"M","$","M","?","M","E","M","M","T","?","M","M","M","?","R","B",null,"M","$","M","M","?","E"],"character_chosen":"DEFECT","items_purchased":["Rip and Tear","Bag of Preparation","Gambling Chip"],"campfire_rested":3,"item_purchase_floors":[2,19,36],"current_hp_per_floor":[81,81,61,61,54,39,63,68,68,41,41,41,41,41,67,45,87,87,87,71,71,69,29,21,15,15,12,12,3,3,3,30,25,92,71,71,49,19,19,0],"gold":0,"neow_bonus":"TEN_PERCENT_HP_BONUS","is_prod":false,"is_daily":false,"chose_seed":false,"campfire_upgraded":1,"win_rate":0.0,"timestamp":1565561045,"path_taken":["M","$","?","M","M","E","R","?","T","M","M","?","R","M","R","BOSS","M","$","?","?","M","E","M","?","T","?","M","?","M","?","R","BOSS","M","$","M","M","?","E"],"build_version":"2019-07-17","purchased_purges":2,"victory":false,"max_hp_per_floor":[82,82,82,82,82,82,82,87,87,87,87,87,87,87,87,87,87,87,87,87,87,92,92,92,92,92,92,92,92,92,92,92,92,92,92,92,92,92,92,92],"card_choices":[{"not_picked":["Compile Driver","Hologram"],"picked":"Conserve Battery","floor":1},{"not_picked":["Barrage","Beam Cell"],"picked":"White Noise","floor":4},{"not_picked":["Conserve Battery","Ball Lightning"],"picked":"Gash","floor":5},{"not_picked":["Streamline","Barrage"],"picked":"Leap","floor":6},{"not_picked":["Skim","Steam"],"picked":"Echo Form","floor":10},{"not_picked":["Streamline","Beam Cell"],"picked":"Gash","floor":11},{"not_picked":["Gash","Compile Driver"],"picked":"Auto Shields","floor":14},{"not_picked":["Seek","Echo Form"],"picked":"Thunder Strike","floor":16},{"not_picked":["Leap","Hologram"],"picked":"Steam","floor":17},{"not_picked":["Compile Driver","Auto Shields"],"picked":"BootSequence","floor":17},{"not_picked":["Barrage","Leap"],"picked":"Glacier","floor":17},{"not_picked":["Force Field","Hologram"],"picked":"Genetic Algorithm","floor":17},{"not_picked":["Hologram","Consume"],"picked":"Thunder Strike","floor":17},{"not_picked":["Rebound","Cold Snap"],"picked":"Redo","floor":18},{"not_picked":["Conserve Battery","Steam"],"picked":"Gash","floor":20},{"not_picked":["Ball Lightning","Sweeping Beam"],"picked":"Cold Snap","floor":22},{"not_picked":["Rainbow","Consume"],"picked":"Fusion","floor":23},{"not_picked":["Barrage","Beam Cell+1"],"picked":"Blizzard+1","floor":24},{"not_picked":["Compile Driver","Streamline"],"picked":"Storm+1","floor":25},{"not_picked":["Go for the Eyes","Hologram"],"picked":"Leap+1","floor":28},{"not_picked":["Hello World","Hologram"],"picked":"Defragment","floor":29},{"not_picked":["Gash","Hologram+1"],"picked":"Amplify","floor":30},{"not_picked":["Biased Cognition","Thunder Strike"],"picked":"Amplify","floor":33},{"not_picked":["Chaos+1","Coolheaded"],"picked":"Force Field+1","floor":35},{"not_picked":["Conserve Battery","Rebound+1"],"picked":"Stack","floor":37},{"not_picked":["Go for the Eyes","Cold Snap+1"],"picked":"Streamline+1","floor":38}],"player_experience":21750,"relics_obtained":[{"floor":6,"key":"Ice Cream"},{"floor":9,"key":"Thread and Needle"},{"floor":23,"key":"Pantograph"},{"floor":26,"key":"Mercury Hourglass"}],"event_choices":[{"damage_healed":0,"gold_gain":0,"player_choice":"Take Damage","damage_taken":20,"relics_obtained":["Golden Idol"],"max_hp_gain":0,"max_hp_loss":0,"event_name":"Golden Idol","floor":3,"gold_loss":0},{"damage_healed":0,"gold_gain":0,"player_choice":"Donut","damage_taken":0,"max_hp_gain":5,"max_hp_loss":0,"event_name":"Big Fish","floor":8,"gold_loss":0},{"cards_removed":["Defend_B"],"damage_healed":0,"gold_gain":0,"player_choice":"Purged","damage_taken":0,"max_hp_gain":0,"max_hp_loss":0,"event_name":"Purifier","floor":12,"gold_loss":0},{"damage_healed":0,"gold_gain":0,"player_choice":"1 cards matched","damage_taken":0,"max_hp_gain":0,"max_hp_loss":0,"event_name":"Match and Keep!","floor":21,"gold_loss":0,"cards_obtained":["Melter"]},{"damage_healed":0,"gold_gain":0,"player_choice":"Punched","damage_taken":3,"max_hp_gain":0,"max_hp_loss":0,"event_name":"Designer","floor":27,"gold_loss":0},{"cards_removed":["Strike_B"],"damage_healed":0,"gold_gain":0,"player_choice":"Elegance","damage_taken":0,"max_hp_gain":0,"max_hp_loss":0,"event_name":"Back to Basics","floor":31,"gold_loss":0},{"damage_healed":0,"gold_gain":0,"player_choice":"Paid","damage_taken":0,"relics_obtained":["Red Mask"],"max_hp_gain":0,"max_hp_loss":0,"event_name":"Tomb of Lord Red Mask","floor":39,"gold_loss":95}],"is_beta":false,"boss_relics":[{"not_picked":["Ectoplasm","Fusion Hammer"],"picked":"Orrery"},{"not_picked":["White Beast Statue","Coffee Dripper"],"picked":"Nuclear Battery"}],"items_purged_floors":[2,19],"is_endless":false,"potions_floor_spawned":[4,5,6,16,22,24,28,29,37],"killed_by":"Giant Head","ascension_level":0}