{"gold_per_floor":[210,210,220,240,30,30,56,73,73,89,89,120,120,85,85,185,185,202,202,237,237,100,100,132,132,132,53,84,84,118,132,132,232,232,247,31,31,43,60,60,88,108,133,168,168,268,296,311,311,311],"floor_reached":51,"playtime":5767,"items_purged":["Strike_G","Strike_G"],"score":1309,"play_id":"791de8d1-7715-41e6-933d-87406e9d971b","local_time":"20190811192712","is_ascension_mode":true,"campfire_choices":[{"data":"Neutralize","floor":6.0,"key":"SMITH"},{"data":"Infinite Blades","floor":11.0,"key":"SMITH"},{"data":"Tools of the Trade","floor":15.0,"key":"SMITH"},{"data":"Noxious Fumes","floor":23,"key":"SMITH"},{"data":"Backstab","floor":25,"key":"SMITH"},{"data":"Accuracy","floor":29,"key":"SMITH"},{"floor":32,"key":"REST"},{"data":"Footwork","floor":40,"key":"SMITH"},{"data":"Sucker Punch","floor":45,"key":"SMITH"},{"data":"Dash","floor":49,"key":"SMITH"}],"neow_cost":"NONE","seed_source_timestamp":0,"circlet_count":0,"master_deck":["Strike_G","Strike_G","Defend_G","Defend_G","Defend_G","Defend_G","Survivor","Neutralize+1","Infinite Blades+1","Backflip+1","Backstab+1","Cloak And Dagger+1","Outmaneuver+1","Dodge and Roll+1","Deflect+1","Dagger Spray","Blade Dance+1","Tools of the Trade+1","Malaise+1","Dagger Throw+1","Ghostly+1","Ghostly+1","Ghostly+1","Ghostly+1","Ghostly+1","Calculated Gamble+1","Noxious Fumes+1","Predator+1","Accuracy+1","Prepared+1","Blade Dance+1","Sucker Punch+1","Bullet Time+1","Well Laid Plans+1","Reflex+1","Escape Plan+1","Footwork+1","Leg Sweep+1","Terror+1","Finisher+1","Dash+1","Escape Plan+1","Riddle With Holes+1","Cloak And Dagger+1"],"special_seed":0,"relics":["Ring of the Snake","Toxic Egg 2","Ninja Scroll","Meat on the Bone","Bag of Marbles","WristBlade","Red Mask","Gambling Chip","Bottled Lightning","Shuriken","Bronze Scales","Coffee Dripper","Potion Belt","Boot","Ice Cream","Turnip","Gremlin Horn"],"potions_floor_usage":[33,33,50,50],"damage_taken":[{"damage":0.0,"enemies":"Small Slimes","floor":1.0,"turns":5.0},{"damage":0.0,"enemies":"Cultist","floor":3.0,"turns":3.0},{"damage":0.0,"enemies":"2 Louse","floor":4.0,"turns":2.0},{"damage":21.0,"enemies":"3 Sentries","floor":7.0,"turns":10.0},{"damage":0.0,"enemies":"Blue Slaver","floor":8.0,"turns":4.0},{"damage":1.0,"enemies":"Looter","floor":10.0,"turns":3.0},{"damage":7.0,"enemies":"Lagavulin","floor":12.0,"turns":8.0},{"damage":25.0,"enemies":"Slime Boss","floor":16.0,"turns":11.0},{"damage":0,"enemies":"3 Byrds","floor":18,"turns":3},{"damage":2,"enemies":"Masked Bandits","floor":20,"turns":6},{"damage":2,"enemies":"Slavers","floor":24,"turns":7},{"damage":0,"enemies":"Book of Stabbing","floor":28,"turns":7},{"damage":2,"enemies":"Slavers","floor":30,"turns":5},{"damage":0,"enemies":"Shell Parasite","floor":31,"turns":1},{"damage":13,"enemies":"Automaton","floor":33,"turns":8},{"damage":0,"enemies":"Orb Walker","floor":35,"turns":1},{"damage":0,"enemies":"3 Darklings","floor":38,"turns":2},{"damage":0,"enemies":"4 Shapes","floor":39,"turns":3},{"damage":0,"enemies":"Nemesis","floor":41,"turns":3},{"damage":6,"enemies":"Writhing Mass","floor":42,"turns":4},{"damage":0,"enemies":"Reptomancer","floor":44,"turns":5},{"damage":0,"enemies":"Mind Bloom Boss Battle","floor":46,"turns":1},{"damage":0,"enemies":"Nemesis","floor":47,"turns":4},{"damage":0,"enemies":"3 Darklings","floor":48,"turns":1},{"damage":0,"enemies":"Donu and Deca","floor":50,"turns":6}],"seed_played":"6300800494275509529","potions_obtained":[{"floor":4.0,"key":"SpeedPotion"},{"floor":7.0,"key":"Weak Potion"},{"floor":8.0,"key":"SkillPotion"},{"floor":16.0,"key":"FairyPotion"},{"floor":20,"key":"Fire Potion"},{"floor":24,"key":"PowerPotion"},{"floor":33,"key":"Block Potion"},{"floor":39,"key":"SkillPotion"},{"floor":41,"key":"SpeedPotion"},{"floor":42,"key":"Strength Potion"}],"is_trial":false,"path_per_floor":["M","?","M","M","$","R","E","M","T","M","R","E","?","?","R","B",null,"M","?","?","?","$","R","E","R","T","$","E","R","E","M","R","B",null,"M","$","?","M","M","R","E","M","T","E","R","?","E","M","R","B",null],"character_chosen":"THE_SILENT","items_purchased":["Backstab","Cloak And Dagger+1","Outmaneuver+1","Noxious Fumes","Accuracy","Reflex+1","Escape Plan+1","Footwork"],"campfire_rested":1,"item_purchase_floors":[5,5,5,22,27,36,36,36],"current_hp_per_floor":[63,63,63,63,63,63,42,42,42,41,41,46,46,63,63,38,62,62,35,33,29,29,29,27,27,27,27,27,27,25,25,37,24,36,36,36,36,36,36,36,36,30,30,30,30,30,30,30,30,30],"gold":311,"neow_bonus":"HUNDRED_GOLD","is_prod":false,"is_daily":false,"chose_seed":false,"campfire_upgraded":9,"win_rate":0,"timestamp":1565566032,"path_taken":["M","?","M","M","$","R","E","M","T","?","R","E","?","?","R","BOSS","M","?","?","?","$","R","E","R","T","$","E","R","E","M","R","BOSS","M","$","?","M","M","R","E","?","T","E","R","?","E","M","R","BOSS"],"build_version":"2019-07-17","purchased_purges":2,"victory":true,"max_hp_per_floor":[70,70,70,70,70,70,70,70,70,70,70,70,70,70,70,70,70,70,35,35,40,40,40,40,40,40,40,40,40,40,40,40,40,40,40,40,40,40,40,40,40,40,40,40,40,40,40,40,40,40],"card_choices":[{"not_picked":["Dodge and Roll","Bane"],"picked":"Quick Slash","floor":1.0},{"not_picked":["Outmaneuver+1","Bane"],"picked":"Infinite Blades","floor":3.0},{"not_picked":["Blade Dance+1","Masterful Stab"],"picked":"Backflip+1","floor":4.0},{"not_picked":["Acrobatics+1","Skewer"],"picked":"Dodge and Roll+1","floor":7.0},{"not_picked":["Tactician+1","Infinite Blades"],"picked":"Deflect+1","floor":8.0},{"not_picked":["Bane","Grand Finale"],"picked":"Dagger Spray","floor":10.0},{"not_picked":["Outmaneuver+1","Finisher"],"picked":"Blade Dance+1","floor":12.0},{"not_picked":["Grand Finale","Storm of Steel+1"],"picked":"Malaise+1","floor":16.0},{"not_picked":["Prepared+1","Heel Hook+1"],"picked":"Dagger Throw+1","floor":18},{"not_picked":["Riddle With Holes+1","Quick Slash"],"picked":"Calculated Gamble+1","floor":20},{"not_picked":["Poisoned Stab","All Out Attack"],"picked":"Predator+1","floor":24},{"not_picked":["Underhanded Strike","Quick Slash"],"picked":"Prepared+1","floor":28},{"not_picked":["Quick Slash+1","Bane"],"picked":"Blade Dance+1","floor":30},{"not_picked":["Flying Knee","Bane+1"],"picked":"Sucker Punch","floor":31},{"not_picked":["Tools of the Trade","Night Terror+1"],"picked":"Bullet Time+1","floor":33},{"not_picked":["Prepared+1","Deadly Poison+1"],"picked":"Well Laid Plans+1","floor":35},{"not_picked":["Deflect+1","Noxious Fumes"],"picked":"Leg Sweep+1","floor":38},{"not_picked":["Calculated Gamble+1","Dagger Spray"],"picked":"Terror+1","floor":39},{"not_picked":["Riddle With Holes","Predator+1"],"picked":"Finisher+1","floor":41},{"not_picked":["Reflex+1","Terror+1"],"picked":"Dash","floor":42},{"not_picked":["Dagger Spray+1","Slice"],"picked":"Escape Plan+1","floor":44},{"not_picked":["Acrobatics+1","Dagger Spray+1"],"picked":"Riddle With Holes+1","floor":46},{"not_picked":["Crippling Poison+1","A Thousand Cuts"],"picked":"Cloak And Dagger+1","floor":47},{"not_picked":["Sucker Punch+1","Dagger Throw","Choke+1"],"picked":"SKIP","floor":48}],"player_experience":390329,"relics_obtained":[{"floor":7.0,"key":"Ninja Scroll"},{"floor":9.0,"key":"Meat on the Bone"},{"floor":12.0,"key":"Bag of Marbles"},{"floor":20,"key":"Red Mask"},{"floor":24,"key":"Gambling Chip"},{"floor":26,"key":"Bottled Lightning"},{"floor":28,"key":"Shuriken"},{"floor":30,"key":"Bronze Scales"},{"floor":41,"key":"Potion Belt"},{"floor":43,"key":"Boot"},{"floor":44,"key":"Ice Cream"},{"floor":46,"key":"Turnip"},{"floor":47,"key":"Gremlin Horn"}],"event_choices":[{"cards_removed":["Quick Slash"],"damage_healed":0.0,"max_hp_gain":0.0,"max_hp_loss":0.0,"gold_gain":0.0,"event_name":"WeMeetAgain","player_choice":"Gave Card","floor":2.0,"gold_loss":0.0,"damage_taken":0.0,"relics_obtained":["Toxic Egg 2"]},{"damage_healed":0.0,"max_hp_gain":0.0,"max_hp_loss":0.0,"gold_gain":0.0,"cards_transformed":["Strike_G"],"event_name":"Living Wall","player_choice":"Change","floor":13.0,"gold_loss":0.0,"damage_taken":0.0,"cards_obtained":["Tools of the Trade"]},{"damage_healed":17.0,"max_hp_gain":0.0,"max_hp_loss":0.0,"gold_gain":0.0,"event_name":"The Cleric","player_choice":"Healed","floor":14.0,"gold_loss":35.0,"damage_taken":0.0},{"damage_healed":0,"gold_gain":0,"player_choice":"Became a Ghost","damage_taken":0,"max_hp_gain":0,"max_hp_loss":35,"event_name":"Ghosts","floor":19,"gold_loss":0,"cards_obtained":["Ghostly","Ghostly","Ghostly","Ghostly","Ghostly"]},{"damage_healed":0,"gold_gain":0,"player_choice":"Fought Bandits","damage_taken":0,"max_hp_gain":0,"max_hp_loss":0,"event_name":"Masked Bandits","floor":20,"gold_loss":0},{"damage_healed":0,"gold_gain":0,"player_choice":"Shed Blood","damage_taken":9,"max_hp_gain":5,"max_hp_loss":0,"event_name":"Forgotten Altar","floor":21,"gold_loss":0},{"cards_removed":["Defend_G"],"damage_healed":0,"gold_gain":0,"player_choice":"Purged","damage_taken":0,"max_hp_gain":0,"max_hp_loss":0,"event_name":"Purifier","floor":37,"gold_loss":0},{"damage_healed":0,"gold_gain":0,"player_choice":"Fight","damage_taken":0,"max_hp_gain":0,"max_hp_loss":0,"event_name":"MindBloom","floor":46,"gold_loss":0}],"is_beta":false,"boss_relics":[{"not_picked":["Sozu","Calling Bell"],"picked":"WristBlade"},{"not_picked":["Busted Crown","Snecko Eye"],"picked":"Coffee Dripper"}],"items_purged_floors":[5,22],"is_endless":false,"potions_floor_spawned":[4,7,8,16,20,24,33,39,41,42,44],"ascension_level":8}