{"gold_per_floor":[110,185,209,209,229,258,258,258,258,289,139,139,149,162,162,237,237,255,8,41,41,116,116,142,154,154,154,174,174,190,202,202,278,278,296,518,871,170,187,187,199,199,199,79,99,112,112,112,112,112],"floor_reached":51,"playtime":3708,"items_purged":["Strike_B","Strike_B","Defend_B","Defend_B"],"score":1237,"play_id":"b35c459a-74f5-4859-be90-239b918fa6f6","local_time":"20190804175652","is_ascension_mode":true,"campfire_choices":[{"data":"Zap","floor":7,"key":"SMITH"},{"data":"Dualcast","floor":12,"key":"SMITH"},{"data":"Hologram","floor":15,"key":"SMITH"},{"data":"Coolheaded","floor":23,"key":"SMITH"},{"data":"Go for the Eyes","floor":27,"key":"SMITH"},{"data":"Coolheaded","floor":29,"key":"SMITH"},{"data":"Beam Cell","floor":32,"key":"SMITH"},{"floor":40,"key":"REST"},{"data":"Glacier","floor":42,"key":"SMITH"},{"data":"Defend_B","floor":49,"key":"SMITH"}],"neow_cost":"NONE","seed_source_timestamp":266937966484615,"circlet_count":0,"master_deck":["AscendersBane","Strike_B","Defend_B+1","Defend_B","Zap+1","Dualcast+1","FTL","Gash","Go for the Eyes+1","Chill","Self Repair","Coolheaded+1","Hologram+1","Machine Learning","Coolheaded+1","All For One","Gash+1","Beam Cell+1","Electrodynamics","Steam+1","Steam+1","Glacier+1","Gash+1","Madness","Madness","Flash of Steel+1"],"relics":["Cracked Core","NeowsBlessing","Bag of Marbles","Blood Vial","Boot","Orichalcum","Gremlin Horn","Nuclear Battery","Red Mask","The Courier","Centennial Puzzle","DataDisk","Sozu","Old Coin","Bronze Scales","Anchor","Happy Flower","FossilizedHelix","Molten Egg 2"],"potions_floor_usage":[16,20,24,33],"damage_taken":[{"damage":0,"enemies":"2 Louse","floor":1,"turns":1},{"damage":0,"enemies":"Jaw Worm","floor":5,"turns":1},{"damage":0,"enemies":"Gremlin Nob","floor":6,"turns":1},{"damage":19,"enemies":"Lagavulin","floor":10,"turns":7},{"damage":0,"enemies":"Cultist","floor":13,"turns":3},{"damage":5,"enemies":"Looter","floor":14,"turns":3},{"damage":29,"enemies":"Slime Boss","floor":16,"turns":17},{"damage":24,"enemies":"3 Byrds","floor":18,"turns":5},{"damage":8,"enemies":"Masked Bandits","floor":20,"turns":4},{"damage":19,"enemies":"Gremlin Leader","floor":24,"turns":8},{"damage":3,"enemies":"Spheric Guardian","floor":25,"turns":4},{"damage":0,"enemies":"3 Cultists","floor":28,"turns":4},{"damage":3,"enemies":"Snake Plant","floor":30,"turns":4},{"damage":4,"enemies":"Chosen and Byrds","floor":31,"turns":3},{"damage":0,"enemies":"Collector","floor":33,"turns":6},{"damage":8,"enemies":"3 Shapes","floor":35,"turns":2},{"damage":53,"enemies":"2 Orb Walkers","floor":37,"turns":6},{"damage":0,"enemies":"Orb Walker","floor":39,"turns":4},{"damage":0,"enemies":"Sphere and 2 Shapes","floor":41,"turns":3},{"damage":0,"enemies":"Writhing Mass","floor":45,"turns":6},{"damage":0,"enemies":"Maw","floor":46,"turns":5},{"damage":35,"enemies":"Time Eater","floor":50,"turns":12}],"seed_played":"3114801867418710257","potions_obtained":[{"floor":1,"key":"SpeedPotion"},{"floor":10,"key":"Dexterity Potion"},{"floor":13,"key":"GamblersBrew"},{"floor":18,"key":"Regen Potion"},{"floor":24,"key":"Dexterity Potion"},{"floor":25,"key":"Swift Potion"}],"is_trial":false,"path_per_floor":["M","?","T","?","M","E","R","?","T","E","$","R","M","M","R","B",null,"M","$","?","?","?","R","E","M","T","R","M","R","M","M","R","B",null,"M","?","?","$","M","R","M","R","T","$","M","M","?","?","R","B",null],"character_chosen":"DEFECT","items_purchased":["Self Repair","All For One","Bronze Scales","Anchor","Happy Flower","FossilizedHelix"],"campfire_rested":1,"item_purchase_floors":[11,19,38,38,38,38],"current_hp_per_floor":[64,53,53,53,53,53,53,41,41,24,24,24,33,37,37,17,58,43,43,44,44,37,37,42,48,48,48,57,57,63,68,68,71,71,70,70,25,25,34,55,64,64,64,64,71,71,62,62,62,36],"gold":112,"neow_bonus":"THREE_ENEMY_KILL","is_prod":false,"is_daily":false,"chose_seed":false,"campfire_upgraded":9,"win_rate":0,"timestamp":1564909012,"path_taken":["M","?","?","?","?","E","R","?","T","E","$","R","M","M","R","BOSS","M","$","?","?","?","R","E","?","T","R","M","R","M","M","R","BOSS","M","?","?","$","M","R","M","R","T","?","M","?","?","?","R","BOSS"],"build_version":"2019-07-17","purchased_purges":4,"victory":true,"max_hp_per_floor":[71,71,71,71,71,71,71,71,71,71,71,71,71,71,71,71,71,71,71,71,71,71,71,71,71,71,71,71,71,71,71,71,71,71,71,71,71,71,71,71,71,71,71,71,71,71,71,71,71,71],"card_choices":[{"not_picked":["Scrape","Sweeping Beam"],"picked":"FTL","floor":1},{"not_picked":["Conserve Battery","Self Repair"],"picked":"Gash","floor":5},{"not_picked":["Aggregate","Conserve Battery"],"picked":"Go for the Eyes","floor":6},{"not_picked":["Redo","Go for the Eyes"],"picked":"Chill","floor":10},{"not_picked":["Leap","Hello World"],"picked":"Coolheaded","floor":13},{"not_picked":["Creative AI","Chill"],"picked":"Hologram","floor":14},{"not_picked":["Core Surge","Rainbow"],"picked":"Machine Learning","floor":16},{"not_picked":["Beam Cell","Redo"],"picked":"Coolheaded","floor":18},{"not_picked":["Turbo+1","Scrape"],"picked":"Gash+1","floor":24},{"not_picked":["Cold Snap","Sweeping Beam"],"picked":"Beam Cell","floor":25},{"not_picked":["Rebound","Ball Lightning","Steam Power"],"picked":"SKIP","floor":28},{"not_picked":["Steam","Barrage","Machine Learning"],"picked":"SKIP","floor":30},{"not_picked":["Reprogram+1","Barrage","Steam"],"picked":"SKIP","floor":31},{"not_picked":["Thunder Strike","Biased Cognition"],"picked":"Electrodynamics","floor":33},{"not_picked":["Chill","Compile Driver","Coolheaded"],"picked":"SKIP","floor":35},{"not_picked":["Turbo","Redo"],"picked":"Steam+1","floor":37},{"not_picked":["Beam Cell+1","Barrage+1"],"picked":"Steam+1","floor":39},{"not_picked":["Steam","Beam Cell"],"picked":"Glacier","floor":41},{"not_picked":["Compile Driver+1","Beam Cell+1"],"picked":"Gash+1","floor":45},{"not_picked":["Go for the Eyes+1","Cold Snap+1","Skim"],"picked":"SKIP","floor":46},{"not_picked":["Impatience","Dramatic Entrance+1"],"picked":"Flash of Steel+1","floor":48}],"player_experience":446382,"relics_obtained":[{"floor":3,"key":"Bag of Marbles"},{"floor":6,"key":"Blood Vial"},{"floor":9,"key":"Orichalcum"},{"floor":10,"key":"Gremlin Horn"},{"floor":20,"key":"Red Mask"},{"floor":24,"key":"Centennial Puzzle"},{"floor":26,"key":"DataDisk"},{"floor":37,"key":"Old Coin"},{"floor":43,"key":"Molten Egg 2"}],"event_choices":[{"damage_healed":0,"gold_gain":75,"player_choice":"Gather Gold","damage_taken":11,"max_hp_gain":0,"max_hp_loss":0,"event_name":"World of Goop","floor":2,"gold_loss":0},{"cards_removed":["Strike_B"],"damage_healed":0,"gold_gain":0,"player_choice":"Purged","damage_taken":0,"max_hp_gain":0,"max_hp_loss":0,"event_name":"Purifier","floor":4,"gold_loss":0},{"damage_healed":0,"gold_gain":0,"player_choice":"Success","damage_taken":12,"relics_obtained":["Boot"],"max_hp_gain":0,"max_hp_loss":0,"event_name":"Scrap Ooze","floor":8,"gold_loss":0},{"damage_healed":0,"gold_gain":0,"player_choice":"Fought Bandits","damage_taken":0,"max_hp_gain":0,"max_hp_loss":0,"event_name":"Masked Bandits","floor":20,"gold_loss":0},{"damage_healed":0,"gold_gain":0,"player_choice":"Opened","damage_taken":0,"relics_obtained":["The Courier"],"max_hp_gain":0,"max_hp_loss":0,"event_name":"The Mausoleum","floor":21,"gold_loss":0},{"damage_healed":0,"gold_gain":75,"player_choice":"Touch","damage_taken":7,"max_hp_gain":0,"max_hp_loss":0,"event_name":"FaceTrader","floor":22,"gold_loss":0},{"damage_healed":0,"gold_gain":222,"player_choice":"Wore Mask","damage_taken":0,"max_hp_gain":0,"max_hp_loss":0,"event_name":"Tomb of Lord Red Mask","floor":36,"gold_loss":0},{"damage_healed":0,"gold_gain":0,"player_choice":"Fight","damage_taken":0,"max_hp_gain":0,"max_hp_loss":0,"event_name":"Mysterious Sphere","floor":37,"gold_loss":0},{"damage_healed":0,"gold_gain":0,"player_choice":"Embrace Madness","damage_taken":9,"max_hp_gain":0,"max_hp_loss":0,"event_name":"Winding Halls","floor":47,"gold_loss":0,"cards_obtained":["Madness","Madness"]},{"damage_healed":0,"gold_gain":0,"player_choice":"Memory 1","damage_taken":0,"max_hp_gain":0,"max_hp_loss":0,"event_name":"SensoryStone","floor":48,"gold_loss":0}],"is_beta":false,"boss_relics":[{"not_picked":["Astrolabe","Philosopher\u0027s Stone"],"picked":"Nuclear Battery"},{"not_picked":["Lizard Tail","Orrery"],"picked":"Sozu"}],"items_purged_floors":[11,19,38,44],"is_endless":false,"potions_floor_spawned":[1,10,13,18,24,25,31,35,37,45],"ascension_level":14}