{"gold_per_floor":[109,109,123,133,24,24,57,57,57,82,82,82,100,80,80,181,181,192,192,209,259,278,311,211,211,234,247,265,38,64,79,79,79],"floor_reached":33,"playtime":1770,"items_purged":["Strike_R","Defend_R"],"score":369,"play_id":"10e40286-7cdf-4d5d-a806-76cd84af21ba","local_time":"20190826003658","is_ascension_mode":true,"campfire_choices":[{"data":"Bash","floor":6,"key":"SMITH"},{"floor":8,"key":"REST"},{"data":"Heavy Blade","floor":11,"key":"SMITH"},{"data":"Shrug It Off","floor":15,"key":"SMITH"},{"floor":25,"key":"REST"},{"data":"Limit Break","floor":32,"key":"SMITH"}],"neow_cost":"NONE","seed_source_timestamp":32607185643918,"circlet_count":0,"master_deck":["Strike_R","Strike_R","Strike_R","Defend_R","Defend_R","Defend_R","Bash+1","Seeing Red","Evolve","Heavy Blade+1","Spot Weakness","Metallicize","Clothesline","Shrug It Off+1","Limit Break+1","Shrug It Off","Bloodletting+1","Thunderclap","Rupture","Inflame","Inflame","Flame Barrier"],"relics":["Burning Blood","NeowsBlessing","Sundial","Orichalcum","Vajra","Omamori","Busted Crown","Magic Flower","Lantern","PreservedInsect","Meat on the Bone"],"potions_floor_usage":[10,16,20,22,23,27,31,33],"damage_taken":[{"damage":0,"enemies":"2 Louse","floor":1,"turns":1},{"damage":0,"enemies":"Cultist","floor":3,"turns":1},{"damage":0,"enemies":"Small Slimes","floor":4,"turns":1},{"damage":18,"enemies":"Gremlin Nob","floor":7,"turns":3},{"damage":21,"enemies":"3 Sentries","floor":10,"turns":5},{"damage":4,"enemies":"Gremlin Gang","floor":13,"turns":6},{"damage":29,"enemies":"Slime Boss","floor":16,"turns":8},{"damage":13,"enemies":"Spheric Guardian","floor":18,"turns":4},{"damage":3,"enemies":"3 Byrds","floor":20,"turns":4},{"damage":20,"enemies":"Snecko","floor":22,"turns":6},{"damage":38,"enemies":"Gremlin Leader","floor":23,"turns":6},{"damage":12,"enemies":"Centurion and Healer","floor":27,"turns":4},{"damage":3,"enemies":"3 Cultists","floor":28,"turns":4},{"damage":23,"enemies":"Book of Stabbing","floor":30,"turns":4},{"damage":18,"enemies":"Sentry and Sphere","floor":31,"turns":5},{"damage":80,"enemies":"Collector","floor":33,"turns":6}],"seed_played":"4832268342656772875","potions_obtained":[{"floor":1,"key":"SpeedPotion"},{"floor":3,"key":"Fire Potion"},{"floor":7,"key":"SpeedPotion"},{"floor":10,"key":"BloodPotion"},{"floor":14,"key":"Explosive Potion"},{"floor":18,"key":"Fire Potion"},{"floor":22,"key":"Energy Potion"},{"floor":23,"key":"SkillPotion"},{"floor":31,"key":"GamblersBrew"}],"is_trial":false,"path_per_floor":["M","?","M","M","$","R","E","R","T","E","R","?","M","?","R","B",null,"M","?","M","?","M","E","$","R","T","M","M","$","E","M","R","B"],"character_chosen":"IRONCLAD","items_purchased":["Spot Weakness","Inflame","PreservedInsect"],"campfire_rested":2,"item_purchase_floors":[5,29,29],"current_hp_per_floor":[80,55,61,67,67,67,55,79,79,64,64,57,59,59,59,36,69,62,62,65,65,51,39,39,63,63,60,66,66,52,61,61,0],"gold":79,"neow_bonus":"THREE_ENEMY_KILL","is_prod":false,"is_daily":false,"chose_seed":false,"campfire_upgraded":4,"win_rate":0,"timestamp":1566772618,"path_taken":["M","?","M","M","$","R","E","R","T","E","R","?","M","?","R","BOSS","M","?","M","?","?","E","$","R","T","?","M","$","E","M","R","BOSS"],"build_version":"2019-07-17","purchased_purges":2,"victory":false,"max_hp_per_floor":[80,80,80,80,80,80,80,80,80,80,80,80,80,80,80,80,80,80,80,80,80,80,80,80,80,80,80,80,80,80,80,80,80],"card_choices":[{"not_picked":["Flame Barrier","Havoc"],"picked":"Seeing Red","floor":1},{"not_picked":["Fire Breathing","Metallicize"],"picked":"Evolve","floor":3},{"not_picked":["Second Wind","Rage"],"picked":"Heavy Blade","floor":4},{"not_picked":["Sentinel","Evolve"],"picked":"Metallicize","floor":7},{"not_picked":["Wild Strike","Burning Pact"],"picked":"Clothesline","floor":10},{"not_picked":["Twin Strike","Pommel Strike"],"picked":"Shrug It Off","floor":13},{"not_picked":["Impervious","Fiend Fire"],"picked":"Limit Break","floor":16},{"not_picked":["Warcry"],"picked":"SKIP","floor":18},{"not_picked":["Anger"],"picked":"SKIP","floor":20},{"not_picked":[],"picked":"Bloodletting+1","floor":22},{"not_picked":[],"picked":"Thunderclap","floor":23},{"not_picked":["Havoc"],"picked":"SKIP","floor":27},{"not_picked":[],"picked":"Rupture","floor":28},{"not_picked":[],"picked":"Inflame","floor":30},{"not_picked":[],"picked":"Flame Barrier","floor":31}],"player_experience":103038,"relics_obtained":[{"floor":7,"key":"Orichalcum"},{"floor":9,"key":"Vajra"},{"floor":10,"key":"Omamori"},{"floor":23,"key":"Magic Flower"},{"floor":26,"key":"Lantern"},{"floor":30,"key":"Meat on the Bone"}],"event_choices":[{"damage_healed":0,"gold_gain":0,"player_choice":"Success","damage_taken":25,"relics_obtained":["Sundial"],"max_hp_gain":0,"max_hp_loss":0,"event_name":"Scrap Ooze","floor":2,"gold_loss":0},{"cards_removed":["Strike_R"],"damage_healed":0,"gold_gain":0,"player_choice":"Card Removal","damage_taken":7,"max_hp_gain":0,"max_hp_loss":0,"event_name":"Golden Wing","floor":12,"gold_loss":0},{"damage_healed":0,"gold_gain":0,"player_choice":"Bought 1 Potion","damage_taken":0,"max_hp_gain":0,"max_hp_loss":0,"event_name":"The Woman in Blue","floor":14,"gold_loss":0},{"damage_healed":0,"gold_gain":0,"player_choice":"Read","damage_taken":0,"max_hp_gain":0,"max_hp_loss":0,"event_name":"The Library","floor":19,"gold_loss":0,"cards_obtained":["Shrug It Off"]},{"damage_healed":0,"gold_gain":100,"player_choice":"Bet on Murderer","damage_taken":0,"max_hp_gain":0,"max_hp_loss":0,"event_name":"The Joust","floor":21,"gold_loss":50}],"is_beta":false,"boss_relics":[{"not_picked":["Runic Dome","Philosopher\u0027s Stone"],"picked":"Busted Crown"}],"items_purged_floors":[5,24],"is_endless":false,"potions_floor_spawned":[1,3,7,10,18,22,23,31],"killed_by":"Collector","ascension_level":5}