{"gold_per_floor":[115,130,130,46,60,90,155,155,202,202,167,184,184,203,203,282,282,298,311,129,129,145,145],"floor_reached":23,"playtime":1730,"items_purged":["Storm"],"score":382,"play_id":"c2fe9744-59d7-401b-94d1-f4a6cf3d3bc8","local_time":"20190822182140","is_ascension_mode":true,"campfire_choices":[{"floor":8,"key":"REST"},{"data":"Zap","floor":10,"key":"SMITH"},{"data":"Glacier","floor":15,"key":"SMITH"}],"neow_cost":"NONE","seed_source_timestamp":1825527701626401,"circlet_count":0,"master_deck":["AscendersBane","Zap+1","Dualcast","Compile Driver","Cold Snap","Go for the Eyes","Glacier+1","Gash","Hologram","Consume","Core Surge","All For One","Skim","Loop+1","Melter","Core Surge","Darkness","Hologram","Buffer","Gash","Coolheaded","Conserve Battery","Undo"],"relics":["Cracked Core","Oddly Smooth Stone","Centennial Puzzle","Anchor","CultistMask","Pandora\u0027s Box"],"potions_floor_usage":[7,16,22],"damage_taken":[{"damage":0,"enemies":"2 Louse","floor":1,"turns":2},{"damage":5,"enemies":"Small Slimes","floor":2,"turns":4},{"damage":0,"enemies":"Cultist","floor":5,"turns":3},{"damage":15,"enemies":"Lagavulin","floor":6,"turns":9},{"damage":43,"enemies":"Lagavulin Event","floor":7,"turns":12},{"damage":0,"enemies":"Blue Slaver","floor":12,"turns":3},{"damage":8,"enemies":"Exordium Thugs","floor":14,"turns":6},{"damage":38,"enemies":"The Guardian","floor":16,"turns":19},{"damage":37,"enemies":"3 Byrds","floor":18,"turns":5},{"damage":8,"enemies":"Shell Parasite","floor":19,"turns":6},{"damage":0,"enemies":"Centurion and Healer","floor":22,"turns":6},{"damage":13,"enemies":"Book of Stabbing","floor":23,"turns":2}],"seed_played":"-5024372682641943594","potions_obtained":[{"floor":1,"key":"SpeedPotion"},{"floor":14,"key":"Regen Potion"},{"floor":18,"key":"SteroidPotion"}],"is_trial":false,"path_per_floor":["M","M","?","$","M","E","?","R","T","R","?","M","?","M","R","B",null,"M","M","$","?","M","E"],"character_chosen":"DEFECT","items_purchased":["Glacier","Conserve Battery","Undo"],"campfire_rested":1,"item_purchase_floors":[4,20,20],"current_hp_per_floor":[64,59,59,59,59,44,1,22,22,22,39,39,39,31,31,8,55,18,10,10,10,10,0],"gold":145,"neow_bonus":"THREE_CARDS","is_prod":false,"is_daily":false,"chose_seed":false,"campfire_upgraded":2,"win_rate":0,"timestamp":1566465700,"path_taken":["M","M","?","$","M","E","?","R","T","R","?","M","?","?","R","BOSS","M","M","$","?","M","E"],"build_version":"2019-07-17","purchased_purges":1,"victory":false,"max_hp_per_floor":[71,71,71,71,71,71,71,71,71,71,71,71,71,71,71,71,71,71,71,71,71,71,71],"card_choices":[{"not_picked":["Sweeping Beam","Redo"],"picked":"Compile Driver","floor":0},{"not_picked":["Heatsinks","Gash"],"picked":"Cold Snap","floor":1},{"not_picked":["Sweeping Beam","Steam"],"picked":"Go for the Eyes","floor":2},{"not_picked":["Turbo","Beam Cell"],"picked":"Gash","floor":5},{"not_picked":["Turbo","Go for the Eyes","Beam Cell"],"picked":"SKIP","floor":6},{"not_picked":["Redo","Stack"],"picked":"Hologram","floor":7},{"not_picked":["Auto Shields","Recycle"],"picked":"Consume","floor":12},{"not_picked":["Fusion","Streamline"],"picked":"Core Surge","floor":14},{"not_picked":["Seek","Buffer"],"picked":"All For One","floor":16},{"not_picked":["Streamline","Conserve Battery"],"picked":"Gash","floor":18},{"not_picked":["Lockon","Compile Driver"],"picked":"Coolheaded","floor":19},{"not_picked":["Streamline","Go for the Eyes","Compile Driver+1"],"picked":"SKIP","floor":22}],"player_experience":545957,"relics_obtained":[{"floor":6,"key":"Oddly Smooth Stone"},{"floor":7,"key":"Centennial Puzzle"},{"floor":9,"key":"Anchor"}],"event_choices":[{"damage_healed":0,"gold_gain":0,"player_choice":"Ignored","damage_taken":0,"max_hp_gain":0,"max_hp_loss":0,"event_name":"Golden Idol","floor":3,"gold_loss":0},{"damage_healed":0,"gold_gain":0,"player_choice":"Searched \u00271\u0027 times","damage_taken":0,"max_hp_gain":0,"max_hp_loss":0,"event_name":"Dead Adventurer","floor":7,"gold_loss":0},{"damage_healed":17,"gold_gain":0,"player_choice":"Healed","damage_taken":0,"max_hp_gain":0,"max_hp_loss":0,"event_name":"The Cleric","floor":11,"gold_loss":35},{"damage_healed":0,"gold_gain":0,"player_choice":"Trade","damage_taken":0,"relics_obtained":["CultistMask"],"max_hp_gain":0,"max_hp_loss":0,"event_name":"FaceTrader","floor":13,"gold_loss":0},{"damage_healed":0,"gold_gain":0,"player_choice":"Upgraded","damage_taken":0,"max_hp_gain":0,"max_hp_loss":0,"event_name":"Upgrade Shrine","floor":21,"gold_loss":0,"cards_upgraded":["Loop"]}],"is_beta":false,"boss_relics":[{"not_picked":["Runic Pyramid","Coffee Dripper"],"picked":"Pandora\u0027s Box"}],"items_purged_floors":[20],"is_endless":false,"potions_floor_spawned":[1,14,18],"killed_by":"Book of Stabbing","ascension_level":20}