{"gold_per_floor":[110,110,110,60,60,60,33,51,130,161,161,236,236,250,250,375,375,388,412,430,455,43,43,63,63],"floor_reached":25,"playtime":1677,"items_purged":["Regret"],"score":201,"play_id":"d014b4a0-3e22-450b-b7fd-57a359d9cd91","local_time":"20190815043427","is_ascension_mode":false,"campfire_choices":[{"data":"Sunder","floor":6,"key":"SMITH"},{"floor":11,"key":"REST"},{"floor":13,"key":"REST"},{"floor":15,"key":"REST"}],"neow_cost":"NONE","seed_source_timestamp":540016373017372,"circlet_count":0,"master_deck":["Strike_B","Strike_B","Strike_B","Defend_B","Defend_B","Defend_B","Zap","Dualcast","Cold Snap","Sunder+1","Stack","Consume","Echo Form","FTL","Amplify","Coolheaded","Reinforced Body","Conserve Battery+1","Cold Snap+1","Discovery","Writhe","Cold Snap+1"],"relics":["Cracked Core","Happy Flower","Golden Idol","Potion Belt","Dodecahedron","Oddly Smooth Stone","Inserter","Chemical X","Shuriken"],"potions_floor_usage":[21,21,24,25],"damage_taken":[{"damage":0,"enemies":"Small Slimes","floor":1,"turns":4},{"damage":2,"enemies":"2 Louse","floor":8,"turns":2},{"damage":30,"enemies":"Lagavulin","floor":10,"turns":6},{"damage":15,"enemies":"Jaw Worm","floor":14,"turns":2},{"damage":40,"enemies":"Hexaghost","floor":16,"turns":8},{"damage":18,"enemies":"Shell Parasite","floor":18,"turns":10},{"damage":34,"enemies":"3 Byrds","floor":19,"turns":6},{"damage":17,"enemies":"Sentry and Sphere","floor":20,"turns":7},{"damage":2,"enemies":"Snake Plant","floor":21,"turns":7},{"damage":0,"enemies":"Centurion and Healer","floor":24,"turns":10},{"damage":5,"enemies":"Cultist and Chosen","floor":25,"turns":5}],"seed_played":"3944389208098835123","potions_obtained":[{"floor":16,"key":"Energy Potion"},{"floor":18,"key":"FearPotion"},{"floor":19,"key":"Strength Potion"},{"floor":20,"key":"SkillPotion"},{"floor":24,"key":"Swift Potion"}],"is_trial":false,"path_per_floor":["M","?","?","?","?","R","$","M","T","E","R","?","R","M","R","B",null,"M","M","M","M","$","?","M","M"],"character_chosen":"DEFECT","items_purchased":["Stack","Chemical X","Discovery","PowerPotion"],"campfire_rested":3,"item_purchase_floors":[7,22,22,22],"current_hp_per_floor":[75,75,57,57,57,57,57,55,55,25,47,36,58,43,65,25,75,57,23,6,4,4,4,4,0],"gold":63,"neow_bonus":"RANDOM_COMMON_RELIC","is_prod":false,"is_daily":false,"chose_seed":false,"campfire_upgraded":1,"win_rate":0,"timestamp":1565858067,"path_taken":["M","?","?","?","?","R","$","M","T","E","R","?","R","?","R","BOSS","M","M","M","M","$","?","M","M"],"build_version":"2019-07-17","purchased_purges":1,"victory":false,"max_hp_per_floor":[75,75,75,75,75,75,75,75,75,75,75,75,75,75,75,75,75,75,75,75,75,75,75,75,75],"card_choices":[{"not_picked":["Compile Driver","Storm"],"picked":"Cold Snap","floor":1},{"not_picked":["White Noise","Ball Lightning"],"picked":"Consume","floor":8},{"not_picked":["Biased Cognition","Darkness"],"picked":"Echo Form","floor":10},{"not_picked":["Ball Lightning","Go for the Eyes"],"picked":"FTL","floor":14},{"not_picked":["Machine Learning","Meteor Strike"],"picked":"Amplify","floor":16},{"not_picked":["Gash","Doom and Gloom"],"picked":"Coolheaded","floor":18},{"not_picked":["Capacitor","Doom and Gloom"],"picked":"Reinforced Body","floor":19},{"not_picked":["Beam Cell","Barrage"],"picked":"Conserve Battery+1","floor":20},{"not_picked":["Ball Lightning","Leap"],"picked":"Cold Snap+1","floor":21},{"not_picked":["Go for the Eyes","Conserve Battery"],"picked":"Cold Snap+1","floor":24}],"player_experience":51734,"relics_obtained":[{"floor":9,"key":"Dodecahedron"},{"floor":10,"key":"Oddly Smooth Stone"}],"event_choices":[{"damage_healed":0,"gold_gain":0,"cards_transformed":["Defend_B"],"player_choice":"Change","damage_taken":0,"max_hp_gain":0,"max_hp_loss":0,"event_name":"Living Wall","floor":2,"gold_loss":0,"cards_obtained":["Sunder"]},{"damage_healed":0,"gold_gain":0,"player_choice":"Take Damage","damage_taken":18,"relics_obtained":["Golden Idol"],"max_hp_gain":0,"max_hp_loss":0,"event_name":"Golden Idol","floor":3,"gold_loss":0},{"cards_removed":["Strike_B"],"damage_healed":0,"gold_gain":0,"player_choice":"Card Removal","damage_taken":0,"max_hp_gain":0,"max_hp_loss":0,"event_name":"The Cleric","floor":4,"gold_loss":50},{"damage_healed":0,"gold_gain":0,"player_choice":"Box","damage_taken":0,"relics_obtained":["Potion Belt"],"max_hp_gain":0,"max_hp_loss":0,"event_name":"Big Fish","floor":5,"gold_loss":0,"cards_obtained":["Regret"]},{"damage_healed":0,"gold_gain":75,"player_choice":"Gather Gold","damage_taken":11,"max_hp_gain":0,"max_hp_loss":0,"event_name":"World of Goop","floor":12,"gold_loss":0},{"damage_healed":0,"gold_gain":0,"player_choice":"Opened","damage_taken":0,"relics_obtained":["Shuriken"],"max_hp_gain":0,"max_hp_loss":0,"event_name":"The Mausoleum","floor":23,"gold_loss":0,"cards_obtained":["Writhe"]}],"is_beta":false,"boss_relics":[{"not_picked":["White Beast Statue","Astrolabe"],"picked":"Inserter"}],"items_purged_floors":[22],"is_endless":false,"potions_floor_spawned":[16,18,19,20,24],"killed_by":"Cultist and Chosen","ascension_level":0}