{"gold_per_floor":[118,128,128,148,166,166,133,168,168,202,215,215,215,215,227,239],"floor_reached":16,"playtime":541,"items_purged":[],"score":127,"play_id":"fdf5dfe4-9188-4209-9c8b-3b4b41a1b753","local_time":"20190714232338","is_ascension_mode":true,"campfire_choices":[{"floor":6,"key":"RECALL"},{"floor":13,"key":"REST"},{"floor":15,"key":"REST"}],"neow_cost":"NONE","seed_source_timestamp":28893793375066,"circlet_count":0,"master_deck":["Strike_R","Strike_R","Strike_R","Strike_R","Defend_R","Defend_R","Defend_R","Defend_R","Bash","Shrug It Off","Cleave","Pommel Strike","Heavy Blade","Pommel Strike","Blood for Blood"],"relics":["Burning Blood","NeowsBlessing","Toxic Egg 2","Matryoshka","Sundial","Centennial Puzzle","MawBank"],"potions_floor_usage":[8,10],"damage_taken":[{"damage":0,"enemies":"2 Louse","floor":1,"turns":1},{"damage":0,"enemies":"Small Slimes","floor":2,"turns":1},{"damage":0,"enemies":"Cultist","floor":4,"turns":1},{"damage":16,"enemies":"Lots of Slimes","floor":5,"turns":3},{"damage":32,"enemies":"3 Sentries","floor":8,"turns":8},{"damage":16,"enemies":"Gremlin Nob","floor":10,"turns":3},{"damage":9,"enemies":"Looter","floor":11,"turns":3},{"damage":66,"enemies":"Hexaghost","floor":16,"turns":10}],"seed_played":"2328729991378256512","potions_obtained":[{"floor":2,"key":"Energy Potion"},{"floor":8,"key":"Strength Potion"}],"is_trial":false,"path_per_floor":["M","M","?","M","M","R","?","E","T","E","M","?","R","T","R","B"],"character_chosen":"IRONCLAD","items_purchased":[],"campfire_rested":2,"item_purchase_floors":[],"current_hp_per_floor":[80,80,73,79,69,69,69,43,43,33,30,18,42,42,66,0],"gold":239,"neow_bonus":"THREE_ENEMY_KILL","is_prod":false,"is_daily":false,"chose_seed":false,"campfire_upgraded":0,"win_rate":0,"timestamp":1563139418,"path_taken":["M","M","?","M","M","R","?","E","T","E","M","?","R","?","R","BOSS"],"build_version":"2019-07-05","purchased_purges":0,"victory":false,"max_hp_per_floor":[80,80,80,80,80,80,80,80,80,80,80,80,80,80,80,80],"card_choices":[{"not_picked":["Havoc","Pommel Strike"],"picked":"Shrug It Off","floor":1},{"not_picked":["Carnage","Perfected Strike"],"picked":"Cleave","floor":2},{"not_picked":["Iron Wave","Twin Strike"],"picked":"Pommel Strike","floor":4},{"not_picked":["Whirlwind","Corruption"],"picked":"Heavy Blade","floor":5},{"not_picked":["Warcry","Immolate","Perfected Strike"],"picked":"SKIP","floor":8},{"not_picked":["Clash","Headbutt"],"picked":"Pommel Strike","floor":10},{"not_picked":["Sword Boomerang","Clothesline"],"picked":"Blood for Blood","floor":11}],"player_experience":81555,"relics_obtained":[{"floor":8,"key":"Toxic Egg 2"},{"floor":9,"key":"Matryoshka"},{"floor":10,"key":"Sundial"},{"floor":14,"key":"MawBank"}],"event_choices":[{"cards_removed":["Strike_R"],"damage_healed":0,"gold_gain":0,"player_choice":"Card Removal","damage_taken":7,"max_hp_gain":0,"max_hp_loss":0,"event_name":"Golden Wing","floor":3,"gold_loss":0},{"damage_healed":0,"gold_gain":0,"player_choice":"Left Gold","damage_taken":0,"max_hp_gain":0,"max_hp_loss":0,"event_name":"World of Goop","floor":7,"gold_loss":33},{"damage_healed":0,"gold_gain":0,"player_choice":"Success","damage_taken":12,"relics_obtained":["Centennial Puzzle"],"max_hp_gain":0,"max_hp_loss":0,"event_name":"Scrap Ooze","floor":12,"gold_loss":0}],"is_beta":false,"boss_relics":[],"items_purged_floors":[],"is_endless":false,"potions_floor_spawned":[2,8],"killed_by":"Hexaghost","ascension_level":3}