{"gold_per_floor":[367,1,21,21,36,36,71,71,71,25,42,67,84,110,110,214,214,233,233,188,205,219,219,219,35,103,129,129,129,145,202,202,300,300,320,320,320,338,107,140,140,140,140,140,140,159,173,204,204,204],"floor_reached":51,"playtime":3688,"items_purged":["Injury"],"score":1308,"play_id":"27fee9f9-2be3-4650-bdcf-43978cc635b2","local_time":"20190823054418","is_ascension_mode":true,"campfire_choices":[{"data":"True Grit","floor":6.0,"key":"SMITH"},{"data":"Uppercut","floor":8.0,"key":"SMITH"},{"floor":15.0,"key":"REST"},{"data":"Intimidate","floor":23.0,"key":"SMITH"},{"data":"True Grit","floor":28.0,"key":"SMITH"},{"data":"Demon Form","floor":32.0,"key":"SMITH"},{"data":"Disarm","floor":41,"key":"SMITH"},{"data":"Apotheosis","floor":44,"key":"SMITH"},{"data":"Limit Break","floor":49,"key":"SMITH"}],"neow_cost":"CURSE","seed_source_timestamp":0,"circlet_count":0,"master_deck":["AscendersBane","Strike_R+1","Strike_R+1","Strike_R+1","Strike_R+1","Strike_R+1","Defend_R+1","Defend_R+1","Defend_R+1","Defend_R+1","Bash+1","Clothesline","True Grit+1","Iron Wave","Uppercut+1","Thunderclap+1","Intimidate+1","Anger+1","Reckless Charge+1","Body Slam+1","Impervious","Spot Weakness+1","Iron Wave+1","Twin Strike+1","Headbutt+1","Pommel Strike+1","Thunderclap+1","Inflame","True Grit+1","Disarm+1","Battle Trance","Demon Form+1","Impervious","Pommel Strike+1","Parasite","Twin Strike+1","Cleave+1","Headbutt+1","Blind","Apotheosis+1","Transmutation","Clumsy","Demon Form+1","Iron Wave+1","Limit Break+1"],"special_seed":0,"relics":["Burning Blood","FossilizedHelix","Whetstone","Molten Egg 2","PreservedInsect","Eternal Feather","Nloth\u0027s Gift","Gremlin Horn","Smiling Mask","Self Forming Clay","Tiny Chest","Cursed Key","Matryoshka","Anchor","Incense Burner","Bag of Marbles","Lantern","Singing Bowl"],"potions_floor_usage":[40,40],"damage_taken":[{"damage":2.0,"enemies":"2 Louse","floor":1.0,"turns":3.0},{"damage":0.0,"enemies":"Cultist","floor":3.0,"turns":4.0},{"damage":0.0,"enemies":"Small Slimes","floor":5.0,"turns":3.0},{"damage":34.0,"enemies":"Lagavulin","floor":7.0,"turns":9.0},{"damage":15.0,"enemies":"Exordium Wildlife","floor":11.0,"turns":4.0},{"damage":19.0,"enemies":"Gremlin Nob","floor":12.0,"turns":5.0},{"damage":9.0,"enemies":"Exordium Thugs","floor":13.0,"turns":5.0},{"damage":0.0,"enemies":"3 Sentries","floor":14.0,"turns":4.0},{"damage":42.0,"enemies":"Slime Boss","floor":16.0,"turns":10.0},{"damage":11.0,"enemies":"Shell Parasite","floor":18.0,"turns":8.0},{"damage":23.0,"enemies":"3 Byrds","floor":21.0,"turns":6.0},{"damage":35.0,"enemies":"Sentry and Sphere","floor":22.0,"turns":6.0},{"damage":21.0,"enemies":"Slavers","floor":27.0,"turns":4.0},{"damage":0.0,"enemies":"Chosen and Byrds","floor":30.0,"turns":6.0},{"damage":12.0,"enemies":"Book of Stabbing","floor":31.0,"turns":6.0},{"damage":47.0,"enemies":"Automaton","floor":33.0,"turns":9.0},{"damage":0,"enemies":"3 Darklings","floor":35,"turns":3},{"damage":0,"enemies":"Orb Walker","floor":38,"turns":3},{"damage":0,"enemies":"Reptomancer","floor":40,"turns":5},{"damage":3,"enemies":"Jaw Worm Horde","floor":46,"turns":5},{"damage":0,"enemies":"Sphere and 2 Shapes","floor":47,"turns":3},{"damage":0,"enemies":"Nemesis","floor":48,"turns":5},{"damage":40,"enemies":"Time Eater","floor":50,"turns":8}],"seed_played":"7627656119084725791","potions_obtained":[{"floor":5.0,"key":"Explosive Potion"},{"floor":7.0,"key":"LiquidBronze"},{"floor":11.0,"key":"Weak Potion"},{"floor":12.0,"key":"Block Potion"},{"floor":13.0,"key":"Strength Potion"},{"floor":27.0,"key":"GamblersBrew"},{"floor":31.0,"key":"LiquidBronze"},{"floor":33.0,"key":"Dexterity Potion"},{"floor":37,"key":"EntropicBrew"}],"is_trial":false,"path_per_floor":["M","$","M","$","M","R","E","R","T","$","M","E","M","E","R","B",null,"M","?","$","M","M","R","?","$","T","E","R","T","M","E","R","B",null,"M","T","?","M","$","E","R","?","T","R","?","M","M","E","R","B",null],"character_chosen":"IRONCLAD","items_purchased":["FossilizedHelix","Thunderclap+1","Iron Wave+1","Pommel Strike+1","Thunderclap+1","Inflame","True Grit","Anchor","Cleave+1","Headbutt+1"],"campfire_rested":1,"item_purchase_floors":[2,10,20,25,25,25,25,39,39,39],"current_hp_per_floor":[76,76,80,80,80,80,52,52,52,52,43,30,27,33,72,36,69,64,64,64,47,18,33,33,33,33,18,36,36,42,36,54,13,63,69,69,69,75,75,80,80,70,70,80,80,80,80,80,80,46],"gold":204,"neow_bonus":"TWO_FIFTY_GOLD","is_prod":false,"is_daily":false,"chose_seed":false,"campfire_upgraded":8,"win_rate":0,"timestamp":1566553458,"path_taken":["M","$","M","$","M","R","E","R","T","$","M","E","M","E","R","BOSS","M","?","?","M","?","R","?","$","T","E","R","?","M","E","R","BOSS","M","?","?","?","$","E","R","?","T","R","?","?","M","E","R","BOSS"],"build_version":"2019-07-17","purchased_purges":1,"victory":true,"max_hp_per_floor":[80,80,80,80,80,80,80,80,80,80,80,80,80,80,80,80,80,80,80,80,80,80,80,80,80,80,80,80,80,80,80,80,80,80,80,80,80,80,80,80,80,80,80,80,80,80,80,80,80,80],"card_choices":[{"not_picked":["True Grit","Burning Pact"],"picked":"Clothesline","floor":1.0},{"not_picked":["Armaments","Sentinel"],"picked":"True Grit","floor":3.0},{"not_picked":["Ghostly Armor","Heavy Blade"],"picked":"Iron Wave","floor":5.0},{"not_picked":["Thunderclap","Cleave"],"picked":"Uppercut","floor":7.0},{"not_picked":["Dual Wield","Clash+1"],"picked":"Intimidate","floor":11.0},{"not_picked":["True Grit","Impervious"],"picked":"Anger+1","floor":12.0},{"not_picked":["Wild Strike+1","Flex"],"picked":"Reckless Charge+1","floor":13.0},{"not_picked":["Combust","Battle Trance"],"picked":"Body Slam+1","floor":14.0},{"not_picked":["Reaper+1","Barricade"],"picked":"Impervious","floor":16.0},{"not_picked":["Clash+1","Perfected Strike+1"],"picked":"Spot Weakness+1","floor":18.0},{"not_picked":["Sword Boomerang+1","Anger+1"],"picked":"Twin Strike+1","floor":21.0},{"not_picked":["Sword Boomerang+1","Flex"],"picked":"Headbutt+1","floor":22.0},{"not_picked":["Burning Pact","Warcry"],"picked":"Disarm","floor":27.0},{"not_picked":["Infernal Blade","Reckless Charge+1"],"picked":"Battle Trance","floor":30.0},{"not_picked":["Reckless Charge+1","Anger+1"],"picked":"Demon Form","floor":31.0},{"not_picked":["Juggernaut","Feed+1"],"picked":"Impervious","floor":33.0},{"not_picked":["Clash+1","Anger+1"],"picked":"Pommel Strike+1","floor":35},{"not_picked":["Bloodletting","Armaments"],"picked":"Twin Strike+1","floor":38},{"not_picked":["Berserk","Blood for Blood+1","Brutality"],"picked":"SKIP","floor":40},{"not_picked":["Madness","Flash of Steel+1"],"picked":"Blind","floor":42},{"not_picked":["Panacea","Good Instincts"],"picked":"Apotheosis","floor":42},{"not_picked":["Finesse","Discovery"],"picked":"Transmutation","floor":42},{"not_picked":["Perfected Strike+1","Searing Blow+1"],"picked":"Iron Wave+1","floor":46},{"not_picked":["Anger+1","Rampage+1","Corruption+1"],"picked":"SKIP","floor":47},{"not_picked":["Disarm","Shrug It Off"],"picked":"Limit Break","floor":48}],"player_experience":482091,"relics_obtained":[{"floor":7.0,"key":"Whetstone"},{"floor":9.0,"key":"Molten Egg 2"},{"floor":12.0,"key":"PreservedInsect"},{"floor":14.0,"key":"Regal Pillow"},{"floor":26.0,"key":"Gremlin Horn"},{"floor":27.0,"key":"Smiling Mask"},{"floor":29.0,"key":"Self Forming Clay"},{"floor":31.0,"key":"Tiny Chest"},{"floor":36,"key":"Matryoshka"},{"floor":40,"key":"Incense Burner"},{"floor":43,"key":"Bag of Marbles"},{"floor":43,"key":"Lantern"},{"floor":48,"key":"Singing Bowl"}],"event_choices":[{"damage_healed":0.0,"max_hp_gain":0.0,"max_hp_loss":0.0,"gold_gain":0.0,"event_name":"N\u0027loth","player_choice":"Traded Relic","floor":19.0,"relics_lost":["Regal Pillow"],"gold_loss":0.0,"damage_taken":0.0,"relics_obtained":["Nloth\u0027s Gift"]},{"damage_healed":0.0,"max_hp_gain":0.0,"max_hp_loss":0.0,"gold_gain":0.0,"event_name":"Back to Basics","player_choice":"Simplicity","floor":24.0,"gold_loss":0.0,"damage_taken":0.0,"cards_upgraded":["Strike_R","Strike_R","Strike_R","Strike_R","Defend_R","Defend_R","Defend_R","Defend_R"]},{"damage_healed":0,"gold_gain":0,"player_choice":"Got Potions","damage_taken":0,"max_hp_gain":0,"max_hp_loss":0,"event_name":"Lab","floor":37,"gold_loss":0},{"damage_healed":0,"gold_gain":0,"player_choice":"Memory 3","damage_taken":10,"max_hp_gain":0,"max_hp_loss":0,"event_name":"SensoryStone","floor":42,"gold_loss":0},{"damage_healed":0,"gold_gain":0,"player_choice":"Copied","damage_taken":0,"max_hp_gain":0,"max_hp_loss":0,"event_name":"Duplicator","floor":45,"gold_loss":0,"cards_obtained":["Demon Form"]}],"is_beta":false,"boss_relics":[{"not_picked":["Philosopher\u0027s Stone","Busted Crown"],"picked":"Eternal Feather"},{"not_picked":["Runic Dome","Pandora\u0027s Box"],"picked":"Cursed Key"}],"items_purged_floors":[2],"is_endless":false,"potions_floor_spawned":[5,7,11,12,13,27,31,33,38,48],"ascension_level":12}