{"gold_per_floor":[111,111,124,3,3,3,36,55,55,55,67,83,102,102,102,102],"floor_reached":16,"playtime":998,"items_purged":["Strike_R"],"score":133,"play_id":"eb2fae07-c716-4b2d-bf2d-92a85f1eda13","local_time":"20181005125947","is_ascension_mode":true,"campfire_choices":[{"data":"Armaments","floor":6,"key":"SMITH"},{"data":"Bash","floor":10,"key":"SMITH"},{"floor":15,"key":"REST"}],"neow_cost":"NONE","seed_source_timestamp":666806700073917,"circlet_count":0,"master_deck":["Strike_R+1","Strike_R+1","Strike_R","Defend_R","Defend_R","Defend_R","Defend_R","Bash+1","Shrug It Off","Clash","Iron Wave","Armaments+1","Pain","Disarm","Pommel Strike"],"relics":["Burning Blood","WarpedTongs","The Courier","Whetstone"],"potions_floor_usage":[],"damage_taken":[{"damage":0,"enemies":"2 Louse","floor":1,"turns":3},{"damage":0,"enemies":"Jaw Worm","floor":3,"turns":3},{"damage":19,"enemies":"Lagavulin","floor":7,"turns":8},{"damage":6,"enemies":"Cultist","floor":8,"turns":4},{"damage":2,"enemies":"2 Fungi Beasts","floor":11,"turns":5},{"damage":15,"enemies":"Exordium Thugs","floor":12,"turns":6},{"damage":15,"enemies":"Large Slime","floor":13,"turns":12},{"damage":91,"enemies":"Hexaghost","floor":16,"turns":14}],"seed_played":"-5482190659780586116","potions_obtained":[{"floor":3,"key":"SpeedPotion"},{"floor":12,"key":"Weak Potion"}],"is_trial":false,"path_per_floor":["M","?","M","$","?","R","E","M","T","R","M","M","M","?","R"],"character_chosen":"IRONCLAD","items_purchased":["Armaments"],"campfire_rested":1,"item_purchase_floors":[4],"current_hp_per_floor":[86,86,88,88,88,88,75,75,75,75,79,70,61,61,87,0],"gold":102,"neow_bonus":"TEN_PERCENT_HP_BONUS","is_prod":false,"is_daily":false,"chose_seed":false,"campfire_upgraded":2,"win_rate":0,"timestamp":1538762387,"path_taken":["M","?","M","$","?","R","E","?","T","R","M","M","M","?","R","BOSS"],"build_version":"2018-10-04","purchased_purges":1,"victory":false,"max_hp_per_floor":[88,88,88,88,88,88,88,88,88,88,88,88,88,88,88,88],"card_choices":[{"not_picked":["Combust","Pommel Strike"],"picked":"Shrug It Off","floor":1},{"not_picked":["Flex","Anger"],"picked":"Iron Wave","floor":3},{"not_picked":["Reaper","Pommel Strike"],"picked":"Disarm","floor":7},{"not_picked":["Thunderclap","Perfected Strike","Cleave"],"picked":"SKIP","floor":8},{"not_picked":["Reckless Charge","Rampage","Warcry"],"picked":"SKIP","floor":11},{"not_picked":["Iron Wave","Anger"],"picked":"Pommel Strike","floor":12},{"not_picked":["Sword Boomerang","Anger","Thunderclap"],"picked":"SKIP","floor":13}],"player_experience":201658,"relics_obtained":[{"floor":7,"key":"The Courier"},{"floor":9,"key":"Whetstone"}],"event_choices":[{"event_name":"Living Wall","player_choice":"Change","floor":2,"damage_taken":0},{"event_name":"Accursed Blacksmith","player_choice":"Rummage","floor":5,"damage_taken":0},{"event_name":"Liars Game","player_choice":"disagreed","floor":14,"damage_taken":0}],"is_beta":false,"boss_relics":[],"items_purged_floors":[4],"is_endless":false,"potions_floor_spawned":[3,12],"killed_by":"Hexaghost","ascension_level":6}