{"gold_per_floor":[109,127,144,43,43,43,70,70,70,70,84,104,121,71,71,170,170,186,186,203,28,44,44,61,80,80,100,117,149,149,149,149,249,249,260,273,284,284],"floor_reached":38,"playtime":4270,"items_purged":["Strike_B","Strike_B"],"score":565,"play_id":"1fc8860d-ac30-46ed-adb6-e4b43e538a90","local_time":"20190710031951","is_ascension_mode":true,"campfire_choices":[{"data":"Zap","floor":6,"key":"SMITH"},{"data":"Defragment","floor":8,"key":"SMITH"},{"data":"Dualcast","floor":10,"key":"SMITH"},{"data":"Consume","floor":15,"key":"SMITH"},{"data":"Defragment","floor":23,"key":"SMITH"},{"data":"Capacitor","floor":30,"key":"SMITH"},{"floor":32,"key":"REST"}],"neow_cost":"NONE","seed_source_timestamp":266628938894997,"circlet_count":0,"master_deck":["Strike_B","Strike_B","Defend_B","Defend_B","Defend_B","Zap+1","Dualcast+1","Core Surge","Consume+1","Coolheaded","Defragment+1","BootSequence","Capacitor+1","Machine Learning","Self Repair+1","Defragment+1","Steam+1","White Noise+1","Reinforced Body","Buffer"],"relics":["Cracked Core","Meat on the Bone","Potion Belt","Cursed Key","Gremlin Horn","Eternal Feather"],"potions_floor_usage":[25,29,29,29,33,38,38,38,38],"damage_taken":[{"damage":0,"enemies":"Small Slimes","floor":1,"turns":2},{"damage":0,"enemies":"2 Louse","floor":2,"turns":1},{"damage":1,"enemies":"Cultist","floor":3,"turns":3},{"damage":10,"enemies":"Lagavulin","floor":7,"turns":9},{"damage":5,"enemies":"Gremlin Gang","floor":11,"turns":5},{"damage":3,"enemies":"Exordium Wildlife","floor":12,"turns":4},{"damage":0,"enemies":"Looter","floor":13,"turns":2},{"damage":0,"enemies":"The Guardian","floor":16,"turns":10},{"damage":22,"enemies":"2 Thieves","floor":18,"turns":4},{"damage":19,"enemies":"Spheric Guardian","floor":20,"turns":5},{"damage":5,"enemies":"Cultist and Chosen","floor":22,"turns":6},{"damage":5,"enemies":"Centurion and Healer","floor":24,"turns":8},{"damage":21,"enemies":"3 Cultists","floor":25,"turns":6},{"damage":42,"enemies":"Snecko","floor":27,"turns":7},{"damage":4,"enemies":"Chosen and Byrds","floor":28,"turns":5},{"damage":46,"enemies":"Slavers","floor":29,"turns":5},{"damage":20,"enemies":"Champ","floor":33,"turns":8},{"damage":42,"enemies":"3 Darklings","floor":35,"turns":9},{"damage":32,"enemies":"3 Shapes","floor":36,"turns":5},{"damage":5,"enemies":"Maw","floor":37,"turns":10},{"damage":85,"enemies":"2 Orb Walkers","floor":38,"turns":6}],"seed_played":"5322336730861994847","potions_obtained":[{"floor":1,"key":"FocusPotion"},{"floor":3,"key":"SpeedPotion"},{"floor":7,"key":"GamblersBrew"},{"floor":12,"key":"LiquidBronze"},{"floor":22,"key":"Poison Potion"},{"floor":25,"key":"GamblersBrew"},{"floor":29,"key":"Swift Potion"},{"floor":33,"key":"Energy Potion"},{"floor":36,"key":"Regen Potion"}],"is_trial":false,"path_per_floor":["M","M","M","$","?","R","E","R","T","R","M","M","M","?","R","B",null,"M","?","M","$","M","R","M","M","T","M","M","E","R","?","R","B",null,"M","M","M","?"],"character_chosen":"DEFECT","items_purchased":["Coolheaded","Defragment"],"campfire_rested":1,"item_purchase_floors":[4,21],"current_hp_per_floor":[75,75,74,74,79,79,69,69,69,69,64,61,61,61,61,61,75,53,53,56,56,61,61,66,55,55,35,53,29,29,29,53,55,74,54,44,61,0],"gold":284,"neow_bonus":"ONE_RANDOM_RARE_CARD","is_prod":false,"is_daily":false,"chose_seed":false,"campfire_upgraded":6,"win_rate":0,"timestamp":1562696391,"path_taken":["M","M","M","$","?","R","E","R","T","R","M","M","M","?","R","BOSS","M","?","M","$","M","R","M","?","T","?","M","E","R","?","R","BOSS","M","?","M","?"],"build_version":"2019-07-05","purchased_purges":2,"victory":false,"max_hp_per_floor":[75,75,75,75,80,80,80,80,80,80,80,80,80,80,80,80,80,80,80,80,80,80,80,80,80,80,80,80,80,80,80,80,80,80,80,80,80,80],"card_choices":[{"not_picked":["Cold Snap","Lockon","Fusion"],"picked":"SKIP","floor":1},{"not_picked":["Static Discharge","Rebound"],"picked":"Consume","floor":2},{"not_picked":["Redo","Ball Lightning","Sweeping Beam"],"picked":"SKIP","floor":3},{"not_picked":["Rebound","Double Energy"],"picked":"Defragment","floor":7},{"not_picked":["Steam","Ball Lightning"],"picked":"BootSequence","floor":11},{"not_picked":["Cold Snap","Gash"],"picked":"Capacitor","floor":12},{"not_picked":["BootSequence","Hologram","Darkness"],"picked":"SKIP","floor":13},{"not_picked":["Thunder Strike","Biased Cognition"],"picked":"Machine Learning","floor":16},{"not_picked":["Redo","Turbo+1"],"picked":"Self Repair+1","floor":18},{"not_picked":["Consume","Doom and Gloom","Rebound+1"],"picked":"SKIP","floor":20},{"not_picked":["Chill","Hyperbeam"],"picked":"Steam+1","floor":22},{"not_picked":["Coolheaded","Rebound","Stack"],"picked":"SKIP","floor":24},{"not_picked":["Gash+1","Beam Cell"],"picked":"White Noise+1","floor":25},{"not_picked":["Hologram","Auto Shields","Darkness+1"],"picked":"SKIP","floor":27},{"not_picked":["Consume+1","Compile Driver"],"picked":"Reinforced Body","floor":28},{"not_picked":["Gash","Turbo+1","Steam Power"],"picked":"SKIP","floor":29},{"not_picked":["Hyperbeam","Fission"],"picked":"Buffer","floor":33},{"not_picked":["Blizzard","Compile Driver","Hologram"],"picked":"SKIP","floor":36},{"not_picked":["Reinforced Body","Fusion","Recycle"],"picked":"SKIP","floor":37}],"player_experience":214196,"relics_obtained":[{"floor":7,"key":"Meat on the Bone"},{"floor":9,"key":"Potion Belt"},{"floor":29,"key":"Gremlin Horn"}],"event_choices":[{"damage_healed":0,"gold_gain":0,"player_choice":"Donut","damage_taken":0,"max_hp_gain":5,"max_hp_loss":0,"event_name":"Big Fish","floor":5,"gold_loss":0},{"cards_removed":["Defend_B"],"damage_healed":0,"gold_gain":0,"player_choice":"Card Removal","damage_taken":0,"max_hp_gain":0,"max_hp_loss":0,"event_name":"The Cleric","floor":14,"gold_loss":50},{"damage_healed":0,"gold_gain":0,"player_choice":"Bought 0 Potions","damage_taken":0,"max_hp_gain":0,"max_hp_loss":0,"event_name":"The Woman in Blue","floor":19,"gold_loss":0},{"damage_healed":0,"gold_gain":0,"player_choice":"Ignored","damage_taken":0,"max_hp_gain":0,"max_hp_loss":0,"event_name":"N\u0027loth","floor":31,"gold_loss":0},{"damage_healed":0,"gold_gain":0,"player_choice":"Fight","damage_taken":0,"max_hp_gain":0,"max_hp_loss":0,"event_name":"Mysterious Sphere","floor":38,"gold_loss":0}],"is_beta":false,"boss_relics":[{"not_picked":["Philosopher\u0027s Stone","Astrolabe"],"picked":"Cursed Key"},{"not_picked":["Calling Bell","Snecko Eye"],"picked":"Eternal Feather"}],"items_purged_floors":[4,21],"is_endless":false,"potions_floor_spawned":[1,3,7,12,22,25,29,33,36],"killed_by":"2 Orb Walkers","ascension_level":5}