{"gold_per_floor":[114,129,144,159,234,249,77,23,23,23,38,53,68,83,83,183,183,198,243,258,288,303,333,348,363,363,378,393,14,29,59,59,159,159,174,99,114,129,144,174,189,219,269,299,314,329,344,359,359,359],"floor_reached":51,"playtime":6180,"items_purged":[],"score":991,"play_id":"e2932609-342b-4ee5-ab3e-f1017bebdc62","local_time":"20180912120027","daily_mods":["Allstar","Time Dilation","Vintage"],"is_ascension_mode":false,"campfire_choices":[{"floor":10.0,"key":"REST"},{"data":"Magnetism","floor":15.0,"key":"SMITH"},{"data":"Violence","floor":32.0,"key":"SMITH"},{"data":"Blade Dance","floor":49,"key":"SMITH"}],"neow_cost":"","seed_source_timestamp":0,"circlet_count":0,"master_deck":["Defend_G","Defend_G","Defend_G","Defend_G","Defend_G","Strike_G","Strike_G","Strike_G","Strike_G","Strike_G","Survivor","Neutralize","Violence+1","Swift Strike","Master of Strategy+1","Finesse","Magnetism+1","Flash of Steel","Escape Plan","Deflect","After Image","Reflex+1","Panache","Blade Dance+1","Prepared+1","Madness","Dagger Throw","Masterful Stab","Crippling Poison","A Thousand Cuts","Dramatic Entrance","Masterful Stab","Backstab+1","Writhe","Noxious Fumes+1"],"special_seed":17786,"relics":["Ring of the Snake","Bag of Preparation","Boot","Oddly Smooth Stone","Vajra","Kunai","Shuriken","The Courier","Bronze Scales","Ginger","Orichalcum","Lantern","Runic Dome","PreservedInsect","Tiny Chest","Smiling Mask","Anchor","Sundial","Pen Nib","Singing Bowl","Bottled Flame","Ornamental Fan","Centennial Puzzle","Mercury Hourglass","Bottled Lightning","WingedGreaves","Snake Skull","Cursed Key","Blood Vial","Juzu Bracelet","Happy Flower","Ninja Scroll","Regal Pillow","Strawberry","Letter Opener","Potion Belt","War Paint","Omamori","Meat on the Bone","Mummified Hand","Question Card"],"potions_floor_usage":[],"damage_taken":[{"damage":2.0,"enemies":"Jaw Worm","floor":1.0,"turns":4.0},{"damage":0.0,"enemies":"Small Slimes","floor":2.0,"turns":2.0},{"damage":0.0,"enemies":"Cultist","floor":3.0,"turns":2.0},{"damage":0.0,"enemies":"Red Slaver","floor":4.0,"turns":3.0},{"damage":2.0,"enemies":"Large Slime","floor":6.0,"turns":6.0},{"damage":0.0,"enemies":"3 Louse","floor":11.0,"turns":2.0},{"damage":0.0,"enemies":"Gremlin Gang","floor":12.0,"turns":3.0},{"damage":0.0,"enemies":"Large Slime","floor":13.0,"turns":3.0},{"damage":0.0,"enemies":"Blue Slaver","floor":14.0,"turns":2.0},{"damage":12.0,"enemies":"The Guardian","floor":16.0,"turns":6.0},{"damage":0.0,"enemies":"Chosen","floor":18.0,"turns":4.0},{"damage":0.0,"enemies":"Spheric Guardian","floor":19.0,"turns":3.0},{"damage":0.0,"enemies":"Chosen and Byrds","floor":20.0,"turns":3.0},{"damage":4.0,"enemies":"Cultist and Chosen","floor":21.0,"turns":5.0},{"damage":2.0,"enemies":"Sentry and Sphere","floor":22.0,"turns":4.0},{"damage":0.0,"enemies":"Gremlin Leader","floor":23.0,"turns":4.0},{"damage":0.0,"enemies":"Snecko","floor":24.0,"turns":4.0},{"damage":0.0,"enemies":"3 Cultists","floor":25.0,"turns":3.0},{"damage":0.0,"enemies":"Centurion and Healer","floor":27.0,"turns":3.0},{"damage":0.0,"enemies":"Snake Plant","floor":28.0,"turns":2.0},{"damage":0.0,"enemies":"3 Cultists","floor":30.0,"turns":2.0},{"damage":0.0,"enemies":"Book of Stabbing","floor":31.0,"turns":2.0},{"damage":20.0,"enemies":"Collector","floor":33.0,"turns":4.0},{"damage":0.0,"enemies":"Orb Walker","floor":35.0,"turns":1.0},{"damage":0.0,"enemies":"3 Shapes","floor":37.0,"turns":1.0},{"damage":0.0,"enemies":"3 Darklings","floor":38.0,"turns":1.0},{"damage":0.0,"enemies":"Spire Growth","floor":39.0,"turns":2.0},{"damage":0.0,"enemies":"2 Orb Walkers","floor":40.0,"turns":1.0},{"damage":0.0,"enemies":"Sphere and 2 Shapes","floor":41.0,"turns":1.0},{"damage":4.0,"enemies":"Giant Head","floor":42.0,"turns":3.0},{"damage":0.0,"enemies":"Nemesis","floor":44.0,"turns":1.0},{"damage":0.0,"enemies":"Reptomancer","floor":45.0,"turns":1.0},{"damage":0.0,"enemies":"Spire Growth","floor":46.0,"turns":1.0},{"damage":0.0,"enemies":"3 Darklings","floor":47.0,"turns":1.0},{"damage":0,"enemies":"Transient","floor":48,"turns":5},{"damage":0,"enemies":"Awakened One","floor":50,"turns":6}],"seed_played":"104536176025665139","potions_obtained":[{"floor":4.0,"key":"LiquidBronze"},{"floor":6.0,"key":"SteroidPotion"},{"floor":11.0,"key":"PowerPotion"},{"floor":13.0,"key":"SteroidPotion"},{"floor":19.0,"key":"GhostInAJar"},{"floor":21.0,"key":"AttackPotion"},{"floor":28.0,"key":"Regen Potion"},{"floor":48,"key":"FearPotion"}],"is_trial":false,"path_per_floor":["M","M","M","M","?","M","$","$","T","R","M","M","M","M","R","B",null,"M","M","M","M","M","E","M","M","T","M","M","$","M","E","R","B",null,"M","$","M","M","M","E","M","E","T","E","M","M","M","M","R","B"],"character_chosen":"THE_SILENT","items_purchased":["Flash of Steel","Escape Plan","Deflect","Panache","Blade Dance","Prepared","Madness","Dagger Throw","Masterful Stab","Dramatic Entrance"],"campfire_rested":1,"item_purchase_floors":[7,7,8,29,29,29,29,29,29,36],"current_hp_per_floor":[68,68,68,68,57,55,55,55,55,70,70,70,70,70,70,58,70,70,70,70,66,64,64,64,64,64,64,64,64,64,64,64,44,70,70,70,70,70,70,70,77,73,73,75,77,77,77,77,77,77],"gold":359,"neow_bonus":"","is_prod":false,"is_daily":true,"chose_seed":false,"campfire_upgraded":3,"win_rate":0.0,"timestamp":1536771627,"path_taken":["M","M","M","M","?","M","?","$","T","R","M","M","M","M","R","BOSS","M","M","M","M","?","E","M","M","T","M","M","$","M","E","R","BOSS","M","$","M","M","M","E","M","E","T","E","M","M","M","M","R","BOSS"],"build_version":"2018-09-06","purchased_purges":0,"victory":true,"max_hp_per_floor":[70,70,70,70,70,70,70,70,70,70,70,70,70,70,70,70,70,70,70,70,70,70,70,70,70,70,70,70,70,70,70,70,70,70,70,70,70,70,70,70,77,77,77,77,77,77,77,77,77,77],"card_choices":[{"not_picked":["Die Die Die","Bullet Time"],"picked":"After Image","floor":16.0},{"not_picked":["Underhanded Strike","PiercingWail+1"],"picked":"Reflex+1","floor":23.0},{"not_picked":["Leg Sweep","Noxious Fumes"],"picked":"Crippling Poison","floor":31.0},{"not_picked":["Wraith Form v2","Malaise"],"picked":"A Thousand Cuts","floor":33.0},{"not_picked":["Tactician","Noxious Fumes+1"],"picked":"Masterful Stab","floor":40.0},{"not_picked":["Dodge and Roll","Flying Knee"],"picked":"Backstab+1","floor":42.0},{"not_picked":["Deadly Poison+1","Caltrops"],"picked":"Noxious Fumes+1","floor":44.0}],"player_experience":31034,"relics_obtained":[{"floor":1.0,"key":"Bag of Preparation"},{"floor":2.0,"key":"Boot"},{"floor":3.0,"key":"Oddly Smooth Stone"},{"floor":4.0,"key":"Vajra"},{"floor":6.0,"key":"Kunai"},{"floor":9.0,"key":"Shuriken"},{"floor":11.0,"key":"The Courier"},{"floor":12.0,"key":"Bronze Scales"},{"floor":13.0,"key":"Ginger"},{"floor":14.0,"key":"Orichalcum"},{"floor":16.0,"key":"Lantern"},{"floor":18.0,"key":"PreservedInsect"},{"floor":19.0,"key":"Tiny Chest"},{"floor":20.0,"key":"Smiling Mask"},{"floor":21.0,"key":"Anchor"},{"floor":22.0,"key":"Sundial"},{"floor":23.0,"key":"Pen Nib"},{"floor":24.0,"key":"Singing Bowl"},{"floor":25.0,"key":"Bottled Flame"},{"floor":26.0,"key":"Ornamental Fan"},{"floor":27.0,"key":"Centennial Puzzle"},{"floor":28.0,"key":"Mercury Hourglass"},{"floor":30.0,"key":"Bottled Lightning"},{"floor":31.0,"key":"WingedGreaves"},{"floor":33.0,"key":"Snake Skull"},{"floor":35.0,"key":"Blood Vial"},{"floor":37.0,"key":"Juzu Bracelet"},{"floor":38.0,"key":"Happy Flower"},{"floor":39.0,"key":"Ninja Scroll"},{"floor":40.0,"key":"Regal Pillow"},{"floor":41.0,"key":"Strawberry"},{"floor":42.0,"key":"Letter Opener"},{"floor":43.0,"key":"Potion Belt"},{"floor":44.0,"key":"War Paint"},{"floor":45.0,"key":"Omamori"},{"floor":46.0,"key":"Meat on the Bone"},{"floor":47.0,"key":"Mummified Hand"},{"floor":48,"key":"Question Card"}],"event_choices":[{"event_name":"World of Goop","player_choice":"Gather Gold","floor":5.0,"damage_taken":0.0}],"is_beta":false,"boss_relics":[{"not_picked":["Snecko Eye","Lizard Tail"],"picked":"Runic Dome"},{"not_picked":["Tiny House","Runic Pyramid"],"picked":"Cursed Key"}],"items_purged_floors":[],"is_endless":false,"potions_floor_spawned":[4,6,11,13,16,19,21,24,25,27,28,30,40,42,46,47,48],"ascension_level":0}