{"gold_per_floor":[110,123,140,215,180,180,207,207,207,219,250,250,268,325,325,423,423,441,454,454,379,399,428,428,460,460,472,472,483,509,524,524,524],"floor_reached":33,"playtime":3914,"items_purged":[],"score":476,"play_id":"5b6f2ed7-53ee-4dd8-81f9-3ea16520a8ef","local_time":"20190829130019","is_ascension_mode":true,"campfire_choices":[{"data":"Armaments","floor":6,"key":"SMITH"},{"floor":8,"key":"REST"},{"data":"Flame Barrier","floor":12,"key":"SMITH"},{"floor":15,"key":"REST"},{"data":"Ghostly Armor","floor":24,"key":"SMITH"},{"data":"Metallicize","floor":32,"key":"SMITH"}],"neow_cost":"NONE","seed_source_timestamp":39577213220500,"circlet_count":0,"master_deck":["AscendersBane","Strike_R","Strike_R","Strike_R","Defend_R","Defend_R","Defend_R","Defend_R","Bash","Armaments+1","Shrug It Off+1","Metallicize+1","Battle Trance+1","Flame Barrier+1","Sentinel","Reaper","Seeing Red","Ghostly Armor+1","Headbutt","Body Slam+1","Body Slam","Warcry","Warcry"],"relics":["Burning Blood","Mercury Hourglass","Potion Belt","Red Skull","Gremlin Horn","Coffee Dripper","War Paint","Pantograph","Matryoshka","Vajra"],"potions_floor_usage":[11,16,16,22,23,25,33,33,33],"damage_taken":[{"damage":7,"enemies":"2 Louse","floor":1,"turns":3},{"damage":7,"enemies":"Jaw Worm","floor":2,"turns":6},{"damage":1,"enemies":"Small Slimes","floor":3,"turns":7},{"damage":45,"enemies":"3 Sentries","floor":7,"turns":16},{"damage":3,"enemies":"2 Fungi Beasts","floor":10,"turns":5},{"damage":21,"enemies":"Gremlin Nob","floor":11,"turns":5},{"damage":8,"enemies":"Lots of Slimes","floor":13,"turns":4},{"damage":15,"enemies":"Gremlin Nob","floor":14,"turns":4},{"damage":50,"enemies":"The Guardian","floor":16,"turns":16},{"damage":7,"enemies":"Shell Parasite","floor":18,"turns":12},{"damage":10,"enemies":"3 Byrds","floor":19,"turns":4},{"damage":28,"enemies":"Centurion and Healer","floor":22,"turns":11},{"damage":24,"enemies":"Book of Stabbing","floor":23,"turns":8},{"damage":5,"enemies":"Slavers","floor":25,"turns":6},{"damage":33,"enemies":"Shelled Parasite and Fungi","floor":27,"turns":7},{"damage":0,"enemies":"3 Cultists","floor":29,"turns":5},{"damage":29,"enemies":"Gremlin Leader","floor":30,"turns":6},{"damage":6,"enemies":"Snake Plant","floor":31,"turns":2},{"damage":103,"enemies":"Champ","floor":33,"turns":13}],"seed_played":"-1095156997270282789","potions_obtained":[{"floor":7,"key":"Strength Potion"},{"floor":11,"key":"EssenceOfSteel"},{"floor":13,"key":"Weak Potion"},{"floor":14,"key":"Regen Potion"},{"floor":16,"key":"Weak Potion"},{"floor":19,"key":"FearPotion"},{"floor":22,"key":"Ancient Potion"},{"floor":23,"key":"Fire Potion"},{"floor":25,"key":"LiquidBronze"},{"floor":30,"key":"Strength Potion"},{"floor":31,"key":"Block Potion"}],"is_trial":false,"path_per_floor":["M","M","M","?","?","R","E","R","T","M","E","R","M","?","R","B",null,"M","M","?","?","M","E","R","E","T","M","?","M","E","M","R","B"],"character_chosen":"IRONCLAD","items_purchased":[],"campfire_rested":2,"item_purchase_floors":[],"current_hp_per_floor":[71,70,75,64,80,80,41,65,65,68,53,53,51,42,66,37,69,75,71,71,71,53,39,39,50,50,31,80,80,57,57,57,0],"gold":524,"neow_bonus":"REMOVE_CARD","is_prod":false,"is_daily":false,"chose_seed":false,"campfire_upgraded":4,"win_rate":0,"timestamp":1567101619,"path_taken":["M","M","M","?","?","R","E","R","T","M","E","R","M","?","R","BOSS","M","M","?","?","M","E","R","E","T","M","?","?","E","M","R","BOSS"],"build_version":"2019-07-17","purchased_purges":0,"victory":false,"max_hp_per_floor":[80,80,80,80,80,80,80,80,80,80,80,80,80,80,80,80,80,80,80,80,80,80,80,80,80,80,80,80,80,80,80,80,80],"card_choices":[{"not_picked":["Warcry","Corruption"],"picked":"Armaments","floor":1},{"not_picked":["Iron Wave","Clash"],"picked":"Shrug It Off","floor":2},{"not_picked":["Shrug It Off","Burning Pact"],"picked":"Metallicize","floor":3},{"not_picked":["Clothesline","True Grit","Havoc"],"picked":"SKIP","floor":7},{"not_picked":["Feed","Searing Blow"],"picked":"Battle Trance","floor":10},{"not_picked":["Havoc","Bloodletting"],"picked":"Flame Barrier","floor":11},{"not_picked":["Sever Soul","True Grit","Clash"],"picked":"SKIP","floor":13},{"not_picked":["Pummel","Body Slam"],"picked":"Sentinel","floor":14},{"not_picked":["Bludgeon","Juggernaut"],"picked":"Reaper","floor":16},{"not_picked":["Havoc","Searing Blow+1","Body Slam"],"picked":"SKIP","floor":18},{"not_picked":["Anger","Sword Boomerang"],"picked":"Seeing Red","floor":19},{"not_picked":["Anger","Seeing Red"],"picked":"Headbutt","floor":22},{"not_picked":["Intimidate","Corruption"],"picked":"Body Slam+1","floor":23},{"not_picked":["True Grit","Battle Trance"],"picked":"Burning Pact+1","floor":25},{"not_picked":["Iron Wave+1","Inflame+1"],"picked":"Body Slam","floor":27},{"not_picked":["Limit Break","Clash"],"picked":"Warcry","floor":29},{"not_picked":["Cleave+1","Clash","Heavy Blade"],"picked":"SKIP","floor":30},{"not_picked":["Bloodletting","Clash"],"picked":"Warcry","floor":31}],"player_experience":231994,"relics_obtained":[{"floor":7,"key":"Mercury Hourglass"},{"floor":9,"key":"Potion Belt"},{"floor":11,"key":"Red Skull"},{"floor":14,"key":"Gremlin Horn"},{"floor":23,"key":"War Paint"},{"floor":25,"key":"Pantograph"},{"floor":26,"key":"Matryoshka"},{"floor":30,"key":"Vajra"}],"event_choices":[{"damage_healed":0,"gold_gain":75,"player_choice":"Gather Gold","damage_taken":11,"max_hp_gain":0,"max_hp_loss":0,"event_name":"World of Goop","floor":4,"gold_loss":0},{"damage_healed":20,"gold_gain":0,"player_choice":"Healed","damage_taken":0,"max_hp_gain":0,"max_hp_loss":0,"event_name":"The Cleric","floor":5,"gold_loss":35},{"damage_healed":0,"gold_gain":0,"player_choice":"Searched \u00271\u0027 times","damage_taken":0,"max_hp_gain":0,"max_hp_loss":0,"event_name":"Dead Adventurer","floor":14,"gold_loss":0},{"damage_healed":0,"gold_gain":0,"player_choice":"Read","damage_taken":0,"max_hp_gain":0,"max_hp_loss":0,"event_name":"The Library","floor":20,"gold_loss":0,"cards_obtained":["Ghostly Armor"]},{"cards_removed":["Strike_R"],"damage_healed":0,"gold_gain":0,"player_choice":"Gave Gold","damage_taken":0,"max_hp_gain":0,"max_hp_loss":0,"event_name":"Beggar","floor":21,"gold_loss":75},{"cards_removed":["Burning Pact"],"damage_healed":49,"gold_gain":0,"player_choice":"Offered Uncommon","damage_taken":0,"max_hp_gain":0,"max_hp_loss":0,"event_name":"Bonfire Elementals","floor":28,"gold_loss":0}],"is_beta":false,"boss_relics":[{"not_picked":["Runic Cube","Calling Bell"],"picked":"Coffee Dripper"}],"items_purged_floors":[],"is_endless":false,"potions_floor_spawned":[7,11,13,14,16,19,22,23,25,30,31],"killed_by":"Champ","ascension_level":10}