{"gold_per_floor":[117,117,192,203,203,203,221,221,273,285,301,301,301,136,136,208,208,227,151,55,55,66,66,79,79,79,94,94,94,104,116,116,191,191,209,109,125,125,125,125,157,167,167,167,178,188,208,218,218,218],"floor_reached":50,"playtime":4313,"items_purged":["Strike_B","Strike_B+1"],"score":859,"play_id":"64fb05d6-2c25-4c92-82da-2cdf3f47825d","local_time":"20190809083438","is_ascension_mode":true,"campfire_choices":[{"data":"Zap","floor":6.0,"key":"SMITH"},{"data":"Dualcast","floor":8.0,"key":"SMITH"},{"data":"Hologram","floor":15.0,"key":"SMITH"},{"data":"Biased Cognition","floor":23.0,"key":"SMITH"},{"data":"Reinforced Body","floor":25.0,"key":"SMITH"},{"data":"Defragment","floor":29.0,"key":"SMITH"},{"floor":32.0,"key":"REST"},{"data":"Defragment","floor":40.0,"key":"SMITH"},{"floor":44.0,"key":"REST"},{"floor":49.0,"key":"REST"}],"neow_cost":"NONE","seed_source_timestamp":664476879693527,"circlet_count":0,"master_deck":["AscendersBane","Defend_B+1","Defend_B+1","Defend_B+1","Zap+1","Dualcast+1","Beam Cell","Cold Snap","Core Surge","Coolheaded","Hologram+1","Streamline","Loop","Biased Cognition+1","Coolheaded","Blizzard+1","Gash","Reinforced Body+1","BootSequence","Go for the Eyes","Defragment+1","Echo Form","Gash","Defragment+1","Gash+1"],"special_seed":0,"relics":["Cracked Core","Ancient Tea Set","Inserter","Meat on the Bone","Kunai","Letter Opener"],"potions_floor_usage":[],"damage_taken":[{"damage":7.0,"enemies":"Small Slimes","floor":1.0,"turns":3.0},{"damage":0.0,"enemies":"Jaw Worm","floor":4.0,"turns":3.0},{"damage":0.0,"enemies":"Cultist","floor":7.0,"turns":3.0},{"damage":0.0,"enemies":"2 Fungi Beasts","floor":10.0,"turns":3.0},{"damage":0.0,"enemies":"Large Slime","floor":11.0,"turns":3.0},{"damage":5.0,"enemies":"Slime Boss","floor":16.0,"turns":11.0},{"damage":7.0,"enemies":"Chosen","floor":18.0,"turns":4.0},{"damage":10.0,"enemies":"Spheric Guardian","floor":22.0,"turns":5.0},{"damage":14.0,"enemies":"Snake Plant","floor":24.0,"turns":4.0},{"damage":8.0,"enemies":"Snecko","floor":27.0,"turns":8.0},{"damage":23.0,"enemies":"Centurion and Healer","floor":30.0,"turns":6.0},{"damage":13.0,"enemies":"Sentry and Sphere","floor":31.0,"turns":5.0},{"damage":46.0,"enemies":"Automaton","floor":33.0,"turns":16.0},{"damage":32.0,"enemies":"3 Darklings","floor":35.0,"turns":7.0},{"damage":9.0,"enemies":"Orb Walker","floor":37.0,"turns":6.0},{"damage":0.0,"enemies":"Giant Head","floor":41.0,"turns":11.0},{"damage":37.0,"enemies":"Spire Growth","floor":42.0,"turns":6.0},{"damage":14.0,"enemies":"3 Darklings","floor":45.0,"turns":6.0},{"damage":16.0,"enemies":"Writhing Mass","floor":46.0,"turns":9.0},{"damage":18.0,"enemies":"Spire Growth","floor":47.0,"turns":8.0},{"damage":22.0,"enemies":"4 Shapes","floor":48.0,"turns":8.0},{"damage":46,"enemies":"Awakened One","floor":50,"turns":3}],"seed_played":"3544936176280437096","potions_obtained":[{"floor":1.0,"key":"Explosive Potion"},{"floor":7.0,"key":"SteroidPotion"},{"floor":16.0,"key":"Fire Potion"},{"floor":18.0,"key":"Regen Potion"},{"floor":33.0,"key":"PowerPotion"},{"floor":45.0,"key":"GamblersBrew"}],"is_trial":false,"path_per_floor":["M","?","?","M","?","R","M","R","T","M","M","?","?","$","R","B",null,"M","$","$","?","M","R","M","R","T","M","?","R","M","M","R","B",null,"M","$","M","?","?","R","E","M","T","R","M","M","M","M","R","B"],"character_chosen":"DEFECT","items_purchased":["Streamline","Loop","Blizzard","Gash","Reinforced Body"],"campfire_rested":3,"item_purchase_floors":[14,14,19,20,20],"current_hp_per_floor":[64,64,53,53,53,53,53,53,53,53,53,58,58,58,58,53,76,69,69,69,69,59,59,45,45,45,49,49,49,38,37,61,42,73,53,53,44,44,44,44,44,19,19,43,41,37,31,21,45,0],"gold":218,"neow_bonus":"TEN_PERCENT_HP_BONUS","is_prod":false,"is_daily":false,"chose_seed":false,"campfire_upgraded":7,"win_rate":0,"timestamp":1565307278,"path_taken":["M","?","?","M","?","R","M","R","T","M","?","?","?","$","R","BOSS","M","?","$","?","M","R","M","R","T","M","?","R","M","M","R","BOSS","M","$","M","?","?","R","E","M","T","R","M","M","?","?","R","BOSS"],"build_version":"2019-07-17","purchased_purges":2,"victory":false,"max_hp_per_floor":[78,78,78,78,78,78,78,78,78,78,78,83,83,83,83,83,83,83,83,83,83,83,83,83,83,83,83,83,83,83,83,83,83,83,83,83,83,83,83,83,83,83,83,83,83,83,83,83,83,83],"card_choices":[{"not_picked":["Skim","Undo"],"picked":"Beam Cell","floor":1.0},{"not_picked":["Stack","Skim"],"picked":"Cold Snap","floor":4.0},{"not_picked":["Barrage","Static Discharge"],"picked":"Coolheaded","floor":7.0},{"not_picked":["Conserve Battery","Darkness"],"picked":"Hologram","floor":10.0},{"not_picked":["Turbo","Barrage","Chaos"],"picked":"SKIP","floor":11.0},{"not_picked":["Meteor Strike","Core Surge"],"picked":"Biased Cognition","floor":16.0},{"not_picked":["Barrage","Static Discharge+1"],"picked":"Coolheaded","floor":18.0},{"not_picked":["Barrage","Heatsinks"],"picked":"BootSequence","floor":22.0},{"not_picked":["Rebound","BootSequence+1"],"picked":"Go for the Eyes","floor":24.0},{"not_picked":["Aggregate","Auto Shields"],"picked":"Defragment","floor":27.0},{"not_picked":["Redo","Streamline","Amplify"],"picked":"SKIP","floor":30.0},{"not_picked":["Double Energy+1","Cold Snap","Sunder"],"picked":"SKIP","floor":31.0},{"not_picked":["Fission","Multi-Cast"],"picked":"Echo Form","floor":33.0},{"not_picked":["Scrape","Go for the Eyes"],"picked":"Gash","floor":35.0},{"not_picked":["Redo","Stack"],"picked":"Defragment","floor":37.0},{"not_picked":["Go for the Eyes+1","Hello World"],"picked":"Gash+1","floor":41.0},{"not_picked":["Gash+1","Recycle+1","Beam Cell"],"picked":"SKIP","floor":42.0},{"not_picked":["Steam+1","Rebound","Genetic Algorithm+1"],"picked":"SKIP","floor":45.0},{"not_picked":["Cold Snap","Barrage","Undo"],"picked":"SKIP","floor":46.0},{"not_picked":["Hologram","Storm+1","BootSequence+1"],"picked":"SKIP","floor":47.0},{"not_picked":["Compile Driver+1","Go for the Eyes+1","Cold Snap+1"],"picked":"SKIP","floor":48.0}],"player_experience":470496,"relics_obtained":[{"floor":9.0,"key":"Ancient Tea Set"},{"floor":26.0,"key":"Meat on the Bone"},{"floor":41.0,"key":"Kunai"},{"floor":43.0,"key":"Letter Opener"}],"event_choices":[{"cards_removed":["Strike_B"],"damage_healed":0.0,"max_hp_gain":0.0,"max_hp_loss":0.0,"gold_gain":0.0,"event_name":"Living Wall","player_choice":"Forget","floor":2.0,"gold_loss":0.0,"damage_taken":0.0},{"damage_healed":0.0,"max_hp_gain":0.0,"max_hp_loss":0.0,"gold_gain":75.0,"event_name":"World of Goop","player_choice":"Gather Gold","floor":3.0,"gold_loss":0.0,"damage_taken":11.0},{"damage_healed":0.0,"max_hp_gain":0.0,"max_hp_loss":0.0,"gold_gain":0.0,"cards_transformed":["Strike_B"],"event_name":"Transmorgrifier","player_choice":"Transformed","floor":5.0,"gold_loss":0.0,"damage_taken":0.0,"cards_obtained":["Core Surge"]},{"damage_healed":0.0,"max_hp_gain":5.0,"max_hp_loss":0.0,"gold_gain":0.0,"event_name":"Big Fish","player_choice":"Donut","floor":12.0,"gold_loss":0.0,"damage_taken":0.0},{"cards_removed":["Defend_B"],"damage_healed":0.0,"max_hp_gain":0.0,"max_hp_loss":0.0,"gold_gain":0.0,"event_name":"Bonfire Elementals","player_choice":"Offered Basic","floor":13.0,"gold_loss":0.0,"damage_taken":0.0},{"damage_healed":0.0,"max_hp_gain":0.0,"max_hp_loss":0.0,"gold_gain":0.0,"event_name":"Back to Basics","player_choice":"Simplicity","floor":21.0,"gold_loss":0.0,"damage_taken":0.0,"cards_upgraded":["Strike_B","Defend_B","Defend_B","Defend_B"]},{"damage_healed":0.0,"max_hp_gain":0.0,"max_hp_loss":0.0,"gold_gain":0.0,"event_name":"Accursed Blacksmith","player_choice":"Forge","floor":28.0,"gold_loss":0.0,"damage_taken":0.0,"cards_upgraded":["Blizzard"]},{"damage_healed":0.0,"max_hp_gain":0.0,"max_hp_loss":0.0,"gold_gain":0.0,"event_name":"SensoryStone","player_choice":"Memory 1","floor":38.0,"gold_loss":0.0,"damage_taken":0.0},{"damage_healed":0.0,"max_hp_gain":0.0,"max_hp_loss":0.0,"gold_gain":0.0,"event_name":"FaceTrader","player_choice":"Leave","floor":39.0,"gold_loss":0.0,"damage_taken":0.0}],"is_beta":false,"boss_relics":[{"not_picked":["Fusion Hammer","Orrery"],"picked":"Inserter"},{"not_picked":["Coffee Dripper","Astrolabe","Snecko Eye"]}],"items_purged_floors":[14,36],"is_endless":false,"potions_floor_spawned":[1,7,16,18,30,33,35,45],"killed_by":"Awakened One","ascension_level":15}