{"gold_per_floor":[368,328,5,22,35,35,210,210,258,258,333,345,363,396,396,495,495,510,510,246,269,281,281,281,307,307,307,307,307,317,347,347,446,446,462,80,97,115,133,133,164,182,206,206,206,206,6,18,18,18],"floor_reached":51,"playtime":5457,"items_purged":["Doubt","Strike_B"],"score":1004,"play_id":"e0e4642e-03e8-41c4-b9b0-d81aa9f5d582","local_time":"20190721000124","is_ascension_mode":true,"campfire_choices":[{"data":"Loop","floor":6,"key":"SMITH"},{"data":"Genetic Algorithm","floor":8,"key":"SMITH"},{"data":"Zap","floor":10,"key":"SMITH"},{"floor":15,"key":"REST"},{"data":"Recycle","floor":23,"key":"SMITH"},{"data":"Consume","floor":27,"key":"SMITH"},{"floor":29,"key":"REST"},{"floor":32,"key":"REST"},{"data":"Fission","floor":40,"key":"SMITH"},{"floor":46,"key":"REST"},{"data":"Capacitor","floor":49,"key":"SMITH"}],"neow_cost":"PERCENT_DAMAGE","seed_source_timestamp":395493944307508,"circlet_count":0,"master_deck":["Strike_B","Defend_B","Defend_B","Defend_B","Defend_B","Zap+1","Dualcast","Genetic Algorithm+1","Capacitor","Coolheaded","Go for the Eyes","Rebound","Loop+1","Glacier","Compile Driver","Consume+1","Rainbow","Recycle+1","Coolheaded","Reprogram","Capacitor+1","FTL","Leap","White Noise+1","Self Repair","Sweeping Beam","Cold Snap","Machine Learning","Fission+1","Compile Driver","Storm","FTL","Dark Shackles","Redo+1","Stack+1","Electrodynamics","Force Field+1","Stack+1","Madness","Heatsinks","Barrage+1"],"relics":["Cracked Core","Membership Card","Tiny Chest","Strawberry","Matryoshka","Nuclear Battery","Lantern","Centennial Puzzle","Juzu Bracelet","Bronze Scales","Smiling Mask","Sundial","Nunchaku","Dead Branch","Lizard Tail","Happy Flower","Bottled Tornado","PreservedInsect","Bag of Marbles","HandDrill"],"potions_floor_usage":[12,12,16,16,18,25,33,41,50,50],"damage_taken":[{"damage":1,"enemies":"Cultist","floor":1,"turns":3},{"damage":4,"enemies":"2 Louse","floor":4,"turns":3},{"damage":2,"enemies":"Jaw Worm","floor":5,"turns":4},{"damage":0,"enemies":"Red Slaver","floor":12,"turns":4},{"damage":3,"enemies":"Blue Slaver","floor":13,"turns":5},{"damage":18,"enemies":"3 Sentries","floor":14,"turns":8},{"damage":0,"enemies":"Hexaghost","floor":16,"turns":11},{"damage":1,"enemies":"Chosen","floor":18,"turns":5},{"damage":4,"enemies":"Spheric Guardian","floor":22,"turns":6},{"damage":36,"enemies":"Slavers","floor":25,"turns":7},{"damage":10,"enemies":"Snake Plant","floor":30,"turns":3},{"damage":40,"enemies":"Gremlin Leader","floor":31,"turns":8},{"damage":29,"enemies":"Champ","floor":33,"turns":10},{"damage":21,"enemies":"3 Darklings","floor":35,"turns":5},{"damage":18,"enemies":"3 Shapes","floor":37,"turns":4},{"damage":1,"enemies":"3 Darklings","floor":38,"turns":5},{"damage":17,"enemies":"Jaw Worm Horde","floor":39,"turns":3},{"damage":2,"enemies":"Reptomancer","floor":41,"turns":4},{"damage":6,"enemies":"Sphere and 2 Shapes","floor":42,"turns":3},{"damage":0,"enemies":"4 Shapes","floor":48,"turns":2},{"damage":22,"enemies":"Donu and Deca","floor":50,"turns":5}],"seed_played":"-2931771851449272624","potions_obtained":[{"floor":2,"key":"SteroidPotion"},{"floor":2,"key":"Swift Potion"},{"floor":2,"key":"SpeedPotion"},{"floor":12,"key":"SkillPotion"},{"floor":14,"key":"GamblersBrew"},{"floor":16,"key":"Regen Potion"},{"floor":30,"key":"FocusPotion"},{"floor":33,"key":"SneckoOil"},{"floor":37,"key":"FocusPotion"},{"floor":41,"key":"Ancient Potion"},{"floor":48,"key":"FocusPotion"}],"is_trial":false,"path_per_floor":["M","?","$","M","M","R","?","R","T","R","?","M","M","E","R","B",null,"M","?","$","T","M","R","?","E","T","R","?","R","M","E","R","B",null,"M","$","M","M","M","R","E","M","T","?","?","R","$","M","R","B",null],"character_chosen":"DEFECT","items_purchased":["Membership Card","Tiny Chest","Capacitor","Coolheaded","Go for the Eyes","Lantern","Capacitor","FTL","Leap","Centennial Puzzle","Happy Flower","Storm","FTL","Bottled Tornado","Dark Shackles","HandDrill","PowerPotion","Madness","Heatsinks"],"campfire_rested":4,"item_purchase_floors":[3,3,3,3,3,20,20,20,20,20,36,36,36,36,36,47,47,47,47],"current_hp_per_floor":[53,53,53,49,47,47,47,47,54,54,43,43,40,22,46,46,73,72,72,72,72,68,68,68,54,54,54,38,64,61,28,54,25,72,58,58,40,53,43,43,48,42,42,42,42,68,68,75,75,60],"gold":18,"neow_bonus":"TWO_FIFTY_GOLD","is_prod":false,"is_daily":false,"chose_seed":false,"campfire_upgraded":7,"win_rate":0,"timestamp":1563681684,"path_taken":["M","?","$","M","?","R","?","R","T","R","?","M","M","E","R","BOSS","M","?","$","?","M","R","?","E","T","R","?","R","M","E","R","BOSS","M","$","M","M","M","R","E","M","T","?","?","R","$","M","R","BOSS"],"build_version":"2019-07-17","purchased_purges":2,"victory":true,"max_hp_per_floor":[75,75,75,75,75,75,75,75,82,82,82,82,82,82,82,82,82,82,82,82,82,82,82,82,82,82,82,87,87,87,87,87,87,87,87,87,87,87,87,87,87,87,87,87,87,87,87,87,87,87],"card_choices":[{"not_picked":["Compile Driver","Undo"],"picked":"Genetic Algorithm","floor":1},{"not_picked":["Steam Power","Redo"],"picked":"Rebound","floor":4},{"not_picked":["Doom and Gloom","Blizzard"],"picked":"Loop","floor":5},{"not_picked":["Leap","Cold Snap"],"picked":"Glacier","floor":12},{"not_picked":["Gash","Ball Lightning"],"picked":"Compile Driver","floor":13},{"not_picked":["Turbo","Rainbow"],"picked":"Consume","floor":14},{"not_picked":["Reboot","Meteor Strike"],"picked":"Rainbow","floor":16},{"not_picked":["Heatsinks","Hologram"],"picked":"Recycle","floor":18},{"not_picked":["Rebound","Turbo"],"picked":"White Noise+1","floor":22},{"not_picked":["Undo","Reinforced Body"],"picked":"Sweeping Beam","floor":25},{"not_picked":["Gash+1","Sweeping Beam"],"picked":"Cold Snap","floor":30},{"not_picked":["Leap","Barrage"],"picked":"Machine Learning","floor":31},{"not_picked":["Echo Form","Hyperbeam"],"picked":"Fission","floor":33},{"not_picked":["Sunder+1","Steam Power+1"],"picked":"Compile Driver","floor":35},{"not_picked":["Compile Driver+1","Coolheaded+1"],"picked":"Redo+1","floor":37},{"not_picked":["Conserve Battery+1","Cold Snap"],"picked":"Stack+1","floor":38},{"not_picked":["Beam Cell","Auto Shields+1"],"picked":"Electrodynamics","floor":39},{"not_picked":["Aggregate+1","Turbo+1"],"picked":"Force Field+1","floor":41},{"not_picked":["Rebound","Double Energy"],"picked":"Stack+1","floor":42},{"not_picked":["Turbo+1","All For One"],"picked":"Barrage+1","floor":48}],"player_experience":267102,"relics_obtained":[{"floor":9,"key":"Strawberry"},{"floor":14,"key":"Matryoshka"},{"floor":21,"key":"Juzu Bracelet"},{"floor":21,"key":"Bronze Scales"},{"floor":25,"key":"Smiling Mask"},{"floor":26,"key":"Sundial"},{"floor":26,"key":"Nunchaku"},{"floor":31,"key":"Dead Branch"},{"floor":41,"key":"PreservedInsect"},{"floor":43,"key":"Bag of Marbles"}],"event_choices":[{"damage_healed":0,"gold_gain":0,"player_choice":"Bought 3 Potions","damage_taken":0,"max_hp_gain":0,"max_hp_loss":0,"event_name":"The Woman in Blue","floor":2,"gold_loss":0},{"damage_healed":0,"gold_gain":175,"player_choice":"AGREE","damage_taken":0,"max_hp_gain":0,"max_hp_loss":0,"event_name":"Liars Game","floor":7,"gold_loss":0,"cards_obtained":["Doubt"]},{"damage_healed":0,"gold_gain":75,"player_choice":"Gather Gold","damage_taken":11,"max_hp_gain":0,"max_hp_loss":0,"event_name":"World of Goop","floor":11,"gold_loss":0},{"damage_healed":0,"gold_gain":0,"cards_transformed":["Strike_B","Strike_B"],"player_choice":"Became Test Subject","damage_taken":0,"max_hp_gain":0,"max_hp_loss":0,"event_name":"Drug Dealer","floor":19,"gold_loss":0,"cards_obtained":["Coolheaded","Reprogram"]},{"damage_healed":0,"gold_gain":0,"player_choice":"Read","damage_taken":0,"max_hp_gain":0,"max_hp_loss":0,"event_name":"The Library","floor":24,"gold_loss":0,"cards_obtained":["Self Repair"]},{"damage_healed":0,"gold_gain":0,"player_choice":"Shed Blood","damage_taken":21,"max_hp_gain":5,"max_hp_loss":0,"event_name":"Forgotten Altar","floor":28,"gold_loss":0},{"damage_healed":0,"gold_gain":0,"player_choice":"Ignored","damage_taken":0,"max_hp_gain":0,"max_hp_loss":0,"event_name":"SecretPortal","floor":44,"gold_loss":0},{"damage_healed":0,"gold_gain":0,"player_choice":"Ignored","damage_taken":0,"max_hp_gain":0,"max_hp_loss":0,"event_name":"Tomb of Lord Red Mask","floor":45,"gold_loss":0}],"is_beta":false,"boss_relics":[{"not_picked":["Tiny House","Pandora\u0027s Box"],"picked":"Nuclear Battery"},{"not_picked":["Snecko Eye","White Beast Statue"],"picked":"Lizard Tail"}],"items_purged_floors":[20,36],"is_endless":false,"potions_floor_spawned":[12,14,16,30,33,37,41,48],"ascension_level":5}