{"gold_per_floor":[117,135,135,152,152,184,39,39,39,39,52,80,80,80,80,200,200,223,62,8,33,46,46,66,90,140,165,165,19,50,75,75,203,266,282,300,9,34,50,88,88,88,88,103,124,124,140,140,140,140,140,140,9,44,44],"floor_reached":55,"playtime":10437,"items_purged":[],"score":765,"play_id":"8d4ee737-f70a-4e26-9139-f8a2ffad1f90","local_time":"20190630055551","is_ascension_mode":true,"campfire_choices":[{"floor":8,"key":"REST"},{"data":"Tactician","floor":10,"key":"SMITH"},{"floor":13,"key":"REST"},{"floor":15,"key":"REST"},{"data":"Acrobatics","floor":23,"key":"SMITH"},{"floor":28,"key":"REST"},{"floor":32,"key":"RECALL"},{"floor":41,"key":"REST"},{"floor":46,"key":"REST"},{"data":"Accuracy","floor":49,"key":"SMITH"},{"data":"Cloak And Dagger","floor":52,"key":"SMITH"}],"neow_cost":"NONE","seed_source_timestamp":44234844314177,"circlet_count":0,"master_deck":["Defend_G","Defend_G","Defend_G","Defend_G","Defend_G","Strike_G","Strike_G","Strike_G","Strike_G","Survivor","Neutralize","Poisoned Stab","Tactician+1","Acrobatics+1","Dodge and Roll","Infinite Blades","Blur","Backstab","Well Laid Plans","Tools of the Trade","Quick Slash","Caltrops+1","Finesse","Flying Knee","Cloak And Dagger","Distraction","Infinite Blades","Bane+1","Infinite Blades","Bouncing Flask","Die Die Die","Expertise","Doppelganger","Dagger Throw+1","Noxious Fumes+1","Dagger Throw+1","Backflip","Parasite","Prepared+1","Footwork+1","Poisoned Stab","Underhanded Strike+1","Accuracy+1","Cloak And Dagger+1","Finesse","Infinite Blades","A Thousand Cuts"],"relics":["Lizard Tail","Pantograph","Vajra","Mummified Hand","Oddly Smooth Stone","Golden Idol","Sozu","Ice Cream","Incense Burner","Tiny House","Ornamental Fan","Regal Pillow","Tough Bandages","Pen Nib"],"potions_floor_usage":[6,16],"damage_taken":[{"damage":0,"enemies":"2 Louse","floor":1,"turns":3},{"damage":0,"enemies":"Jaw Worm","floor":2,"turns":4},{"damage":4,"enemies":"Cultist","floor":4,"turns":4},{"damage":21,"enemies":"3 Sentries","floor":6,"turns":14},{"damage":7,"enemies":"Exordium Thugs","floor":11,"turns":8},{"damage":32,"enemies":"Gremlin Nob","floor":12,"turns":6},{"damage":8,"enemies":"Slime Boss","floor":16,"turns":17},{"damage":15,"enemies":"Spheric Guardian","floor":18,"turns":6},{"damage":0,"enemies":"3 Byrds","floor":21,"turns":5},{"damage":8,"enemies":"Snake Plant","floor":22,"turns":4},{"damage":5,"enemies":"3 Cultists","floor":24,"turns":6},{"damage":0,"enemies":"Snecko","floor":25,"turns":5},{"damage":7,"enemies":"Chosen and Byrds","floor":27,"turns":6},{"damage":59,"enemies":"Slavers","floor":30,"turns":6},{"damage":6,"enemies":"3 Cultists","floor":31,"turns":5},{"damage":38,"enemies":"Collector","floor":33,"turns":10},{"damage":10,"enemies":"Orb Walker","floor":35,"turns":3},{"damage":35,"enemies":"3 Darklings","floor":36,"turns":6},{"damage":12,"enemies":"Writhing Mass","floor":38,"turns":6},{"damage":0,"enemies":"Transient","floor":39,"turns":5},{"damage":15,"enemies":"Nemesis","floor":40,"turns":9},{"damage":0,"enemies":"Maw","floor":44,"turns":7},{"damage":29,"enemies":"3 Darklings","floor":45,"turns":5},{"damage":3,"enemies":"4 Shapes","floor":47,"turns":4},{"damage":40,"enemies":"Donu and Deca","floor":50,"turns":9},{"damage":26,"enemies":"Shield and Spear","floor":54,"turns":6},{"damage":77,"enemies":"The Heart","floor":55,"turns":5}],"seed_played":"8201920770746148040","potions_obtained":[{"floor":4,"key":"GamblersBrew"},{"floor":6,"key":"Ancient Potion"}],"is_trial":false,"path_per_floor":["M","M","?","M","?","E","$","R","T","R","M","E","R","?","R","B",null,"M","$","?","M","M","R","M","M","T","M","R","$","E","M","R","B",null,"M","M","$","M","M","E","R","?","T","M","M","R","M","?","R","B",null,"R","$","E","B"],"character_chosen":"THE_SILENT","items_purchased":["Infinite Blades","Blur","Caltrops","Finesse","Infinite Blades","Bouncing Flask","Ornamental Fan","Backflip","Finesse","Infinite Blades"],"campfire_rested":6,"item_purchase_floors":[7,7,19,19,29,29,37,37,53,53],"current_hp_per_floor":[70,70,67,63,56,35,35,56,56,56,49,17,38,21,42,59,70,55,55,55,55,47,47,42,42,42,35,56,56,35,29,29,16,75,65,30,30,18,18,3,40,40,40,40,11,48,45,45,45,30,75,75,75,49,0],"gold":44,"neow_bonus":"BOSS_RELIC","is_prod":false,"is_daily":false,"chose_seed":false,"campfire_upgraded":4,"win_rate":0,"timestamp":1561888551,"path_taken":["M","M","?","M","?","E","?","R","T","R","?","E","R","?","R","BOSS","M","$","?","M","M","R","M","M","T","M","R","?","E","?","R","BOSS","M","M","$","?","?","E","R","?","T","M","M","R","?","?","R","BOSS","R","$","E","BOSS"],"build_version":"2019-01-23","purchased_purges":0,"victory":false,"max_hp_per_floor":[70,70,70,70,70,70,70,70,70,70,70,70,70,70,70,70,70,70,70,70,70,70,70,70,70,70,70,70,70,70,70,70,70,75,75,75,75,75,75,75,75,75,75,75,75,75,75,75,75,75,75,75,75,75,75],"card_choices":[{"not_picked":["Outmaneuver","Reflex"],"picked":"Poisoned Stab","floor":1},{"not_picked":["Deflect","Quick Slash"],"picked":"Tactician","floor":2},{"not_picked":["Sucker Punch","Underhanded Strike"],"picked":"Acrobatics","floor":4},{"not_picked":["Quick Slash","Backflip"],"picked":"Dodge and Roll","floor":6},{"not_picked":["Distraction","Crippling Poison"],"picked":"Backstab","floor":11},{"not_picked":["Bane","Acrobatics"],"picked":"Well Laid Plans","floor":12},{"not_picked":["Phantasmal Killer","Die Die Die"],"picked":"Tools of the Trade","floor":16},{"not_picked":["Deflect","Blade Dance"],"picked":"Quick Slash","floor":18},{"not_picked":["Flechettes","Deflect"],"picked":"Flying Knee","floor":21},{"not_picked":["Slice","Terror"],"picked":"Cloak And Dagger","floor":22},{"not_picked":["Calculated Gamble","Unload"],"picked":"Distraction","floor":24},{"not_picked":["PiercingWail","Escape Plan"],"picked":"Infinite Blades","floor":25},{"not_picked":["Skewer","Poisoned Stab+1"],"picked":"Bane+1","floor":27},{"not_picked":["Endless Agony","Deflect"],"picked":"Die Die Die","floor":30},{"not_picked":["Poisoned Stab","Dagger Throw"],"picked":"Expertise","floor":31},{"not_picked":["Die Die Die","Night Terror"],"picked":"Doppelganger","floor":33},{"not_picked":["Distraction+1","Dodge and Roll"],"picked":"Dagger Throw+1","floor":34},{"not_picked":["Deadly Poison","Poisoned Stab+1"],"picked":"Noxious Fumes+1","floor":35},{"not_picked":["Deadly Poison+1","Outmaneuver"],"picked":"Dagger Throw+1","floor":36},{"not_picked":["Acrobatics","Sucker Punch"],"picked":"Prepared+1","floor":38},{"not_picked":["Expertise+1","PiercingWail+1"],"picked":"Footwork+1","floor":39},{"not_picked":["Bullet Time","Deadly Poison"],"picked":"Poisoned Stab","floor":40},{"not_picked":["Outmaneuver","Quick Slash+1"],"picked":"Underhanded Strike+1","floor":44},{"not_picked":["Poisoned Stab+1","Expertise"],"picked":"Accuracy","floor":45},{"not_picked":["Dagger Spray","Finisher+1"],"picked":"Cloak And Dagger","floor":47},{"not_picked":["Cloak And Dagger","Choke+1"],"picked":"A Thousand Cuts","floor":54}],"player_experience":34033,"relics_obtained":[{"floor":6,"key":"Vajra"},{"floor":9,"key":"Mummified Hand"},{"floor":12,"key":"Oddly Smooth Stone"},{"floor":30,"key":"Incense Burner"},{"floor":40,"key":"Regal Pillow"},{"floor":43,"key":"Tough Bandages"},{"floor":54,"key":"Pen Nib"}],"event_choices":[{"damage_healed":0,"gold_gain":0,"player_choice":"Success","damage_taken":3,"relics_obtained":["Pantograph"],"max_hp_gain":0,"max_hp_loss":0,"event_name":"Scrap Ooze","floor":3,"gold_loss":0},{"cards_removed":["Strike_G"],"damage_healed":0,"gold_gain":0,"player_choice":"Card Removal","damage_taken":7,"max_hp_gain":0,"max_hp_loss":0,"event_name":"Golden Wing","floor":5,"gold_loss":0},{"damage_healed":0,"gold_gain":0,"player_choice":"Take Damage","damage_taken":17,"relics_obtained":["Golden Idol"],"max_hp_gain":0,"max_hp_loss":0,"event_name":"Golden Idol","floor":14,"gold_loss":0},{"damage_healed":0,"gold_gain":0,"player_choice":"Paid Gold","damage_taken":0,"relics_obtained":["Ice Cream"],"max_hp_gain":0,"max_hp_loss":0,"event_name":"WeMeetAgain","floor":20,"gold_loss":54},{"damage_healed":0,"gold_gain":0,"player_choice":"Ignored","damage_taken":0,"max_hp_gain":0,"max_hp_loss":0,"event_name":"SecretPortal","floor":42,"gold_loss":0},{"damage_healed":0,"gold_gain":0,"player_choice":"Ignored","damage_taken":0,"max_hp_gain":0,"max_hp_loss":0,"event_name":"Mysterious Sphere","floor":48,"gold_loss":0}],"is_beta":false,"boss_relics":[{"not_picked":["Velvet Choker","Orrery"],"picked":"Sozu"},{"not_picked":["Philosopher\u0027s Stone","Cursed Key"],"picked":"Tiny House"}],"items_purged_floors":[],"is_endless":false,"potions_floor_spawned":[4,6,22,25,31,39,40,45,54],"killed_by":"The Heart","ascension_level":1}