{"gold_per_floor":[118,118,133,58,71,71,88,102,171,181,181,201,201,214,214,289,289,309,298,312,332,312,312,337,337,337,337,352,352,107,122,122,122],"floor_reached":33,"playtime":2078,"items_purged":["Strike_B","Strike_B"],"score":460,"play_id":"a931cc72-a657-4723-b542-f5900431f87c","local_time":"20190807144356","is_ascension_mode":true,"campfire_choices":[{"data":"Zap","floor":6,"key":"SMITH"},{"data":"Hologram","floor":11,"key":"SMITH"},{"floor":15,"key":"REST"},{"floor":23,"key":"REST"},{"data":"Biased Cognition","floor":25,"key":"SMITH"},{"data":"Go for the Eyes","floor":27,"key":"SMITH"},{"data":"Coolheaded","floor":32,"key":"SMITH"}],"neow_cost":"NONE","seed_source_timestamp":516187302531910,"circlet_count":0,"master_deck":["AscendersBane","Strike_B","Strike_B","Defend_B","Defend_B","Defend_B","Defend_B","Zap+1","Dualcast+1","Biased Cognition+1","Gash","Gash","Hologram+1","Core Surge","Cold Snap","Go for the Eyes+1","Redo+1","Coolheaded+1","Streamline"],"relics":["Cracked Core","Meat on the Bone","Philosopher\u0027s Stone","WingedGreaves","Turnip","DataDisk"],"potions_floor_usage":[16,18,19,24,28,33,33],"damage_taken":[{"damage":2,"enemies":"Jaw Worm","floor":1,"turns":3},{"damage":0,"enemies":"Small Slimes","floor":3,"turns":2},{"damage":1,"enemies":"Cultist","floor":5,"turns":3},{"damage":18,"enemies":"Lots of Slimes","floor":7,"turns":4},{"damage":10,"enemies":"2 Fungi Beasts","floor":8,"turns":3},{"damage":5,"enemies":"3 Louse","floor":10,"turns":3},{"damage":16,"enemies":"Lots of Slimes","floor":12,"turns":4},{"damage":8,"enemies":"Red Slaver","floor":14,"turns":3},{"damage":62,"enemies":"Slime Boss","floor":16,"turns":12},{"damage":24,"enemies":"3 Byrds","floor":18,"turns":3},{"damage":35,"enemies":"2 Thieves","floor":19,"turns":4},{"damage":23,"enemies":"3 Cultists","floor":20,"turns":6},{"damage":8,"enemies":"Cultist and Chosen","floor":21,"turns":6},{"damage":11,"enemies":"Gremlin Leader","floor":24,"turns":7},{"damage":13,"enemies":"Snecko","floor":28,"turns":6},{"damage":12,"enemies":"3 Cultists","floor":31,"turns":7},{"damage":64,"enemies":"Collector","floor":33,"turns":6}],"seed_played":"-7916241055150838549","potions_obtained":[{"floor":8,"key":"FearPotion"},{"floor":12,"key":"SteroidPotion"},{"floor":16,"key":"LiquidBronze"},{"floor":18,"key":"SkillPotion"},{"floor":21,"key":"Swift Potion"},{"floor":22,"key":"Strength Potion"},{"floor":28,"key":"GamblersBrew"},{"floor":31,"key":"EssenceOfSteel"}],"is_trial":false,"path_per_floor":["M","?","M","$","M","R","M","M","T","M","R","M","?","M","R","B",null,"M","M","M","M","?","R","E","R","T","R","M","?","$","M","R","B"],"character_chosen":"DEFECT","items_purchased":["DataDisk"],"campfire_rested":2,"item_purchase_floors":[30],"current_hp_per_floor":[62,67,67,67,66,66,48,38,38,45,45,41,41,45,67,17,61,49,26,15,19,19,41,42,42,42,42,41,76,76,64,64,0],"gold":122,"neow_bonus":"ONE_RANDOM_RARE_CARD","is_prod":false,"is_daily":false,"chose_seed":false,"campfire_upgraded":5,"win_rate":0,"timestamp":1565156636,"path_taken":["M","?","M","$","M","R","M","M","T","M","R","M","?","M","R","BOSS","M","?","?","M","?","R","E","R","T","R","?","?","$","?","R","BOSS"],"build_version":"2019-07-17","purchased_purges":2,"victory":false,"max_hp_per_floor":[71,76,76,76,76,76,76,76,76,76,76,76,76,76,76,76,76,76,76,76,76,76,76,76,76,76,76,76,76,76,76,76,76],"card_choices":[{"not_picked":["Ball Lightning","Turbo","Leap"],"picked":"SKIP","floor":1},{"not_picked":["Static Discharge","Aggregate"],"picked":"Gash","floor":3},{"not_picked":["Compile Driver","Leap","Barrage"],"picked":"SKIP","floor":5},{"not_picked":["Sweeping Beam","Compile Driver","Melter"],"picked":"SKIP","floor":7},{"not_picked":["Stack","Leap"],"picked":"Gash","floor":8},{"not_picked":["Skim","Recycle"],"picked":"Hologram","floor":10},{"not_picked":["Barrage","Sweeping Beam","Hologram"],"picked":"SKIP","floor":12},{"not_picked":["Rebound","Recycle","Auto Shields"],"picked":"SKIP","floor":14},{"not_picked":["Rainbow","Machine Learning"],"picked":"Core Surge","floor":16},{"not_picked":["Go for the Eyes","Self Repair"],"picked":"Cold Snap","floor":18},{"not_picked":["Melter","Stack","Beam Cell"],"picked":"SKIP","floor":19},{"not_picked":["Auto Shields","Cold Snap"],"picked":"Go for the Eyes","floor":20},{"not_picked":["Turbo","Steam","Undo"],"picked":"SKIP","floor":21},{"not_picked":["Meteor Strike","Barrage"],"picked":"Redo+1","floor":24},{"not_picked":["Genetic Algorithm","Scrape"],"picked":"Coolheaded","floor":28},{"not_picked":["Cold Snap","Tempest"],"picked":"Streamline","floor":31}],"player_experience":456859,"relics_obtained":[{"floor":9,"key":"Meat on the Bone"},{"floor":24,"key":"WingedGreaves"},{"floor":26,"key":"Turnip"}],"event_choices":[{"damage_healed":0,"gold_gain":0,"player_choice":"Donut","damage_taken":0,"max_hp_gain":5,"max_hp_loss":0,"event_name":"Big Fish","floor":2,"gold_loss":0},{"damage_healed":0,"gold_gain":0,"player_choice":"Upgraded","damage_taken":0,"max_hp_gain":0,"max_hp_loss":0,"event_name":"Upgrade Shrine","floor":13,"gold_loss":0,"cards_upgraded":["Dualcast"]},{"damage_healed":0,"gold_gain":0,"player_choice":"Bought 1 Potion","damage_taken":0,"max_hp_gain":0,"max_hp_loss":0,"event_name":"The Woman in Blue","floor":22,"gold_loss":0},{"damage_healed":35,"gold_gain":0,"player_choice":"Full Heal","damage_taken":0,"max_hp_gain":0,"max_hp_loss":0,"event_name":"Wheel of Change","floor":29,"gold_loss":0}],"is_beta":false,"boss_relics":[{"not_picked":["Snecko Eye","Coffee Dripper"],"picked":"Philosopher\u0027s Stone"}],"items_purged_floors":[4,30],"is_endless":false,"potions_floor_spawned":[8,12,16,18,21,28,31],"killed_by":"Collector","ascension_level":15}