{"gold_per_floor":[118,118,136,154,169,169,169,169,192,142,142,15,32,32,32,32],"floor_reached":16,"playtime":1869,"items_purged":["Strike_R"],"score":135,"play_id":"4d8206d7-e0a4-475f-8df8-8ecd099c2169","local_time":"20190829115450","is_ascension_mode":true,"campfire_choices":[{"data":"Shrug It Off","floor":6,"key":"SMITH"},{"data":"Battle Trance","floor":8,"key":"SMITH"},{"data":"Armaments","floor":15,"key":"SMITH"}],"neow_cost":"NONE","seed_source_timestamp":37694728702900,"circlet_count":0,"master_deck":["AscendersBane","Strike_R","Strike_R","Defend_R+1","Defend_R","Defend_R","Defend_R","Bash","Uppercut+1","Shrug It Off+1","Shrug It Off","Battle Trance+1","Armaments+1","Entrench"],"relics":["Burning Blood","Bag of Marbles"],"potions_floor_usage":[16,16],"damage_taken":[{"damage":8,"enemies":"Jaw Worm","floor":1,"turns":6},{"damage":3,"enemies":"Small Slimes","floor":3,"turns":4},{"damage":3,"enemies":"2 Louse","floor":4,"turns":3},{"damage":24,"enemies":"Exordium Wildlife","floor":5,"turns":6},{"damage":9,"enemies":"Exordium Thugs","floor":13,"turns":7},{"damage":44,"enemies":"Slime Boss","floor":16,"turns":9}],"seed_played":"-6483478317491419232","potions_obtained":[{"floor":1,"key":"EssenceOfSteel"},{"floor":3,"key":"AttackPotion"}],"is_trial":false,"path_per_floor":["M","?","M","M","M","R","?","R","T","?","?","$","M","$","R","B"],"character_chosen":"IRONCLAD","items_purchased":["Armaments"],"campfire_rested":0,"item_purchase_floors":[12],"current_hp_per_floor":[78,60,63,66,48,48,41,41,41,41,46,46,43,43,43,0],"gold":32,"neow_bonus":"TEN_PERCENT_HP_BONUS","is_prod":false,"is_daily":false,"chose_seed":false,"campfire_upgraded":3,"win_rate":0,"timestamp":1567097690,"path_taken":["M","?","M","M","M","R","?","R","T","?","?","$","?","?","R","BOSS"],"build_version":"2019-07-17","purchased_purges":1,"victory":false,"max_hp_per_floor":[88,88,88,88,88,88,88,88,88,88,93,93,93,93,93,93],"card_choices":[{"not_picked":["Seeing Red","Feel No Pain"],"picked":"Uppercut","floor":1},{"not_picked":["Body Slam","Uppercut"],"picked":"Shrug It Off","floor":3},{"not_picked":["Searing Blow","Flex"],"picked":"Shrug It Off","floor":4},{"not_picked":["Pommel Strike","Dropkick"],"picked":"Battle Trance","floor":5},{"not_picked":["Searing Blow","Clash"],"picked":"Entrench","floor":13}],"player_experience":230125,"relics_obtained":[{"floor":9,"key":"Bag of Marbles"}],"event_choices":[{"damage_healed":0,"gold_gain":0,"player_choice":"Entered Light","damage_taken":18,"max_hp_gain":0,"max_hp_loss":0,"event_name":"Shining Light","floor":2,"gold_loss":0,"cards_upgraded":["Uppercut","Defend_R"]},{"cards_removed":["Strike_R"],"damage_healed":0,"gold_gain":0,"player_choice":"Card Removal","damage_taken":7,"max_hp_gain":0,"max_hp_loss":0,"event_name":"Golden Wing","floor":7,"gold_loss":0},{"cards_removed":["Strike_R"],"damage_healed":0,"gold_gain":0,"player_choice":"Card Removal","damage_taken":0,"max_hp_gain":0,"max_hp_loss":0,"event_name":"The Cleric","floor":10,"gold_loss":50},{"damage_healed":0,"gold_gain":0,"player_choice":"Donut","damage_taken":0,"max_hp_gain":5,"max_hp_loss":0,"event_name":"Big Fish","floor":11,"gold_loss":0}],"is_beta":false,"boss_relics":[],"items_purged_floors":[12],"is_endless":false,"potions_floor_spawned":[1,3],"killed_by":"Slime Boss","ascension_level":10}