{"gold_per_floor":[111,111,127,202,217,217,116,127,127,138,154,154,9,27,27,130,130,150,150,160,192,67,67,80,97,152,152,152,165,177,197,197,300,300,313,313,329,346,346,346,357,54,54,54,64,83,99,99,99,99],"floor_reached":51,"playtime":2835,"items_purged":["Strike_R","Strike_R","Strike_R","Strike_R"],"score":921,"play_id":"fe130557-7419-4145-85de-e5e2340f6b64","local_time":"20181008132015","is_ascension_mode":true,"campfire_choices":[{"data":"True Grit","floor":6,"key":"SMITH"},{"data":"True Grit","floor":12,"key":"SMITH"},{"data":"Clothesline","floor":15,"key":"SMITH"},{"floor":23,"key":"REST"},{"data":"Demon Form","floor":27,"key":"SMITH"},{"floor":32,"key":"REST"},{"floor":40,"key":"REST"},{"data":"Demon Form","floor":44,"key":"SMITH"},{"data":"Bash","floor":49,"key":"SMITH"}],"neow_cost":"NONE","seed_source_timestamp":925388757149079,"circlet_count":0,"master_deck":["Defend_R","Defend_R","Defend_R","Defend_R","Bash+1","Clothesline+1","Feed","True Grit+1","Shrug It Off","Flame Barrier","True Grit+1","Immolate","Shrug It Off","Demon Form+1","Whirlwind","Ghostly","Ghostly","Ghostly","Ghostly","Ghostly","Headbutt","Cleave+1","Hemokinesis","Carnage","Demon Form+1","Metallicize","Havoc+1","Shrug It Off","Demon Form+1","Seeing Red+1","Flame Barrier+1","Heavy Blade+1"],"relics":["Burning Blood","Bronze Scales","Regal Pillow","Philosopher\u0027s Stone","Red Mask","Centennial Puzzle","Busted Crown","Molten Egg 2","Vajra","Shuriken"],"potions_floor_usage":[10,11,16,16,33,50,50,50],"damage_taken":[{"damage":9,"enemies":"2 Louse","floor":1,"turns":3},{"damage":0,"enemies":"Cultist","floor":3,"turns":3},{"damage":8,"enemies":"Small Slimes","floor":5,"turns":3},{"damage":4,"enemies":"3 Louse","floor":8,"turns":5},{"damage":10,"enemies":"Gremlin Gang","floor":10,"turns":10},{"damage":3,"enemies":"Looter","floor":11,"turns":3},{"damage":0,"enemies":"Exordium Wildlife","floor":14,"turns":3},{"damage":39,"enemies":"Slime Boss","floor":16,"turns":15},{"damage":26,"enemies":"Spheric Guardian","floor":18,"turns":6},{"damage":12,"enemies":"Chosen","floor":20,"turns":8},{"damage":20,"enemies":"Masked Bandits","floor":21,"turns":6},{"damage":12,"enemies":"Snake Plant","floor":24,"turns":4},{"damage":1,"enemies":"Snecko","floor":25,"turns":5},{"damage":3,"enemies":"3 Cultists","floor":29,"turns":3},{"damage":16,"enemies":"Snake Plant","floor":30,"turns":5},{"damage":15,"enemies":"Centurion and Healer","floor":31,"turns":6},{"damage":49,"enemies":"Automaton","floor":33,"turns":9},{"damage":1,"enemies":"Orb Walker","floor":35,"turns":6},{"damage":3,"enemies":"3 Shapes","floor":37,"turns":3},{"damage":15,"enemies":"3 Darklings","floor":38,"turns":5},{"damage":4,"enemies":"Spire Growth","floor":41,"turns":6},{"damage":0,"enemies":"Transient","floor":45,"turns":5},{"damage":0,"enemies":"3 Darklings","floor":46,"turns":5},{"damage":2,"enemies":"Sphere and 2 Shapes","floor":47,"turns":3},{"damage":35,"enemies":"Time Eater","floor":50,"turns":9}],"seed_played":"-4592116340415371402","potions_obtained":[{"floor":1,"key":"AttackPotion"},{"floor":8,"key":"PowerPotion"},{"floor":10,"key":"SkillPotion"},{"floor":11,"key":"Fruit Juice"},{"floor":18,"key":"Weak Potion"},{"floor":21,"key":"SpeedPotion"},{"floor":29,"key":"Dexterity Potion"},{"floor":33,"key":"Block Potion"},{"floor":41,"key":"Block Potion"},{"floor":46,"key":"Block Potion"}],"is_trial":false,"path_per_floor":["M","?","M","?","M","R","$","M","T","M","M","R","$","M","R","B",null,"M","?","M","?","$","R","M","M","T","R","?","M","M","M","R","B",null,"M","$","M","M","?","R","M","$","T","R","M","M","M","$","R","B"],"character_chosen":"IRONCLAD","items_purchased":["Shrug It Off","Shrug It Off","Vajra"],"campfire_rested":3,"item_purchase_floors":[7,13,42],"current_hp_per_floor":[69,69,75,64,65,65,65,70,70,66,74,74,74,80,80,47,80,60,45,39,28,28,48,42,50,50,50,50,51,41,32,51,8,40,45,45,48,39,39,51,51,51,51,51,51,51,51,51,51,25],"gold":99,"neow_bonus":"RANDOM_COMMON_RELIC","is_prod":false,"is_daily":false,"chose_seed":false,"campfire_upgraded":6,"win_rate":0,"timestamp":1539022815,"path_taken":["M","?","M","?","M","R","$","M","T","M","M","R","?","M","R","BOSS","M","?","?","?","$","R","M","M","T","R","?","M","M","M","R","BOSS","M","$","M","M","?","R","?","?","T","R","M","M","M","$","R","BOSS"],"build_version":"2018-10-04v2","purchased_purges":4,"victory":true,"max_hp_per_floor":[80,80,80,80,83,83,83,86,86,86,91,91,91,91,91,91,91,91,45,45,48,48,48,48,51,51,51,51,51,51,51,51,51,51,51,51,51,51,51,51,51,51,51,51,51,51,51,51,51,54],"card_choices":[{"not_picked":["Power Through","Rage"],"picked":"Clothesline","floor":1},{"not_picked":["Evolve","Clash"],"picked":"True Grit","floor":3},{"not_picked":["Sword Boomerang","Second Wind","Anger"],"picked":"SKIP","floor":5},{"not_picked":["Ghostly Armor","Reckless Charge"],"picked":"Flame Barrier","floor":8},{"not_picked":["Clash","Perfected Strike"],"picked":"True Grit","floor":10},{"not_picked":["Headbutt","Clash"],"picked":"Immolate","floor":11},{"not_picked":["Body Slam","Power Through","Sword Boomerang"],"picked":"SKIP","floor":14},{"not_picked":["Offering","Brutality"],"picked":"Demon Form","floor":16},{"not_picked":["Blood for Blood","Infernal Blade"],"picked":"Whirlwind","floor":18},{"not_picked":["Perfected Strike","Fire Breathing+1"],"picked":"Headbutt","floor":20},{"not_picked":["Bloodletting","Iron Wave"],"picked":"Cleave+1","floor":21},{"not_picked":["Twin Strike","Body Slam"],"picked":"Hemokinesis","floor":24},{"not_picked":["Havoc","Wild Strike"],"picked":"Carnage","floor":25},{"not_picked":["Corruption+1","Searing Blow"],"picked":"Metallicize","floor":29},{"not_picked":["Perfected Strike","Wild Strike"],"picked":"Havoc+1","floor":30},{"not_picked":["Perfected Strike+1","Dropkick+1"],"picked":"Shrug It Off","floor":31},{"not_picked":["Double Tap","Impervious"],"picked":"Demon Form","floor":33},{"not_picked":[],"picked":"Seeing Red+1","floor":35},{"not_picked":["Perfected Strike"],"picked":"SKIP","floor":37},{"not_picked":[],"picked":"Flame Barrier+1","floor":38},{"not_picked":["Bloodletting"],"picked":"SKIP","floor":41},{"not_picked":[],"picked":"Heavy Blade+1","floor":45},{"not_picked":["Thunderclap+1"],"picked":"SKIP","floor":46},{"not_picked":["Power Through+1"],"picked":"SKIP","floor":47}],"player_experience":219340,"relics_obtained":[{"floor":9,"key":"Regal Pillow"},{"floor":21,"key":"Red Mask"},{"floor":26,"key":"Centennial Puzzle"},{"floor":39,"key":"Molten Egg 2"},{"floor":43,"key":"Shuriken"}],"event_choices":[{"event_name":"Transmorgrifier","player_choice":"Transform","floor":2,"damage_taken":0},{"event_name":"World of Goop","player_choice":"Gather Gold","floor":4,"damage_taken":0},{"event_name":"Ghosts","player_choice":"Became a Ghost","floor":19,"damage_taken":0},{"event_name":"Masked Bandits","player_choice":"Fought Bandits","floor":21,"damage_taken":0},{"event_name":"Duplicator","player_choice":"One dupe","floor":28,"damage_taken":0},{"event_name":"Wheel of Change","player_choice":"Relic","floor":39,"damage_taken":0}],"is_beta":false,"boss_relics":[{"not_picked":["Eternal Feather","Runic Cube"],"picked":"Philosopher\u0027s Stone"},{"not_picked":["Cursed Key","Sozu"],"picked":"Busted Crown"}],"items_purged_floors":[7,13,22,42],"is_endless":false,"potions_floor_spawned":[1,8,10,11,18,21,29,33,41,46,47],"ascension_level":8}