{"gold_per_floor":[110,110,128,22,40,40,84,98,98,98,98,98,98,131,131,131],"floor_reached":16,"playtime":1777,"items_purged":[],"score":119,"play_id":"54cec5bb-7e4e-49c4-95a1-1eeb5a37ad8c","local_time":"20190702132229","is_ascension_mode":true,"campfire_choices":[{"floor":6,"key":"REST"},{"floor":13,"key":"REST"},{"floor":15,"key":"REST"}],"neow_cost":"NONE","seed_source_timestamp":199178954924181,"circlet_count":0,"master_deck":["Strike_B","Strike_B","Strike_B","Defend_B","Defend_B","Defend_B","Defend_B","Zap","Dualcast","Fusion+1","Defragment","Flash of Steel","Gash","Chill","Genetic Algorithm","Ball Lightning","Gash"],"relics":["Cracked Core","Golden Idol","Smiling Mask","Pen Nib","Happy Flower","Matryoshka"],"potions_floor_usage":[7,14],"damage_taken":[{"damage":0,"enemies":"Cultist","floor":1,"turns":4},{"damage":7,"enemies":"Jaw Worm","floor":3,"turns":4},{"damage":14,"enemies":"Small Slimes","floor":5,"turns":4},{"damage":21,"enemies":"Lagavulin","floor":7,"turns":6},{"damage":17,"enemies":"Blue Slaver","floor":8,"turns":3},{"damage":10,"enemies":"Gremlin Nob","floor":14,"turns":4},{"damage":54,"enemies":"Hexaghost","floor":16,"turns":10}],"seed_played":"8306594598518681551","potions_obtained":[{"floor":3,"key":"Dexterity Potion"},{"floor":5,"key":"Weak Potion"}],"is_trial":false,"path_per_floor":["M","?","M","$","M","R","E","M","T","T","?","?","R","E","R","B"],"character_chosen":"DEFECT","items_purchased":["Flash of Steel","Gash"],"campfire_rested":3,"item_purchase_floors":[4,4],"current_hp_per_floor":[75,57,50,50,36,58,37,20,20,20,20,20,42,32,54,0],"gold":131,"neow_bonus":"REMOVE_CARD","is_prod":false,"is_daily":false,"chose_seed":false,"campfire_upgraded":0,"win_rate":0,"timestamp":1562088149,"path_taken":["M","?","M","$","M","R","E","M","T","?","?","?","R","E","R","BOSS"],"build_version":"2019-07-01","purchased_purges":0,"victory":false,"max_hp_per_floor":[75,75,75,75,75,75,75,75,75,75,75,75,75,75,75,75],"card_choices":[{"not_picked":["Compile Driver","Hello World"],"picked":"Fusion","floor":1},{"not_picked":["Rebound","Darkness"],"picked":"Defragment","floor":3},{"not_picked":["Stack","Go for the Eyes"],"picked":"Chill","floor":5},{"not_picked":["Self Repair","Ball Lightning"],"picked":"Genetic Algorithm","floor":7},{"not_picked":["Hologram","Redo"],"picked":"Ball Lightning","floor":8},{"not_picked":["Sunder","Compile Driver"],"picked":"Gash","floor":14}],"player_experience":75798,"relics_obtained":[{"floor":7,"key":"Smiling Mask"},{"floor":9,"key":"Pen Nib"},{"floor":10,"key":"Happy Flower"},{"floor":14,"key":"Matryoshka"}],"event_choices":[{"damage_healed":0,"gold_gain":0,"player_choice":"Take Damage","damage_taken":18,"relics_obtained":["Golden Idol"],"max_hp_gain":0,"max_hp_loss":0,"event_name":"Golden Idol","floor":2,"gold_loss":0},{"damage_healed":0,"gold_gain":0,"player_choice":"Ignored","damage_taken":0,"max_hp_gain":0,"max_hp_loss":0,"event_name":"Liars Game","floor":11,"gold_loss":0},{"damage_healed":0,"gold_gain":0,"player_choice":"Grow","damage_taken":0,"max_hp_gain":0,"max_hp_loss":0,"event_name":"Living Wall","floor":12,"gold_loss":0,"cards_upgraded":["Fusion"]}],"is_beta":false,"boss_relics":[],"items_purged_floors":[],"is_endless":false,"potions_floor_spawned":[3,5],"killed_by":"Hexaghost","ascension_level":2}