{"gold_per_floor":[114,130,35,210,229,229,254,254,254,254,279,299,312,341,341,440,440,450,462,462,96,108,108,124,124,151,167,202,202,221,236,236,236],"floor_reached":33,"playtime":3843,"items_purged":["Strike_R","Doubt"],"score":380,"play_id":"ed5a9595-261a-4889-9e77-518813cc03fd","local_time":"20190719182554","is_ascension_mode":true,"campfire_choices":[{"data":"Armaments","floor":6,"key":"SMITH"},{"data":"Cleave","floor":8,"key":"SMITH"},{"data":"True Grit","floor":15,"key":"SMITH"},{"data":"Metallicize","floor":23,"key":"SMITH"},{"data":"Disarm","floor":25,"key":"SMITH"},{"data":"Bandage Up","floor":29,"key":"SMITH"},{"data":"Battle Trance","floor":32,"key":"SMITH"}],"neow_cost":"NONE","seed_source_timestamp":347546043042489,"circlet_count":0,"master_deck":["Strike_R","Strike_R","Strike_R","Strike_R","Defend_R","Defend_R","Defend_R","Defend_R","Bash","Battle Trance+1","Armaments+1","Cleave+1","Offering","Battle Trance","True Grit+1","Seeing Red","Battle Trance+1","Disarm+1","Immolate","Clothesline+1","Armaments+1","Bandage Up+1","Metallicize+1","Corruption+1","Headbutt","Sever Soul","Shockwave+1","Shrug It Off+1","Entrench+1"],"relics":["Burning Blood","Smiling Mask","Odd Mushroom","StoneCalendar","Bottled Flame","Mango","Runic Pyramid","Happy Flower","Dream Catcher","Meat on the Bone"],"potions_floor_usage":[7,11,11,14,14,16,28,33,33],"damage_taken":[{"damage":6,"enemies":"Cultist","floor":1,"turns":4},{"damage":0,"enemies":"Small Slimes","floor":2,"turns":3},{"damage":2,"enemies":"2 Louse","floor":5,"turns":3},{"damage":7,"enemies":"The Mushroom Lair","floor":7,"turns":3},{"damage":0,"enemies":"Lagavulin","floor":11,"turns":3},{"damage":6,"enemies":"2 Fungi Beasts","floor":12,"turns":2},{"damage":16,"enemies":"Gremlin Gang","floor":13,"turns":4},{"damage":28,"enemies":"Gremlin Nob","floor":14,"turns":4},{"damage":41,"enemies":"Hexaghost","floor":16,"turns":12},{"damage":13,"enemies":"Shell Parasite","floor":18,"turns":7},{"damage":2,"enemies":"Chosen","floor":19,"turns":4},{"damage":13,"enemies":"Sentry and Sphere","floor":22,"turns":6},{"damage":1,"enemies":"Shelled Parasite and Fungi","floor":24,"turns":4},{"damage":0,"enemies":"Snake Plant","floor":27,"turns":5},{"damage":9,"enemies":"Book of Stabbing","floor":28,"turns":6},{"damage":0,"enemies":"Snecko","floor":30,"turns":4},{"damage":0,"enemies":"3 Cultists","floor":31,"turns":3},{"damage":101,"enemies":"Champ","floor":33,"turns":19}],"seed_played":"5562657573234779858","potions_obtained":[{"floor":1,"key":"Explosive Potion"},{"floor":7,"key":"AttackPotion"},{"floor":10,"key":"Energy Potion"},{"floor":10,"key":"Block Potion"},{"floor":11,"key":"SkillPotion"},{"floor":13,"key":"Strength Potion"},{"floor":18,"key":"GamblersBrew"},{"floor":27,"key":"Fire Potion"},{"floor":31,"key":"EssenceOfSteel"}],"is_trial":false,"path_per_floor":["M","M","$","?","M","R","?","R","T","?","E","M","M","E","R","B",null,"M","M","?","$","M","R","M","R","T","M","E","R","M","M","R","B"],"character_chosen":"IRONCLAD","items_purchased":["Cleave","Bandage Up","Metallicize","Happy Flower"],"campfire_rested":0,"item_purchase_floors":[3,21,21,21],"current_hp_per_floor":[80,80,80,80,80,80,79,79,79,79,80,80,70,62,62,27,77,70,74,74,74,73,73,82,82,82,94,94,94,94,94,94,0],"gold":236,"neow_bonus":"RANDOM_COMMON_RELIC","is_prod":false,"is_daily":false,"chose_seed":false,"campfire_upgraded":7,"win_rate":0,"timestamp":1563575154,"path_taken":["M","?","$","?","M","R","?","R","T","?","E","M","M","E","R","BOSS","M","?","?","$","?","R","M","R","T","M","E","R","M","M","R","BOSS"],"build_version":"2019-07-17","purchased_purges":2,"victory":false,"max_hp_per_floor":[80,80,80,80,80,80,80,80,80,80,80,80,80,94,94,94,94,94,94,94,94,94,94,94,94,94,94,94,94,94,94,94,94],"card_choices":[{"not_picked":["Reckless Charge","Armaments"],"picked":"Battle Trance","floor":1},{"not_picked":["Sword Boomerang","Havoc"],"picked":"Armaments","floor":2},{"not_picked":["Sentinel","Hemokinesis"],"picked":"Offering","floor":5},{"not_picked":["Perfected Strike","Entrench"],"picked":"Battle Trance","floor":7},{"not_picked":["Reckless Charge","Perfected Strike"],"picked":"True Grit","floor":11},{"not_picked":["Searing Blow","Anger"],"picked":"Seeing Red","floor":12},{"not_picked":["Flex","Clash"],"picked":"Battle Trance","floor":13},{"not_picked":["Flame Barrier","Sword Boomerang"],"picked":"Disarm","floor":14},{"not_picked":["Berserk","Brutality"],"picked":"Immolate","floor":16},{"not_picked":["Iron Wave","Carnage"],"picked":"Clothesline+1","floor":18},{"not_picked":["Pommel Strike","Battle Trance"],"picked":"Armaments+1","floor":19},{"not_picked":["Spot Weakness+1","Sword Boomerang"],"picked":"Corruption+1","floor":22},{"not_picked":["Wild Strike","Power Through"],"picked":"Headbutt","floor":24},{"not_picked":["Havoc","True Grit"],"picked":"Sever Soul","floor":27},{"not_picked":["Disarm","Reckless Charge+1"],"picked":"Shockwave+1","floor":28},{"not_picked":["Warcry","Fire Breathing"],"picked":"Shrug It Off+1","floor":30},{"not_picked":["Offering","Flex"],"picked":"Entrench+1","floor":31}],"player_experience":255438,"relics_obtained":[{"floor":7,"key":"Odd Mushroom"},{"floor":9,"key":"StoneCalendar"},{"floor":11,"key":"Bottled Flame"},{"floor":14,"key":"Mango"},{"floor":26,"key":"Dream Catcher"},{"floor":28,"key":"Meat on the Bone"}],"event_choices":[{"damage_healed":0,"gold_gain":175,"player_choice":"AGREE","damage_taken":0,"max_hp_gain":0,"max_hp_loss":0,"event_name":"Liars Game","floor":4,"gold_loss":0,"cards_obtained":["Doubt"]},{"damage_healed":0,"gold_gain":0,"player_choice":"Fought Mushrooms","damage_taken":0,"max_hp_gain":0,"max_hp_loss":0,"event_name":"Mushrooms","floor":7,"gold_loss":0},{"damage_healed":0,"gold_gain":0,"player_choice":"Got Potions","damage_taken":0,"max_hp_gain":0,"max_hp_loss":0,"event_name":"Lab","floor":10,"gold_loss":0},{"damage_healed":0,"gold_gain":0,"player_choice":"Upgraded","damage_taken":0,"max_hp_gain":0,"max_hp_loss":0,"event_name":"Upgrade Shrine","floor":20,"gold_loss":0,"cards_upgraded":["Battle Trance"]}],"is_beta":false,"boss_relics":[{"not_picked":["Busted Crown","Ectoplasm"],"picked":"Runic Pyramid"}],"items_purged_floors":[3,21],"is_endless":false,"potions_floor_spawned":[1,7,11,13,18,27,31],"killed_by":"Champ","ascension_level":5}