{"gold_per_floor":[114,114,114,114,114,114,137,168,221,252,264,295,307,332,344,475,550,577,136,149,109,132,132,132,132,186,186,211,230,266,285,285,285],"floor_reached":33,"playtime":2709,"items_purged":["Defend_B"],"score":267,"play_id":"0bdade41-a993-432c-be73-f2b50f7fd052","local_time":"20190810155850","is_ascension_mode":false,"campfire_choices":[{"data":"Dualcast","floor":6,"key":"SMITH"},{"floor":11,"key":"REST"},{"data":"Genetic Algorithm","floor":13,"key":"SMITH"},{"floor":15,"key":"REST"},{"floor":23,"key":"REST"},{"floor":25,"key":"REST"},{"floor":27,"key":"REST"},{"floor":32,"key":"REST"}],"neow_cost":"NONE","seed_source_timestamp":148082011626463,"circlet_count":0,"master_deck":["Strike_B+1","Defend_B","Defend_B","Defend_B","Zap+1","Dualcast+1","Tempest","Gash","Stack","Genetic Algorithm+1","Cold Snap","Capacitor","Buffer","Chill","Tempest+1","Loop+1","Cold Snap","Sweeping Beam","Chaos","Creative AI","Barrage+1","Force Field","Static Discharge","Blizzard+1","Gash","Lockon","Self Repair"],"relics":["Cracked Core","Golden Idol","Question Card","Anchor","MawBank","Tiny House","Happy Flower","Bronze Scales","Strawberry"],"potions_floor_usage":[16,16,30,33,33],"damage_taken":[{"damage":3,"enemies":"Small Slimes","floor":1,"turns":3},{"damage":0,"enemies":"2 Louse","floor":7,"turns":3},{"damage":19,"enemies":"Gremlin Nob","floor":8,"turns":4},{"damage":1,"enemies":"Cultist","floor":10,"turns":3},{"damage":0,"enemies":"3 Louse","floor":12,"turns":3},{"damage":26,"enemies":"Gremlin Gang","floor":14,"turns":5},{"damage":54,"enemies":"Slime Boss","floor":16,"turns":11},{"damage":27,"enemies":"Spheric Guardian","floor":18,"turns":6},{"damage":20,"enemies":"3 Byrds","floor":20,"turns":5},{"damage":21,"enemies":"Snecko","floor":22,"turns":5},{"damage":3,"enemies":"Centurion and Healer","floor":28,"turns":7},{"damage":7,"enemies":"Snake Plant","floor":29,"turns":4},{"damage":34,"enemies":"Slavers","floor":30,"turns":5},{"damage":36,"enemies":"Cultist and Chosen","floor":31,"turns":6},{"damage":38,"enemies":"Champ","floor":33,"turns":8}],"seed_played":"1413270351281542903","potions_obtained":[{"floor":7,"key":"Explosive Potion"},{"floor":8,"key":"FocusPotion"},{"floor":16,"key":"FearPotion"},{"floor":17,"key":"SpeedPotion"},{"floor":28,"key":"Energy Potion"}],"is_trial":false,"path_per_floor":["M","?","?","?","?","R","M","E","T","M","R","M","R","M","R","B",null,"M","$","M","?","M","R","?","R","T","R","M","M","E","M","R","B"],"character_chosen":"DEFECT","items_purchased":["Loop","Happy Flower","Cold Snap","Sweeping Beam","Chaos"],"campfire_rested":6,"item_purchase_floors":[19,19,19,19,19],"current_hp_per_floor":[79,76,76,69,69,69,69,50,50,49,71,71,71,45,67,13,81,54,54,34,34,13,37,37,61,61,81,78,71,44,8,34,0],"gold":285,"neow_bonus":"TEN_PERCENT_HP_BONUS","is_prod":false,"is_daily":false,"chose_seed":false,"campfire_upgraded":2,"win_rate":0.0,"timestamp":1565467130,"path_taken":["M","?","?","?","?","R","M","E","T","M","R","?","R","M","R","BOSS","M","$","M","?","?","R","?","R","T","R","M","M","E","M","R","BOSS"],"build_version":"2019-07-17","purchased_purges":1,"victory":false,"max_hp_per_floor":[82,76,76,76,76,76,76,76,76,76,76,76,76,76,76,76,81,81,81,81,81,81,81,81,81,81,81,81,81,88,88,88,88],"card_choices":[{"not_picked":["Coolheaded","Steam Power"],"picked":"Tempest","floor":1},{"not_picked":["Barrage","Go for the Eyes","Rip and Tear"],"picked":"Gash","floor":7},{"not_picked":["Chaos","Steam","Loop"],"picked":"Stack","floor":8},{"not_picked":["Hologram","Coolheaded","Heatsinks"],"picked":"Genetic Algorithm","floor":10},{"not_picked":["Coolheaded","Ball Lightning","Hologram"],"picked":"Cold Snap","floor":12},{"not_picked":["Hologram","BootSequence","Auto Shields"],"picked":"Capacitor","floor":14},{"not_picked":["Thunder Strike","Seek","Biased Cognition"],"picked":"Buffer","floor":16},{"not_picked":["Cold Snap","Hologram","Steam"],"picked":"Chill","floor":17},{"not_picked":["Sweeping Beam","Leap+1","Self Repair"],"picked":"Tempest+1","floor":18},{"not_picked":["Sweeping Beam","Glacier","Force Field"],"picked":"Creative AI","floor":20},{"not_picked":["Reinforced Body","Go for the Eyes","Sweeping Beam"],"picked":"Barrage+1","floor":22},{"not_picked":["Static Discharge","Sweeping Beam","Force Field"],"picked":"Blizzard+1","floor":28},{"not_picked":["Leap","Steam","Beam Cell"],"picked":"Gash","floor":29},{"not_picked":["Go for the Eyes","Reinforced Body","Hologram"],"picked":"Lockon","floor":30},{"not_picked":["Hologram","Go for the Eyes","Storm"],"picked":"Self Repair","floor":31}],"player_experience":5693,"relics_obtained":[{"floor":8,"key":"Anchor"},{"floor":9,"key":"MawBank"},{"floor":26,"key":"Bronze Scales"},{"floor":30,"key":"Strawberry"}],"event_choices":[{"damage_healed":0,"gold_gain":0,"player_choice":"Lose Max HP","damage_taken":0,"relics_obtained":["Golden Idol"],"max_hp_gain":0,"max_hp_loss":6,"event_name":"Golden Idol","floor":2,"gold_loss":0},{"damage_healed":0,"gold_gain":0,"player_choice":"Box","damage_taken":0,"relics_obtained":["Question Card"],"max_hp_gain":0,"max_hp_loss":0,"event_name":"Big Fish","floor":3,"gold_loss":0,"cards_obtained":["Regret"]},{"cards_removed":["Strike_B"],"damage_healed":0,"gold_gain":0,"player_choice":"Card Removal","damage_taken":7,"max_hp_gain":0,"max_hp_loss":0,"event_name":"Golden Wing","floor":4,"gold_loss":0},{"cards_removed":["Regret"],"damage_healed":0,"gold_gain":0,"player_choice":"Purged","damage_taken":0,"max_hp_gain":0,"max_hp_loss":0,"event_name":"Purifier","floor":5,"gold_loss":0},{"damage_healed":0,"gold_gain":0,"player_choice":"Upgraded Two","damage_taken":0,"max_hp_gain":0,"max_hp_loss":0,"event_name":"Designer","floor":21,"gold_loss":40,"cards_upgraded":["Loop","Zap"]},{"damage_healed":0,"gold_gain":0,"cards_transformed":["Strike_B","Strike_B"],"player_choice":"Became Test Subject","damage_taken":0,"max_hp_gain":0,"max_hp_loss":0,"event_name":"Drug Dealer","floor":24,"gold_loss":0,"cards_obtained":["Force Field","Static Discharge"]}],"is_beta":false,"boss_relics":[{"not_picked":["Fusion Hammer","Empty Cage"],"picked":"Tiny House"}],"items_purged_floors":[19],"is_endless":false,"potions_floor_spawned":[7,8,16,28,29],"killed_by":"Champ","ascension_level":0}