{"gold_per_floor":[110,128,128,145,161,161,161,171,171,3,23,40,54,70,70,174,174,161,181,32,32,49,74,94,94,117,117,146,164,193,203,203,304,304,318,318,4,4,21,21],"floor_reached":40,"playtime":5532,"items_purged":[],"score":449,"play_id":"3f6a8df1-4cc4-4265-b4eb-73639c6c555e","local_time":"20180911101837","is_ascension_mode":false,"campfire_choices":[{"data":"Bash","floor":6,"key":"SMITH"},{"floor":15,"key":"REST"},{"data":"Armaments","floor":25,"key":"SMITH"},{"data":"Mind Blast","floor":27,"key":"SMITH"},{"data":"Whirlwind","floor":32,"key":"SMITH"}],"neow_cost":"","seed_source_timestamp":2376390511896853,"circlet_count":0,"master_deck":["Strike_R+1","Strike_R","Strike_R","Strike_R","Defend_R+1","Defend_R","Defend_R","Bash+1","Pommel Strike","Intimidate","Inflame","Pommel Strike","Rage","Finesse","Flex","Metallicize","Armaments+1","Ghostly Armor","Metallicize","Reaper","Anger","Shrug It Off","Mind Blast+1","Shrug It Off","Armaments+1","Disarm+1","Berserk","Whirlwind+1","Perfected Strike+1","Pommel Strike","Juggernaut","Headbutt+1","Battle Trance+1","Pummel+1","Flex","Inflame","Iron Wave+1","Bloodletting+1"],"relics":["Burning Blood","Bronze Scales","Kunai","Sozu","Vajra","Anchor","Ornamental Fan","Red Mask","Astrolabe","Shuriken","Bird Faced Urn"],"potions_floor_usage":[31],"damage_taken":[{"damage":5,"enemies":"Cultist","floor":1,"turns":4},{"damage":3,"enemies":"2 Louse","floor":2,"turns":3},{"damage":3,"enemies":"Jaw Worm","floor":4,"turns":3},{"damage":29,"enemies":"Exordium Thugs","floor":5,"turns":5},{"damage":12,"enemies":"Blue Slaver","floor":8,"turns":3},{"damage":4,"enemies":"Looter","floor":11,"turns":3},{"damage":1,"enemies":"Red Slaver","floor":12,"turns":3},{"damage":2,"enemies":"Blue Slaver","floor":13,"turns":3},{"damage":5,"enemies":"Large Slime","floor":14,"turns":6},{"damage":27,"enemies":"The Guardian","floor":16,"turns":13},{"damage":12,"enemies":"2 Thieves","floor":18,"turns":4},{"damage":4,"enemies":"Shell Parasite","floor":19,"turns":5},{"damage":16,"enemies":"Chosen and Byrds","floor":22,"turns":9},{"damage":4,"enemies":"Book of Stabbing","floor":23,"turns":7},{"damage":6,"enemies":"Snake Plant","floor":24,"turns":5},{"damage":7,"enemies":"Gremlin Leader","floor":28,"turns":7},{"damage":28,"enemies":"3 Cultists","floor":29,"turns":5},{"damage":8,"enemies":"Masked Bandits","floor":30,"turns":4},{"damage":15,"enemies":"Centurion and Healer","floor":31,"turns":6},{"damage":36,"enemies":"Champ","floor":33,"turns":9},{"damage":20,"enemies":"3 Darklings","floor":35,"turns":4},{"damage":19,"enemies":"Mind Bloom Boss Battle","floor":38,"turns":5},{"damage":22,"enemies":"3 Shapes","floor":39,"turns":4},{"damage":87,"enemies":"Nemesis","floor":40,"turns":4}],"seed_played":"-4561550830867117114","potions_obtained":[{"floor":2,"key":"Energy Potion"},{"floor":5,"key":"GamblersBrew"},{"floor":11,"key":"SkillPotion"},{"floor":12,"key":"BloodPotion"}],"is_trial":false,"path_per_floor":["M","M","T","M","M","R","?","M","T","$","M","M","M","M","R","B",null,"M","M","$","?","M","E","M","R","T","R","E","M","?","M","R","B",null,"M","?","$","?","M"],"character_chosen":"IRONCLAD","items_purchased":["Clothesline","Finesse","Flex","Mind Blast","Shrug It Off","Shuriken","Inflame"],"campfire_rested":1,"item_purchase_floors":[10,10,10,20,20,37,37],"current_hp_per_floor":[80,80,80,80,57,57,41,35,35,35,37,42,46,47,71,50,80,74,80,80,65,59,66,70,70,70,70,79,65,63,69,69,46,85,71,85,85,72,64,0],"gold":21,"neow_bonus":"","is_prod":false,"is_daily":false,"chose_seed":false,"campfire_upgraded":4,"win_rate":0.0,"timestamp":1536679117,"path_taken":["M","M","?","M","M","R","?","M","T","$","M","?","M","M","R","BOSS","M","M","$","?","M","E","M","R","T","R","E","M","?","M","R","BOSS","M","?","$","?","?","E"],"build_version":"2018-09-06","purchased_purges":0,"victory":false,"max_hp_per_floor":[80,80,80,80,80,80,80,80,80,80,80,80,80,80,80,80,80,80,80,80,85,85,85,85,85,85,85,85,85,85,85,85,85,85,85,85,85,85,85,85],"card_choices":[{"not_picked":["Perfected Strike","Thunderclap"],"picked":"Pommel Strike","floor":1},{"not_picked":["True Grit","Burning Pact"],"picked":"Intimidate","floor":2},{"not_picked":["Pommel Strike","Headbutt"],"picked":"Inflame","floor":4},{"not_picked":["Warcry","Flex"],"picked":"Pommel Strike","floor":5},{"not_picked":["Perfected Strike","Pommel Strike"],"picked":"Rage","floor":8},{"not_picked":["Headbutt","Dark Embrace"],"picked":"Metallicize","floor":11},{"not_picked":["Pommel Strike","Searing Blow"],"picked":"Armaments","floor":12},{"not_picked":["Clothesline","Flame Barrier"],"picked":"Ghostly Armor","floor":13},{"not_picked":["Seeing Red","Sever Soul"],"picked":"Metallicize","floor":14},{"not_picked":["Impervious","Bludgeon"],"picked":"Reaper","floor":16},{"not_picked":["Battle Trance","Headbutt+1"],"picked":"Anger","floor":18},{"not_picked":["Headbutt","Second Wind+1"],"picked":"Shrug It Off","floor":19},{"not_picked":["Twin Strike","Iron Wave+1"],"picked":"Armaments+1","floor":22},{"not_picked":["Dual Wield","Rampage"],"picked":"Disarm+1","floor":23},{"not_picked":["Pummel","Infernal Blade+1"],"picked":"Berserk","floor":24},{"not_picked":["Perfected Strike","True Grit"],"picked":"Whirlwind","floor":28},{"not_picked":["Twin Strike","Clash"],"picked":"Perfected Strike+1","floor":29},{"not_picked":["Dropkick+1","Twin Strike"],"picked":"Dual Wield","floor":30},{"not_picked":["Entrench","Burning Pact"],"picked":"Pommel Strike","floor":31},{"not_picked":["Fiend Fire","Double Tap"],"picked":"Juggernaut","floor":33},{"not_picked":["Clothesline","Perfected Strike+1"],"picked":"Flex","floor":35},{"not_picked":["Second Wind+1","Armaments"],"picked":"Iron Wave+1","floor":38},{"not_picked":["Iron Wave+1","Second Wind+1"],"picked":"Bloodletting+1","floor":39}],"player_experience":0,"relics_obtained":[{"floor":3,"key":"Bronze Scales"},{"floor":9,"key":"Kunai"},{"floor":23,"key":"Vajra"},{"floor":26,"key":"Anchor"},{"floor":28,"key":"Ornamental Fan"},{"floor":30,"key":"Red Mask"},{"floor":38,"key":"Bird Faced Urn"}],"event_choices":[{"event_name":"Shining Light","player_choice":"Entered Light","floor":7,"damage_taken":0},{"event_name":"Forgotten Altar","player_choice":"Shed Blood","floor":21,"damage_taken":0},{"event_name":"Masked Bandits","player_choice":"Fought Bandits","floor":30,"damage_taken":0},{"event_name":"Bonfire Elementals","player_choice":"UNCOMMON","floor":36,"damage_taken":0},{"event_name":"MindBloom","player_choice":"Fight","floor":38,"damage_taken":0}],"is_beta":false,"boss_relics":[{"not_picked":["Runic Dome","Cursed Key"],"picked":"Sozu"},{"not_picked":["Lizard Tail","Black Blood"],"picked":"Astrolabe"}],"items_purged_floors":[],"is_endless":false,"potions_floor_spawned":[2,5,11,12,14,19,23,29,30,31,35,38],"killed_by":"Nemesis","ascension_level":0}