{"gold_per_floor":[116,127,139,64,82,107,107,135,135,135,165,165,165,200,200,277,277,296,35,35,85,97,129,129,129,178,178,198,198,25,25,25,100,100,118,118,187,203,203,203,78,92,169,183,194,205,100,0,0,0],"floor_reached":51,"playtime":3341,"items_purged":["Strike_G","Strike_G","Strike_G+1"],"score":1285,"play_id":"26ae0573-37a1-480e-812d-35bf25e06849","local_time":"20190829160315","is_ascension_mode":true,"campfire_choices":[{"data":"Skewer","floor":7,"key":"SMITH"},{"data":"1","floor":10,"key":"LIFT"},{"data":"2","floor":13,"key":"LIFT"},{"floor":15,"key":"REST"},{"data":"3","floor":24,"key":"LIFT"},{"data":"Blade Dance","floor":27,"key":"SMITH"},{"data":"Blade Dance","floor":29,"key":"SMITH"},{"data":"Accuracy","floor":32,"key":"SMITH"},{"data":"A Thousand Cuts","floor":40,"key":"SMITH"},{"data":"Blade Dance","floor":49,"key":"SMITH"}],"neow_cost":"NONE","seed_source_timestamp":1631851027702866,"circlet_count":0,"master_deck":["AscendersBane","Strike_G+1","Strike_G+1","Defend_G+1","Defend_G+1","Defend_G+1","Defend_G+1","Defend_G+1","Survivor","Neutralize+1","Backstab","Escape Plan","Infinite Blades","Skewer+1","Finisher","Quick Slash","Infinite Blades","Blade Dance+1","Tools of the Trade","Backflip","Blade Dance+1","Accuracy+1","A Thousand Cuts+1","Backstab","Blade Dance+1","Flash of Steel"],"relics":["Ring of the Snake","Mummified Hand","Girya","Shuriken","Odd Mushroom","Dodecahedron","WristBlade","Bag of Marbles","MutagenicStrength","Gambling Chip","Lantern","Eternal Feather","Bottled Lightning","Ornamental Fan","Red Mask"],"potions_floor_usage":[5,6,11,18,23,50,50],"damage_taken":[{"damage":0,"enemies":"Cultist","floor":1,"turns":4},{"damage":1,"enemies":"Jaw Worm","floor":2,"turns":3},{"damage":0,"enemies":"2 Louse","floor":3,"turns":3},{"damage":2,"enemies":"Looter","floor":5,"turns":4},{"damage":17,"enemies":"Gremlin Nob","floor":6,"turns":4},{"damage":12,"enemies":"Lagavulin","floor":8,"turns":5},{"damage":0,"enemies":"The Mushroom Lair","floor":11,"turns":2},{"damage":12,"enemies":"Gremlin Nob","floor":14,"turns":3},{"damage":12,"enemies":"Slime Boss","floor":16,"turns":5},{"damage":16,"enemies":"Shell Parasite","floor":18,"turns":2},{"damage":0,"enemies":"Chosen","floor":22,"turns":1},{"damage":7,"enemies":"Gremlin Leader","floor":23,"turns":4},{"damage":0,"enemies":"Snake Plant","floor":28,"turns":1},{"damage":1,"enemies":"Collector","floor":33,"turns":5},{"damage":0,"enemies":"Orb Walker","floor":35,"turns":1},{"damage":0,"enemies":"3 Shapes","floor":38,"turns":4},{"damage":3,"enemies":"Transient","floor":42,"turns":6},{"damage":0,"enemies":"Spire Growth","floor":44,"turns":1},{"damage":0,"enemies":"4 Shapes","floor":45,"turns":1},{"damage":0,"enemies":"Transient","floor":46,"turns":6},{"damage":0,"enemies":"Awakened One","floor":50,"turns":4}],"seed_played":"-5700992762651784752","potions_obtained":[{"floor":1,"key":"Swift Potion"},{"floor":2,"key":"Block Potion"},{"floor":8,"key":"Explosive Potion"},{"floor":16,"key":"PowerPotion"},{"floor":22,"key":"AttackPotion"},{"floor":33,"key":"Block Potion"},{"floor":39,"key":"FearPotion"}],"is_trial":false,"path_per_floor":["M","M","M","$","M","E","R","E","T","R","?","?","R","E","R","B",null,"M","$","?","?","M","E","R","?","T","R","M","R","$","?","R","B",null,"M","?","T","M","?","R","$","M","T","M","M","M","$","?","R","B",null],"character_chosen":"THE_SILENT","items_purchased":["Bag of Marbles","Accuracy","GhostInAJar","Flash of Steel"],"campfire_rested":1,"item_purchase_floors":[19,30,30,47],"current_hp_per_floor":[59,58,58,58,56,39,39,27,27,27,27,27,27,15,34,22,55,39,39,39,39,39,32,32,32,32,32,32,32,32,32,32,31,57,57,57,57,57,57,66,66,63,63,63,63,63,63,63,66,66],"gold":0,"neow_bonus":"UPGRADE_CARD","is_prod":false,"is_daily":false,"chose_seed":false,"campfire_upgraded":6,"win_rate":0,"timestamp":1567112595,"path_taken":["M","M","M","$","?","E","R","E","T","R","?","?","R","E","R","BOSS","M","$","?","?","M","E","R","?","T","R","M","R","$","?","R","BOSS","M","?","?","M","?","R","$","M","T","?","?","M","$","?","R","BOSS"],"build_version":"2019-07-17","purchased_purges":3,"victory":true,"max_hp_per_floor":[66,66,66,66,66,66,66,66,66,66,66,66,66,66,66,66,66,66,66,66,66,66,66,66,66,66,66,66,66,66,66,66,66,66,66,66,66,66,66,66,66,66,66,66,66,66,66,66,66,66],"card_choices":[{"not_picked":["PiercingWail","Concentrate"],"picked":"Backstab","floor":1},{"not_picked":["Quick Slash","Underhanded Strike"],"picked":"Escape Plan","floor":2},{"not_picked":["Outmaneuver","Dodge and Roll"],"picked":"Infinite Blades","floor":3},{"not_picked":["Deflect","Eviscerate"],"picked":"Skewer","floor":5},{"not_picked":["Prepared","Slice"],"picked":"Finisher","floor":6},{"not_picked":["Bane","Acrobatics"],"picked":"Quick Slash","floor":8},{"not_picked":["Finisher","Backflip"],"picked":"Infinite Blades","floor":11},{"not_picked":["Eviscerate","Dash"],"picked":"Blade Dance","floor":14},{"not_picked":["Phantasmal Killer","Burst"],"picked":"Tools of the Trade","floor":16},{"not_picked":["Heel Hook","Calculated Gamble","Deflect"],"picked":"SKIP","floor":18},{"not_picked":["Underhanded Strike","Riddle With Holes"],"picked":"Backflip","floor":22},{"not_picked":["Poisoned Stab","Eviscerate"],"picked":"Slice","floor":23},{"not_picked":["Quick Slash","Flying Knee"],"picked":"Blade Dance","floor":28},{"not_picked":["Storm of Steel","Corpse Explosion"],"picked":"A Thousand Cuts","floor":33},{"not_picked":["Prepared","Backflip","Dagger Throw"],"picked":"SKIP","floor":35},{"not_picked":["Quick Slash+1","Dagger Throw"],"picked":"Backstab","floor":38},{"not_picked":["Sucker Punch","Bane"],"picked":"Blade Dance","floor":42},{"not_picked":["Choke","Slice","Quick Slash+1"],"picked":"SKIP","floor":44},{"not_picked":["Accuracy","Dodge and Roll+1","Flying Knee+1"],"picked":"SKIP","floor":45},{"not_picked":["Wraith Form v2","Dodge and Roll","Endless Agony+1"],"picked":"SKIP","floor":46}],"player_experience":929537,"relics_obtained":[{"floor":6,"key":"Mummified Hand"},{"floor":8,"key":"Girya"},{"floor":9,"key":"Shuriken"},{"floor":11,"key":"Odd Mushroom"},{"floor":14,"key":"Dodecahedron"},{"floor":23,"key":"Gambling Chip"},{"floor":26,"key":"Lantern"},{"floor":37,"key":"Bottled Lightning"},{"floor":43,"key":"Ornamental Fan"}],"event_choices":[{"damage_healed":0,"gold_gain":0,"player_choice":"Fought Mushrooms","damage_taken":0,"max_hp_gain":0,"max_hp_loss":0,"event_name":"Mushrooms","floor":11,"gold_loss":0},{"damage_healed":0,"gold_gain":0,"player_choice":"Fled","damage_taken":0,"max_hp_gain":0,"max_hp_loss":0,"event_name":"Scrap Ooze","floor":12,"gold_loss":0},{"damage_healed":0,"gold_gain":0,"player_choice":"Inject Mutagens","damage_taken":0,"relics_obtained":["MutagenicStrength"],"max_hp_gain":0,"max_hp_loss":0,"event_name":"Drug Dealer","floor":20,"gold_loss":0},{"damage_healed":0,"gold_gain":50,"player_choice":"Stole From Cult","damage_taken":0,"max_hp_gain":0,"max_hp_loss":0,"event_name":"Nest","floor":21,"gold_loss":0},{"damage_healed":0,"gold_gain":0,"player_choice":"Ignored","damage_taken":0,"max_hp_gain":0,"max_hp_loss":0,"event_name":"Vampires","floor":25,"gold_loss":0},{"damage_healed":0,"gold_gain":0,"player_choice":"Simplicity","damage_taken":0,"max_hp_gain":0,"max_hp_loss":0,"event_name":"Back to Basics","floor":31,"gold_loss":0,"cards_upgraded":["Strike_G","Strike_G","Strike_G","Defend_G","Defend_G","Defend_G","Defend_G","Defend_G"]},{"cards_removed":["Slice"],"damage_healed":0,"gold_gain":0,"player_choice":"Removed Attack","damage_taken":0,"max_hp_gain":0,"max_hp_loss":0,"event_name":"Falling","floor":36,"gold_loss":0},{"damage_healed":0,"gold_gain":0,"player_choice":"Got Potions","damage_taken":0,"max_hp_gain":0,"max_hp_loss":0,"event_name":"Lab","floor":39,"gold_loss":0},{"damage_healed":0,"gold_gain":0,"player_choice":"Paid","damage_taken":0,"relics_obtained":["Red Mask"],"max_hp_gain":0,"max_hp_loss":0,"event_name":"Tomb of Lord Red Mask","floor":48,"gold_loss":100}],"is_beta":false,"boss_relics":[{"not_picked":["White Beast Statue","Cursed Key"],"picked":"WristBlade"},{"not_picked":["Coffee Dripper","Busted Crown"],"picked":"Eternal Feather"}],"items_purged_floors":[4,19,41],"is_endless":false,"potions_floor_spawned":[1,2,8,16,22,33,42,44,46],"ascension_level":17}