{"gold_per_floor":[15,15,36,50,125,125,23,23,23,23,59,82,82,116,116,240,240,265,265,283,11,26,26,65,78,78,78,116,116,116,19,19,140,140,165,183,199,214,32,32,68,81,131,149,182,182,182,196,196,196],"floor_reached":51,"playtime":3289,"items_purged":[],"score":1258,"play_id":"e9b5ef88-7d51-4659-8dac-1424569c3758","local_time":"20190818163012","is_ascension_mode":true,"campfire_choices":[{"data":"1","floor":6,"key":"LIFT"},{"data":"2","floor":8,"key":"LIFT"},{"floor":13,"key":"REST"},{"data":"3","floor":15,"key":"LIFT"},{"data":"Disarm","floor":23,"key":"SMITH"},{"data":"True Grit","floor":27,"key":"SMITH"},{"data":"Spot Weakness","floor":30,"key":"SMITH"},{"data":"Feed","floor":32,"key":"SMITH"},{"data":"Limit Break","floor":40,"key":"SMITH"},{"data":"Demon Form","floor":46,"key":"SMITH"},{"data":"Sword Boomerang","floor":49,"key":"SMITH"}],"neow_cost":"NO_GOLD","seed_source_timestamp":385771844518156,"circlet_count":0,"master_deck":["AscendersBane","Strike_R+1","Strike_R+1","Strike_R+1","Strike_R+1","Strike_R+1","Defend_R+1","Defend_R+1","Defend_R+1","Defend_R+1","Bash","Sword Boomerang+1","Pommel Strike","Clothesline","Disarm+1","Sword Boomerang","Anger","Wild Strike","Reaper","Feed+1","Spot Weakness+1","Iron Wave+1","Swift Strike+1","Sword Boomerang+1","True Grit+1","Shrug It Off+1","Sever Soul+1","Demon Form+1","Heavy Blade+1","Sword Boomerang+1","Twin Strike+1","Disarm+1","Pummel+1","Limit Break+1","Finesse","Flame Barrier+1","Flame Barrier+1","Flex+1","Metallicize+1","Madness","Madness","Iron Wave+1"],"relics":["Burning Blood","Girya","Golden Idol","The Courier","Dodecahedron","Pantograph","Thread and Needle","Runic Pyramid","Molten Egg 2","Strawberry","Shuriken","Lantern","Matryoshka","Coffee Dripper","Bag of Preparation","Self Forming Clay","Dream Catcher","Omamori"],"potions_floor_usage":[24,33,50,50,50],"damage_taken":[{"damage":7,"enemies":"Jaw Worm","floor":1,"turns":3},{"damage":0,"enemies":"Small Slimes","floor":3,"turns":4},{"damage":3,"enemies":"2 Louse","floor":4,"turns":3},{"damage":30,"enemies":"3 Sentries","floor":11,"turns":7},{"damage":0,"enemies":"Large Slime","floor":12,"turns":4},{"damage":17,"enemies":"Gremlin Nob","floor":14,"turns":4},{"damage":0,"enemies":"Slime Boss","floor":16,"turns":8},{"damage":8,"enemies":"Shell Parasite","floor":18,"turns":6},{"damage":5,"enemies":"2 Thieves","floor":20,"turns":3},{"damage":0,"enemies":"Cultist and Chosen","floor":22,"turns":4},{"damage":16,"enemies":"Book of Stabbing","floor":24,"turns":4},{"damage":28,"enemies":"Snake Plant","floor":25,"turns":4},{"damage":8,"enemies":"Gremlin Leader","floor":28,"turns":6},{"damage":7,"enemies":"Champ","floor":33,"turns":7},{"damage":0,"enemies":"Orb Walker","floor":35,"turns":3},{"damage":7,"enemies":"3 Shapes","floor":36,"turns":5},{"damage":0,"enemies":"Maw","floor":37,"turns":6},{"damage":3,"enemies":"4 Shapes","floor":38,"turns":5},{"damage":1,"enemies":"Giant Head","floor":41,"turns":5},{"damage":0,"enemies":"Spire Growth","floor":42,"turns":4},{"damage":0,"enemies":"3 Darklings","floor":44,"turns":2},{"damage":23,"enemies":"Reptomancer","floor":45,"turns":5},{"damage":0,"enemies":"Jaw Worm Horde","floor":48,"turns":3},{"damage":60,"enemies":"Donu and Deca","floor":50,"turns":9}],"seed_played":"2162881705660070147","potions_obtained":[{"floor":11,"key":"EssenceOfSteel"},{"floor":12,"key":"Dexterity Potion"},{"floor":16,"key":"BloodPotion"},{"floor":24,"key":"FearPotion"},{"floor":28,"key":"PowerPotion"},{"floor":41,"key":"Weak Potion"},{"floor":45,"key":"PowerPotion"}],"is_trial":false,"path_per_floor":["M","?","M","M","?","R","$","R","T","?","E","M","R","E","R","B",null,"M","?","M","$","M","R","E","M","T","R","E","?","R","?","R","B",null,"M","M","M","M","$","R","E","M","T","M","E","R","?","M","R","B",null],"character_chosen":"IRONCLAD","items_purchased":["Disarm","Sword Boomerang","Molten Egg 2","Swift Strike+1","Pummel+1","Limit Break","Finesse"],"campfire_rested":1,"item_purchase_floors":[7,7,21,21,39,39,39],"current_hp_per_floor":[71,51,57,60,49,49,49,49,49,46,22,28,52,41,41,79,80,83,83,86,86,89,89,89,67,67,67,100,100,100,100,100,102,102,106,110,114,118,118,118,122,122,122,122,126,126,110,120,120,126],"gold":196,"neow_bonus":"ONE_RARE_RELIC","is_prod":false,"is_daily":false,"chose_seed":false,"campfire_upgraded":7,"win_rate":0,"timestamp":1566160212,"path_taken":["M","?","M","M","?","R","$","R","T","?","E","M","R","E","R","BOSS","M","?","M","$","M","R","E","?","T","R","E","?","R","?","R","BOSS","M","M","?","M","$","R","E","M","T","M","E","R","?","M","R","BOSS"],"build_version":"2019-07-17","purchased_purges":0,"victory":true,"max_hp_per_floor":[80,80,80,80,80,80,80,80,80,80,80,80,80,80,80,80,80,83,83,86,86,89,89,99,99,99,99,102,102,102,102,102,102,102,106,110,114,118,118,118,122,122,122,122,126,126,126,130,130,130],"card_choices":[{"not_picked":["Wild Strike","Headbutt"],"picked":"Sword Boomerang","floor":1},{"not_picked":["Rampage","Combust"],"picked":"Pommel Strike","floor":3},{"not_picked":["Flex","Corruption"],"picked":"Clothesline","floor":4},{"not_picked":["Body Slam","Entrench"],"picked":"Anger","floor":11},{"not_picked":["Searing Blow","Brutality"],"picked":"Wild Strike","floor":12},{"not_picked":["Dual Wield","Second Wind"],"picked":"Reaper","floor":14},{"not_picked":["Double Tap","Juggernaut"],"picked":"Feed","floor":16},{"not_picked":["Intimidate","Anger+1"],"picked":"Spot Weakness","floor":18},{"not_picked":["Clothesline+1","True Grit"],"picked":"Iron Wave+1","floor":20},{"not_picked":["Evolve","True Grit"],"picked":"Sword Boomerang+1","floor":22},{"not_picked":["Fire Breathing","Corruption"],"picked":"True Grit","floor":24},{"not_picked":["Warcry","Feel No Pain"],"picked":"Shrug It Off+1","floor":25},{"not_picked":["Shrug It Off","Perfected Strike+1"],"picked":"Sever Soul+1","floor":28},{"not_picked":["Exhume","Berserk"],"picked":"Demon Form","floor":33},{"not_picked":["Anger+1","Perfected Strike+1"],"picked":"Heavy Blade+1","floor":35},{"not_picked":["Twin Strike+1","Intimidate+1"],"picked":"Sword Boomerang+1","floor":36},{"not_picked":["Searing Blow+1","Cleave+1"],"picked":"Twin Strike+1","floor":37},{"not_picked":["Rupture","Warcry+1"],"picked":"Disarm+1","floor":38},{"not_picked":["Evolve","Offering"],"picked":"Flame Barrier+1","floor":41},{"not_picked":["Sever Soul+1","Infernal Blade"],"picked":"Flame Barrier+1","floor":42},{"not_picked":["Power Through","Blood for Blood+1"],"picked":"Flex+1","floor":44},{"not_picked":["Disarm+1","Reckless Charge+1"],"picked":"Metallicize+1","floor":45},{"not_picked":["Reckless Charge+1","Havoc+1"],"picked":"Iron Wave+1","floor":48}],"player_experience":431095,"relics_obtained":[{"floor":9,"key":"The Courier"},{"floor":11,"key":"Pantograph"},{"floor":14,"key":"Thread and Needle"},{"floor":24,"key":"Strawberry"},{"floor":26,"key":"Shuriken"},{"floor":28,"key":"Lantern"},{"floor":41,"key":"Bag of Preparation"},{"floor":43,"key":"Self Forming Clay"},{"floor":43,"key":"Dream Catcher"},{"floor":45,"key":"Omamori"}],"event_choices":[{"damage_healed":0,"gold_gain":0,"player_choice":"Take Damage","damage_taken":20,"relics_obtained":["Golden Idol"],"max_hp_gain":0,"max_hp_loss":0,"event_name":"Golden Idol","floor":2,"gold_loss":0},{"damage_healed":0,"gold_gain":75,"player_choice":"Gather Gold","damage_taken":11,"max_hp_gain":0,"max_hp_loss":0,"event_name":"World of Goop","floor":5,"gold_loss":0},{"damage_healed":0,"gold_gain":0,"player_choice":"Success","damage_taken":3,"relics_obtained":["Dodecahedron"],"max_hp_gain":0,"max_hp_loss":0,"event_name":"Scrap Ooze","floor":10,"gold_loss":0},{"damage_healed":0,"gold_gain":0,"player_choice":"Ignored","damage_taken":0,"max_hp_gain":0,"max_hp_loss":0,"event_name":"N\u0027loth","floor":19,"gold_loss":0},{"damage_healed":0,"gold_gain":0,"player_choice":"Simplicity","damage_taken":0,"max_hp_gain":0,"max_hp_loss":0,"event_name":"Back to Basics","floor":29,"gold_loss":0,"cards_upgraded":["Strike_R","Strike_R","Strike_R","Strike_R","Strike_R","Defend_R","Defend_R","Defend_R","Defend_R"]},{"damage_healed":0,"gold_gain":0,"player_choice":"Paid Gold","damage_taken":0,"relics_obtained":["Matryoshka"],"max_hp_gain":0,"max_hp_loss":0,"event_name":"WeMeetAgain","floor":31,"gold_loss":97},{"damage_healed":0,"gold_gain":0,"player_choice":"Embrace Madness","damage_taken":16,"max_hp_gain":0,"max_hp_loss":0,"event_name":"Winding Halls","floor":47,"gold_loss":0,"cards_obtained":["Madness","Madness"]}],"is_beta":false,"boss_relics":[{"not_picked":["Tiny House","Sozu"],"picked":"Runic Pyramid"},{"not_picked":["Calling Bell","Eternal Feather"],"picked":"Coffee Dripper"}],"items_purged_floors":[],"is_endless":false,"potions_floor_spawned":[11,12,16,20,24,28,41,44,45,48],"ascension_level":10}