{"gold_per_floor":[115,115,290,290,302,302,377,394,394,364,72,88,88,101,101,200,200,219,219,129,129,129,129,141,141,167,167,177,138,1,20,20,121,121,133,133,8,27,27,27,27,39,39,59,71,71,81,91,91,91],"floor_reached":51,"playtime":6879,"items_purged":["Strike_R","Strike_R+1","Strike_R+1"],"score":894,"play_id":"ca1593f4-f63e-465f-9777-86a3df305af8","local_time":"20181008123231","is_ascension_mode":true,"campfire_choices":[{"data":"Battle Trance","floor":6,"key":"SMITH"},{"data":"Armaments","floor":13,"key":"SMITH"},{"data":"True Grit","floor":15,"key":"SMITH"},{"floor":23,"key":"REST"},{"floor":25,"key":"REST"},{"data":"Barricade","floor":27,"key":"SMITH"},{"floor":32,"key":"REST"},{"data":"Bludgeon","floor":46,"key":"SMITH"},{"floor":49,"key":"REST"}],"neow_cost":"","seed_source_timestamp":918491813753991,"circlet_count":0,"master_deck":["Strike_R+1","Defend_R+1","Defend_R+1","Defend_R+1","Defend_R+1","Bash","Battle Trance+1","Iron Wave+1","Armaments+1","True Grit+1","Bludgeon+1","Body Slam+1","Barricade+1","Impervious+1","Cleave+1","Twin Strike+1","Entrench","Uppercut","Reaper","Madness","Madness","Mayhem","Uppercut+1"],"relics":["Burning Blood","Bronze Scales","Velvet Choker","Nilry\u0027s Codex","Whetstone","Snecko Eye","Meat on the Bone"],"potions_floor_usage":[33,42,44,50,50],"damage_taken":[{"damage":5,"enemies":"Small Slimes","floor":1,"turns":3},{"damage":15,"enemies":"Jaw Worm","floor":5,"turns":7},{"damage":8,"enemies":"2 Louse","floor":8,"turns":3},{"damage":1,"enemies":"Looter","floor":10,"turns":4},{"damage":0,"enemies":"2 Fungi Beasts","floor":12,"turns":4},{"damage":0,"enemies":"Exordium Wildlife","floor":14,"turns":2},{"damage":41,"enemies":"Hexaghost","floor":16,"turns":9},{"damage":6,"enemies":"Shell Parasite","floor":18,"turns":5},{"damage":27,"enemies":"Chosen","floor":24,"turns":5},{"damage":10,"enemies":"Snecko","floor":28,"turns":4},{"damage":12,"enemies":"Cultist and Chosen","floor":31,"turns":6},{"damage":0,"enemies":"Automaton","floor":33,"turns":12},{"damage":0,"enemies":"Orb Walker","floor":35,"turns":4},{"damage":17,"enemies":"3 Darklings","floor":38,"turns":7},{"damage":21,"enemies":"4 Shapes","floor":42,"turns":7},{"damage":0,"enemies":"Transient","floor":44,"turns":5},{"damage":0,"enemies":"Sphere and 2 Shapes","floor":45,"turns":4},{"damage":36,"enemies":"Reptomancer","floor":47,"turns":6},{"damage":21,"enemies":"4 Shapes","floor":48,"turns":5},{"damage":71,"enemies":"Time Eater","floor":50,"turns":12}],"seed_played":"-5583764201642766126","potions_obtained":[{"floor":1,"key":"Weak Potion"},{"floor":14,"key":"SteroidPotion"},{"floor":16,"key":"EssenceOfSteel"},{"floor":24,"key":"Regen Potion"},{"floor":33,"key":"Poison Potion"},{"floor":38,"key":"EssenceOfSteel"},{"floor":42,"key":"Fire Potion"},{"floor":47,"key":"Block Potion"}],"is_trial":false,"path_per_floor":["M","?","?","?","M","R","?","M","T","M","$","M","R","M","R","B",null,"M","?","?","?","?","R","M","R","T","R","M","$","$","M","R","B",null,"M","?","$","M","$","?","$","M","T","M","M","R","M","M","R","B"],"character_chosen":"IRONCLAD","items_purchased":["True Grit","Bludgeon","Entrench","Uppercut"],"campfire_rested":4,"item_purchase_floors":[11,11,29,30],"current_hp_per_floor":[73,66,66,71,62,62,51,49,49,54,54,60,60,66,66,31,72,72,72,72,56,40,67,46,73,73,73,69,69,69,63,90,90,90,90,79,79,80,80,80,80,90,90,90,90,90,60,60,87,40],"gold":91,"neow_bonus":"","is_prod":false,"is_daily":false,"chose_seed":false,"campfire_upgraded":5,"win_rate":0,"timestamp":1539019951,"path_taken":["M","?","?","?","M","R","?","?","T","M","$","M","R","M","R","BOSS","M","?","?","?","?","R","M","R","T","R","M","?","$","M","R","BOSS","M","?","$","?","$","?","$","M","T","M","?","R","M","M","R","BOSS"],"build_version":"2018-10-04v2","purchased_purges":3,"victory":true,"max_hp_per_floor":[80,80,80,85,85,85,85,85,85,85,85,85,85,85,85,85,85,85,85,85,85,90,90,90,90,90,90,90,90,90,90,90,90,90,90,90,90,90,90,90,90,90,90,90,90,90,90,90,90,90],"card_choices":[{"not_picked":["Cleave","Perfected Strike"],"picked":"Battle Trance","floor":1},{"not_picked":["Sever Soul","Flex"],"picked":"Iron Wave","floor":5},{"not_picked":["Anger","Iron Wave"],"picked":"Armaments","floor":8},{"not_picked":["Dual Wield","Searing Blow","Clash"],"picked":"SKIP","floor":10},{"not_picked":["Perfected Strike","Rampage"],"picked":"Body Slam","floor":12},{"not_picked":["Body Slam","Carnage"],"picked":"Barricade","floor":14},{"not_picked":["Barricade","Limit Break"],"picked":"Impervious","floor":16},{"not_picked":["Sentinel","Power Through"],"picked":"Cleave+1","floor":18},{"not_picked":["Bloodletting","Armaments","Wild Strike"],"picked":"SKIP","floor":24},{"not_picked":["Sentinel+1","Combust+1"],"picked":"Twin Strike+1","floor":28},{"not_picked":["Combust","Heavy Blade","Perfected Strike+1"],"picked":"SKIP","floor":31},{"not_picked":["Exhume","Dark Embrace"],"picked":"Reaper","floor":33},{"not_picked":["Wild Strike","Bloodletting+1","Headbutt+1"],"picked":"SKIP","floor":35},{"not_picked":["Blood for Blood","Corruption","Flex+1"],"picked":"SKIP","floor":38},{"not_picked":["PanicButton","Dark Shackles"],"picked":"Mayhem","floor":40},{"not_picked":["Disarm+1","Flex","Feel No Pain+1"],"picked":"SKIP","floor":42},{"not_picked":["Combust+1","Clothesline","Anger"],"picked":"SKIP","floor":44},{"not_picked":["Cleave","Clothesline+1"],"picked":"Uppercut+1","floor":45},{"not_picked":["Clothesline+1","Corruption","Pummel+1"],"picked":"SKIP","floor":47},{"not_picked":["Headbutt","Warcry+1","Thunderclap"],"picked":"SKIP","floor":48}],"player_experience":212461,"relics_obtained":[{"floor":9,"key":"Bronze Scales"},{"floor":21,"key":"Nilry\u0027s Codex"},{"floor":26,"key":"Whetstone"},{"floor":43,"key":"Meat on the Bone"}],"event_choices":[{"event_name":"Golden Wing","player_choice":"Card Removal","floor":2,"damage_taken":0},{"event_name":"Liars Game","player_choice":"agreed","floor":3,"damage_taken":0},{"event_name":"Big Fish","player_choice":"Donut","floor":4,"damage_taken":0},{"event_name":"World of Goop","player_choice":"Gather Gold","floor":7,"damage_taken":0},{"event_name":"Back to Basics","player_choice":"Simplicity","floor":19,"damage_taken":0},{"event_name":"Designer","player_choice":"Full Service","floor":20,"damage_taken":0},{"event_name":"Cursed Tome","player_choice":"Obtained Book","floor":21,"damage_taken":0},{"event_name":"Forgotten Altar","player_choice":"Shed Blood","floor":22,"damage_taken":0},{"event_name":"Winding Halls","player_choice":"Embrace Madness","floor":36,"damage_taken":0},{"event_name":"SensoryStone","player_choice":"Memory 1","floor":40,"damage_taken":0}],"is_beta":false,"boss_relics":[{"not_picked":["Eternal Feather","Pandora\u0027s Box"],"picked":"Velvet Choker"},{"not_picked":["Cursed Key","Tiny House"],"picked":"Snecko Eye"}],"items_purged_floors":[11,30,37],"is_endless":false,"potions_floor_spawned":[1,14,16,18,24,33,38,42,47],"ascension_level":7}