{"gold_per_floor":[112,112,112,136,155,155,180,219,242,263,218,218,256,1,1,131,131,147,147,187,22,47,47],"floor_reached":23,"playtime":4326,"items_purged":[],"score":229,"play_id":"d1eeb1f1-a5ee-416f-b3b9-8aa344f8b751","local_time":"20190714190458","is_ascension_mode":true,"campfire_choices":[{"data":"Recycle","floor":6,"key":"SMITH"},{"floor":12,"key":"REST"},{"data":"Creative AI","floor":15,"key":"SMITH"}],"neow_cost":"NONE","seed_source_timestamp":162557110008735,"circlet_count":0,"master_deck":["Strike_B","Strike_B","Strike_B","Defend_B","Defend_B","Defend_B","Defend_B","Zap","Dualcast","Cold Snap","BootSequence","Recycle+1","Compile Driver","Leap","Creative AI+1","Consume","Ball Lightning","Multi-Cast+1","Conserve Battery+1","Sweeping Beam","Panacea+1","FTL","Gash"],"relics":["FrozenCore","Golden Idol","Smiling Mask","Omamori","Regal Pillow","Toxic Egg 2","Red Mask"],"potions_floor_usage":[7,8,11,13,16,20,22,23],"damage_taken":[{"damage":8,"enemies":"Jaw Worm","floor":1,"turns":4},{"damage":0,"enemies":"2 Louse","floor":4,"turns":1},{"damage":0,"enemies":"Cultist","floor":5,"turns":3},{"damage":0,"enemies":"Large Slime","floor":7,"turns":4},{"damage":7,"enemies":"Lagavulin","floor":8,"turns":7},{"damage":0,"enemies":"Red Slaver","floor":10,"turns":2},{"damage":7,"enemies":"Looter","floor":11,"turns":5},{"damage":17,"enemies":"3 Sentries","floor":13,"turns":10},{"damage":7,"enemies":"The Guardian","floor":16,"turns":12},{"damage":0,"enemies":"Chosen","floor":18,"turns":7},{"damage":34,"enemies":"Masked Bandits","floor":20,"turns":7},{"damage":14,"enemies":"Shell Parasite","floor":22,"turns":5},{"damage":33,"enemies":"Slavers","floor":23,"turns":5}],"seed_played":"2442953338589660111","potions_obtained":[{"floor":0,"key":"Fire Potion"},{"floor":0,"key":"Weak Potion"},{"floor":0,"key":"SteroidPotion"},{"floor":5,"key":"Energy Potion"},{"floor":7,"key":"EssenceOfSteel"},{"floor":10,"key":"FearPotion"},{"floor":16,"key":"Explosive Potion"},{"floor":18,"key":"FearPotion"},{"floor":20,"key":"AttackPotion"}],"is_trial":false,"path_per_floor":["M","?","?","M","M","R","M","E","T","M","M","R","E","$","R","B",null,"M","?","?","$","M","E"],"character_chosen":"DEFECT","items_purchased":["Toxic Egg 2","Panacea+1","FTL"],"campfire_rested":1,"item_purchase_floors":[14,21,21],"current_hp_per_floor":[67,49,42,42,42,42,42,35,35,35,28,50,33,33,33,26,75,75,75,41,41,27,0],"gold":47,"neow_bonus":"THREE_SMALL_POTIONS","is_prod":false,"is_daily":false,"chose_seed":false,"campfire_upgraded":2,"win_rate":0,"timestamp":1563145498,"path_taken":["M","?","?","M","M","R","M","E","T","M","M","R","E","$","R","BOSS","M","?","?","$","?","E"],"build_version":"2019-07-05","purchased_purges":0,"victory":false,"max_hp_per_floor":[75,75,75,75,75,75,75,75,75,75,75,75,75,75,75,75,75,75,75,75,75,75,75],"card_choices":[{"not_picked":["Hologram","Barrage"],"picked":"Cold Snap","floor":1},{"not_picked":["Go for the Eyes","Static Discharge"],"picked":"BootSequence","floor":4},{"not_picked":["Reinforced Body","Streamline"],"picked":"Recycle","floor":5},{"not_picked":["Gash","Go for the Eyes"],"picked":"Compile Driver","floor":7},{"not_picked":["Blizzard","Rebound"],"picked":"Leap","floor":8},{"not_picked":["Rebound","Blizzard"],"picked":"Creative AI","floor":10},{"not_picked":["Cold Snap","Sunder"],"picked":"Consume","floor":11},{"not_picked":["All For One","Sunder"],"picked":"Ball Lightning","floor":13},{"not_picked":["Electrodynamics","All For One"],"picked":"Multi-Cast+1","floor":16},{"not_picked":["Gash+1","Doom and Gloom"],"picked":"Conserve Battery+1","floor":18},{"not_picked":["White Noise+1","Auto Shields+1"],"picked":"Sweeping Beam","floor":20},{"not_picked":["Stack+1","Conserve Battery+1"],"picked":"Gash","floor":22}],"player_experience":212282,"relics_obtained":[{"floor":8,"key":"Smiling Mask"},{"floor":9,"key":"Omamori"},{"floor":13,"key":"Regal Pillow"},{"floor":20,"key":"Red Mask"}],"event_choices":[{"damage_healed":0,"gold_gain":0,"player_choice":"Take Damage","damage_taken":18,"relics_obtained":["Golden Idol"],"max_hp_gain":0,"max_hp_loss":0,"event_name":"Golden Idol","floor":2,"gold_loss":0},{"cards_removed":["Strike_B"],"damage_healed":0,"gold_gain":0,"player_choice":"Card Removal","damage_taken":7,"max_hp_gain":0,"max_hp_loss":0,"event_name":"Golden Wing","floor":3,"gold_loss":0},{"damage_healed":0,"gold_gain":0,"player_choice":"Ignored","damage_taken":0,"max_hp_gain":0,"max_hp_loss":0,"event_name":"Beggar","floor":19,"gold_loss":0},{"damage_healed":0,"gold_gain":0,"player_choice":"Fought Bandits","damage_taken":0,"max_hp_gain":0,"max_hp_loss":0,"event_name":"Masked Bandits","floor":20,"gold_loss":0}],"is_beta":false,"boss_relics":[{"not_picked":["Calling Bell","Lizard Tail"],"picked":"FrozenCore"}],"items_purged_floors":[],"is_endless":false,"potions_floor_spawned":[5,7,10,16,18,20],"killed_by":"Slavers","ascension_level":3}