{"gold_per_floor":[110,110,130,145,163,198,198,229,229,249,249,268,268,280,280,380,380,390,410,58,71,31,63,83,83,109,109,125,125,136,136],"floor_reached":31,"playtime":4492,"items_purged":[],"score":312,"play_id":"bba5e5b8-3912-4cb5-bff8-eba178986ce7","local_time":"20190709133323","is_ascension_mode":true,"campfire_choices":[{"data":"True Grit","floor":7,"key":"SMITH"},{"data":"Spot Weakness","floor":13,"key":"SMITH"},{"floor":15,"key":"REST"},{"floor":25,"key":"REST"},{"floor":27,"key":"REST"},{"data":"Armaments","floor":29,"key":"SMITH"}],"neow_cost":"CURSE","seed_source_timestamp":54394904592246,"circlet_count":0,"master_deck":["Strike_R","Strike_R","Strike_R+1","Strike_R","Defend_R","Defend_R","Defend_R+1","Defend_R+1","Bash","Parasite","Rampage","Havoc+1","True Grit+1","Spot Weakness+1","Cleave","Reckless Charge","Twin Strike","Flex","Iron Wave","Exhume","Berserk","Metallicize+1","Shrug It Off+1","Perfected Strike+1","Flash of Steel+1","Armaments+1","Perfected Strike+1","Corruption+1","Pommel Strike+1","Evolve"],"relics":["Burning Blood","Ice Cream","Art of War","War Paint","Bottled Flame","Mark of Pain","Molten Egg 2","Champion Belt","Ancient Tea Set"],"potions_floor_usage":[6,8,16,16,19,21,21,23,23,23,24],"damage_taken":[{"damage":4,"enemies":"Jaw Worm","floor":1,"turns":4},{"damage":1,"enemies":"Cultist","floor":3,"turns":3},{"damage":10,"enemies":"Small Slimes","floor":4,"turns":4},{"damage":8,"enemies":"2 Fungi Beasts","floor":5,"turns":4},{"damage":13,"enemies":"Lagavulin","floor":6,"turns":6},{"damage":21,"enemies":"3 Sentries","floor":8,"turns":7},{"damage":8,"enemies":"Gremlin Gang","floor":10,"turns":5},{"damage":7,"enemies":"3 Louse","floor":12,"turns":2},{"damage":5,"enemies":"2 Fungi Beasts","floor":14,"turns":3},{"damage":24,"enemies":"Slime Boss","floor":16,"turns":7},{"damage":36,"enemies":"3 Byrds","floor":18,"turns":6},{"damage":20,"enemies":"Shell Parasite","floor":19,"turns":4},{"damage":34,"enemies":"Snake Plant","floor":21,"turns":4},{"damage":3,"enemies":"Book of Stabbing","floor":23,"turns":4},{"damage":8,"enemies":"Centurion and Healer","floor":24,"turns":5},{"damage":11,"enemies":"Snecko","floor":28,"turns":5},{"damage":17,"enemies":"Snake Plant","floor":30,"turns":3},{"damage":50,"enemies":"Slavers","floor":31,"turns":3}],"seed_played":"-3587311712637237371","potions_obtained":[{"floor":3,"key":"AttackPotion"},{"floor":5,"key":"SkillPotion"},{"floor":6,"key":"LiquidBronze"},{"floor":10,"key":"Fire Potion"},{"floor":12,"key":"Dexterity Potion"},{"floor":18,"key":"Explosive Potion"},{"floor":19,"key":"GamblersBrew"},{"floor":22,"key":"EssenceOfSteel"},{"floor":22,"key":"SneckoOil"},{"floor":22,"key":"SteroidPotion"},{"floor":23,"key":"AttackPotion"}],"is_trial":false,"path_per_floor":["M","?","M","M","M","E","R","E","T","M","?","M","R","M","R","B",null,"M","M","$","M","?","E","M","R","T","R","M","R","M","E"],"character_chosen":"IRONCLAD","items_purchased":["Molten Egg 2","Perfected Strike+1","Flash of Steel+1"],"campfire_rested":3,"item_purchase_floors":[20,20,20],"current_hp_per_floor":[80,80,80,76,74,67,67,52,52,50,34,33,33,34,58,40,80,50,36,36,8,8,11,9,33,33,57,52,52,41,0],"gold":136,"neow_bonus":"ONE_RARE_RELIC","is_prod":false,"is_daily":false,"chose_seed":false,"campfire_upgraded":3,"win_rate":0,"timestamp":1562693603,"path_taken":["M","?","?","M","M","E","R","E","T","M","?","M","R","M","R","BOSS","M","M","$","M","?","E","?","R","T","R","M","R","?","E"],"build_version":"2019-07-05","purchased_purges":0,"victory":false,"max_hp_per_floor":[80,80,80,80,80,80,80,80,80,80,80,80,80,80,80,80,80,80,80,80,80,80,80,80,80,80,80,80,80,80,80],"card_choices":[{"not_picked":["Sword Boomerang","Blood for Blood"],"picked":"Rampage","floor":1},{"not_picked":["Second Wind","Body Slam"],"picked":"True Grit","floor":3},{"not_picked":["Perfected Strike","Disarm"],"picked":"Spot Weakness","floor":4},{"not_picked":["Ghostly Armor","Anger"],"picked":"Cleave","floor":5},{"not_picked":["Anger","Cleave"],"picked":"Reckless Charge","floor":6},{"not_picked":["Flame Barrier","Anger"],"picked":"Twin Strike","floor":8},{"not_picked":["Clothesline","Flame Barrier"],"picked":"Flex","floor":10},{"not_picked":["Cleave","True Grit"],"picked":"Iron Wave","floor":12},{"not_picked":["Pommel Strike","Sword Boomerang"],"picked":"Exhume","floor":14},{"not_picked":["Exhume","Brutality"],"picked":"Berserk","floor":16},{"not_picked":["Twin Strike","Clash"],"picked":"Metallicize+1","floor":18},{"not_picked":["Clothesline+1","Heavy Blade+1"],"picked":"Shrug It Off+1","floor":19},{"not_picked":["Sword Boomerang+1","Carnage+1"],"picked":"Armaments","floor":21},{"not_picked":["Power Through","Demon Form"],"picked":"Perfected Strike+1","floor":23},{"not_picked":["Anger+1","Havoc"],"picked":"Corruption+1","floor":24},{"not_picked":["Anger+1","Power Through"],"picked":"Pommel Strike+1","floor":28},{"not_picked":["Armaments","Hemokinesis+1"],"picked":"Evolve","floor":30}],"player_experience":181012,"relics_obtained":[{"floor":6,"key":"Art of War"},{"floor":8,"key":"War Paint"},{"floor":9,"key":"Bottled Flame"},{"floor":23,"key":"Champion Belt"},{"floor":26,"key":"Ancient Tea Set"}],"event_choices":[{"damage_healed":0,"gold_gain":0,"cards_transformed":["Strike_R"],"player_choice":"Transformed","damage_taken":0,"max_hp_gain":0,"max_hp_loss":0,"event_name":"Transmorgrifier","floor":2,"gold_loss":0,"cards_obtained":["Havoc"]},{"damage_healed":0,"gold_gain":0,"player_choice":"Entered Light","damage_taken":16,"max_hp_gain":0,"max_hp_loss":0,"event_name":"Shining Light","floor":11,"gold_loss":0,"cards_upgraded":["Havoc","Strike_R"]},{"damage_healed":0,"gold_gain":0,"player_choice":"Bought 3 Potions","damage_taken":0,"max_hp_gain":0,"max_hp_loss":0,"event_name":"The Woman in Blue","floor":22,"gold_loss":0}],"is_beta":false,"boss_relics":[{"not_picked":["Tiny House","Calling Bell"],"picked":"Mark of Pain"}],"items_purged_floors":[],"is_endless":false,"potions_floor_spawned":[3,5,6,10,12,14,18,19,23],"killed_by":"Slavers","ascension_level":3}