{"gold_per_floor":[110,122,133,101,101,101,130,3,28,28,42,68,88,119,119,218,218,228,228,239,249,249,282,282,282,282,282,313,1,1,1],"floor_reached":31,"playtime":4758,"items_purged":[],"score":466,"play_id":"19945dde-2eee-4dee-b5da-cda1cb9fc8d7","local_time":"20190703204203","daily_mods":["Shiny","Heirloom","Terminal"],"is_ascension_mode":false,"campfire_choices":[{"data":"Adrenaline","floor":6.0,"key":"SMITH"},{"data":"Wraith Form v2","floor":15.0,"key":"SMITH"},{"data":"Bullet Time","floor":25,"key":"SMITH"},{"data":"Malaise","floor":27,"key":"SMITH"}],"neow_cost":"","seed_source_timestamp":0,"circlet_count":0,"master_deck":["Demon Form","Wraith Form v2","Echo Form","Venomology","Corpse Explosion","Malaise+1","Phantasmal Killer","Die Die Die","Adrenaline+1","Envenom","Doppelganger","Burst","Wraith Form v2+1","Tools of the Trade","Night Terror","Unload","After Image+1","Bullet Time+1","Storm of Steel","Glass Knife","A Thousand Cuts","Grand Finale","Outmaneuver","Predator","Deadly Poison","Prepared","Noxious Fumes","Cloak And Dagger","Deflect","Escape Plan","Backflip","Reflex","Dagger Throw","Prepared","A Thousand Cuts","Dagger Throw","Infinite Blades","PiercingWail","Backflip","Outmaneuver","Well Laid Plans","Cloak And Dagger"],"special_seed":0,"relics":["Ring of the Snake","FossilizedHelix","Mercury Hourglass","StoneCalendar","Ancient Tea Set","Snake Skull","Boot","Black Star","Bottled Flame","Blood Vial","Ornamental Fan","Oddly Smooth Stone","Blue Candle","Chemical X","Bottled Tornado"],"potions_floor_usage":[20,21,28,28,31,31],"damage_taken":[{"damage":0.0,"enemies":"Cultist","floor":1.0,"turns":4.0},{"damage":0.0,"enemies":"2 Louse","floor":2.0,"turns":3.0},{"damage":0.0,"enemies":"Jaw Worm","floor":3.0,"turns":3.0},{"damage":0.0,"enemies":"Lagavulin","floor":7.0,"turns":5.0},{"damage":0.0,"enemies":"Exordium Wildlife","floor":11.0,"turns":3.0},{"damage":0.0,"enemies":"3 Sentries","floor":12.0,"turns":4.0},{"damage":0.0,"enemies":"3 Louse","floor":13.0,"turns":1.0},{"damage":0.0,"enemies":"Gremlin Nob","floor":14.0,"turns":3.0},{"damage":0.0,"enemies":"The Guardian","floor":16.0,"turns":7.0},{"damage":0,"enemies":"Chosen","floor":18,"turns":6},{"damage":0,"enemies":"2 Thieves","floor":20,"turns":4},{"damage":0,"enemies":"Snake Plant","floor":21,"turns":3},{"damage":6,"enemies":"Gremlin Leader","floor":23,"turns":7},{"damage":0,"enemies":"Book of Stabbing","floor":28,"turns":5},{"damage":1,"enemies":"Cultist and Chosen","floor":31,"turns":4}],"seed_played":"5983024056111377861","potions_obtained":[{"floor":1.0,"key":"Poison Potion"},{"floor":3.0,"key":"GamblersBrew"},{"floor":11.0,"key":"LiquidBronze"},{"floor":12.0,"key":"SkillPotion"},{"floor":16.0,"key":"EntropicBrew"},{"floor":20,"key":"Poison Potion"}],"is_trial":true,"path_per_floor":["M","M","M","?","T","R","E","$","T","?","M","E","M","E","R","B",null,"M","?","M","M","?","E","?","R","T","R","E","$","T","M"],"character_chosen":"THE_SILENT","items_purchased":["Noxious Fumes","Cloak And Dagger","Chemical X","Well Laid Plans","Cloak And Dagger"],"campfire_rested":0,"item_purchase_floors":[8,8,29,29,29],"current_hp_per_floor":[1,1,1,1,1,1,1,1,1,1,1,1,1,1,1,1,1,1,1,1,1,1,1,1,1,1,1,1,1,1,0],"gold":1,"neow_bonus":"","is_prod":false,"is_daily":false,"chose_seed":false,"campfire_upgraded":4,"win_rate":0,"timestamp":1562200923,"path_taken":["M","M","?","?","?","R","E","?","T","?","M","E","?","E","R","BOSS","M","?","M","?","?","E","?","R","T","R","E","$","?","M"],"build_version":"2019-07-01","purchased_purges":0,"victory":false,"max_hp_per_floor":[1,1,1,1,1,1,1,1,1,1,1,1,1,1,1,1,1,1,1,1,1,1,1,1,1,1,1,1,1,1,1],"card_choices":[{"not_picked":["Sucker Punch","Terror"],"picked":"Outmaneuver","floor":1.0},{"not_picked":["Skewer","Dodge and Roll"],"picked":"Predator","floor":2.0},{"not_picked":["Bane","Underhanded Strike"],"picked":"Deadly Poison","floor":3.0},{"not_picked":["Flechettes","Heel Hook"],"picked":"Prepared","floor":7.0},{"not_picked":["Cloak And Dagger","Finisher"],"picked":"Deflect","floor":11.0},{"not_picked":["Masterful Stab","PiercingWail"],"picked":"Escape Plan","floor":12.0},{"not_picked":["Cloak And Dagger","Doppelganger"],"picked":"Backflip","floor":13.0},{"not_picked":["Venomology","PiercingWail"],"picked":"Reflex","floor":14.0},{"not_picked":["Accuracy","Acrobatics"],"picked":"Dagger Throw","floor":18},{"not_picked":["Bouncing Flask","Underhanded Strike"],"picked":"Dagger Throw","floor":20},{"not_picked":["Underhanded Strike","Concentrate"],"picked":"Infinite Blades","floor":21},{"not_picked":["Predator","PiercingWail"],"picked":"Backflip","floor":23},{"not_picked":["Doppelganger","Accuracy+1"],"picked":"Outmaneuver","floor":28}],"player_experience":89851,"relics_obtained":[{"floor":5.0,"key":"Mercury Hourglass"},{"floor":7.0,"key":"StoneCalendar"},{"floor":9.0,"key":"Ancient Tea Set"},{"floor":12.0,"key":"Snake Skull"},{"floor":14.0,"key":"Boot"},{"floor":23,"key":"Bottled Flame"},{"floor":23,"key":"Blood Vial"},{"floor":26,"key":"Ornamental Fan"},{"floor":28,"key":"Oddly Smooth Stone"},{"floor":28,"key":"Blue Candle"},{"floor":30,"key":"Bottled Tornado"}],"event_choices":[{"damage_healed":0.0,"max_hp_gain":0.0,"max_hp_loss":0.0,"gold_gain":0.0,"event_name":"World of Goop","player_choice":"Left Gold","floor":4.0,"gold_loss":32.0,"damage_taken":0.0},{"damage_healed":0.0,"max_hp_gain":0.0,"max_hp_loss":0.0,"gold_gain":0.0,"event_name":"Upgrade Shrine","player_choice":"Upgraded","floor":10.0,"gold_loss":0.0,"damage_taken":0.0,"cards_upgraded":["After Image"]},{"damage_healed":0,"gold_gain":0,"player_choice":"2 cards matched","damage_taken":0,"max_hp_gain":0,"max_hp_loss":0,"event_name":"Match and Keep!","floor":19,"gold_loss":0,"cards_obtained":["Prepared","A Thousand Cuts"]},{"damage_healed":0,"gold_gain":0,"player_choice":"Read","damage_taken":0,"max_hp_gain":0,"max_hp_loss":0,"event_name":"The Library","floor":22,"gold_loss":0,"cards_obtained":["PiercingWail"]},{"damage_healed":0,"gold_gain":0,"player_choice":"Ignored","damage_taken":0,"max_hp_gain":0,"max_hp_loss":0,"event_name":"Vampires","floor":24,"gold_loss":0}],"is_beta":false,"boss_relics":[{"not_picked":["Lizard Tail","Eternal Feather"],"picked":"Black Star"}],"items_purged_floors":[],"is_endless":false,"potions_floor_spawned":[1,3,11,12,16,20],"killed_by":"Cultist and Chosen","ascension_level":0}