{"gold_per_floor":[114,114,128,78,94,94,104,104,130,130,142,155,185,200,200,297,297,312,237,237,237,0,29,29,62,62,81,81,49,49,59,59,59],"floor_reached":33,"playtime":2192,"items_purged":[],"score":413,"play_id":"c310e418-166b-47fb-9edd-219fb3310487","local_time":"20190817021408","is_ascension_mode":true,"campfire_choices":[{"data":"Sucker Punch","floor":6,"key":"SMITH"},{"data":"Neutralize","floor":8,"key":"SMITH"},{"data":"Cloak And Dagger","floor":10,"key":"SMITH"},{"data":"Noxious Fumes","floor":15,"key":"SMITH"},{"floor":24,"key":"REST"},{"floor":28,"key":"REST"},{"data":"Adrenaline","floor":30,"key":"SMITH"},{"data":"Glass Knife","floor":32,"key":"SMITH"}],"neow_cost":"NONE","seed_source_timestamp":322680981427874,"circlet_count":0,"master_deck":["Strike_G","Defend_G","Defend_G","Defend_G","Survivor","Neutralize+1","Sucker Punch+1","Bouncing Flask","Deflect","Cloak And Dagger+1","Backstab","Dagger Spray","Terror","PiercingWail","Noxious Fumes+1","Glass Knife+1","Heel Hook+1","Storm of Steel+1","Leg Sweep+1","Endless Agony","PiercingWail","Flying Knee+1","Adrenaline+1","Backflip","Backflip","Calculated Gamble","Poisoned Stab+1"],"relics":["Ring of the Snake","Boot","Oddly Smooth Stone","Dream Catcher","Astrolabe","Enchiridion","Vajra","Paper Crane","The Courier"],"potions_floor_usage":[18,31,33],"damage_taken":[{"damage":1,"enemies":"Small Slimes","floor":1,"turns":4},{"damage":1,"enemies":"2 Louse","floor":3,"turns":3},{"damage":0,"enemies":"Cultist","floor":5,"turns":4},{"damage":0,"enemies":"2 Fungi Beasts","floor":7,"turns":4},{"damage":0,"enemies":"Exordium Thugs","floor":11,"turns":5},{"damage":0,"enemies":"Looter","floor":12,"turns":2},{"damage":5,"enemies":"Lagavulin","floor":13,"turns":6},{"damage":0,"enemies":"Blue Slaver","floor":14,"turns":2},{"damage":1,"enemies":"The Guardian","floor":16,"turns":10},{"damage":2,"enemies":"2 Thieves","floor":18,"turns":4},{"damage":28,"enemies":"Book of Stabbing","floor":23,"turns":5},{"damage":8,"enemies":"Gremlin Leader","floor":25,"turns":5},{"damage":0,"enemies":"3 Byrds","floor":27,"turns":2},{"damage":0,"enemies":"Snecko","floor":31,"turns":4},{"damage":55,"enemies":"Champ","floor":33,"turns":10}],"seed_played":"-8103945380809230944","potions_obtained":[{"floor":3,"key":"Fire Potion"},{"floor":5,"key":"Weak Potion"},{"floor":14,"key":"GamblersBrew"},{"floor":16,"key":"SteroidPotion"},{"floor":25,"key":"Weak Potion"},{"floor":27,"key":"Block Potion"}],"is_trial":false,"path_per_floor":["M","?","M","?","M","R","M","R","T","R","M","M","E","M","R","B",null,"M","?","?","?","?","E","R","E","T","M","R","$","R","M","R","B"],"character_chosen":"THE_SILENT","items_purchased":["Calculated Gamble"],"campfire_rested":2,"item_purchase_floors":[29],"current_hp_per_floor":[62,62,61,61,61,61,61,61,61,61,61,61,56,56,56,55,66,64,64,48,48,48,20,41,33,33,33,54,54,54,54,54,0],"gold":59,"neow_bonus":"RANDOM_COMMON_RELIC","is_prod":false,"is_daily":false,"chose_seed":false,"campfire_upgraded":6,"win_rate":0,"timestamp":1566022448,"path_taken":["M","?","M","?","M","R","M","R","T","R","M","M","E","M","R","BOSS","M","?","?","?","?","E","R","E","T","M","R","?","R","M","R","BOSS"],"build_version":"2019-07-17","purchased_purges":0,"victory":false,"max_hp_per_floor":[70,70,70,70,70,70,70,70,70,70,70,70,70,70,70,70,70,70,70,70,70,70,70,70,70,70,70,70,70,70,70,70,70],"card_choices":[{"not_picked":["Flying Knee","Escape Plan"],"picked":"Sucker Punch","floor":1},{"not_picked":["Blade Dance","Finisher"],"picked":"Deflect","floor":3},{"not_picked":["Dodge and Roll","Finisher"],"picked":"Cloak And Dagger","floor":5},{"not_picked":["Leg Sweep","Catalyst"],"picked":"Backstab","floor":7},{"not_picked":["Deadly Poison","Expertise"],"picked":"Dagger Spray","floor":11},{"not_picked":["Bane","Accuracy"],"picked":"Terror","floor":12},{"not_picked":["Blur","Crippling Poison"],"picked":"PiercingWail","floor":13},{"not_picked":["Poisoned Stab","Dagger Throw"],"picked":"Noxious Fumes","floor":14},{"not_picked":["Envenom","Venomology"],"picked":"Glass Knife","floor":16},{"not_picked":["Acrobatics","Dagger Throw"],"picked":"Endless Agony","floor":18},{"not_picked":["Tactician+1","Leg Sweep+1"],"picked":"PiercingWail","floor":23},{"not_picked":["Dagger Spray+1","Outmaneuver"],"picked":"Flying Knee+1","floor":24},{"not_picked":["Blade Dance","Masterful Stab"],"picked":"Adrenaline","floor":25},{"not_picked":["Flying Knee","Deadly Poison"],"picked":"Backflip","floor":27},{"not_picked":["Phantasmal Killer","Eviscerate"],"picked":"Backflip","floor":28},{"not_picked":["Flying Knee","PiercingWail"],"picked":"Poisoned Stab+1","floor":31}],"player_experience":408627,"relics_obtained":[{"floor":9,"key":"Oddly Smooth Stone"},{"floor":13,"key":"Dream Catcher"},{"floor":20,"key":"Enchiridion"},{"floor":23,"key":"Vajra"},{"floor":25,"key":"Paper Crane"},{"floor":26,"key":"The Courier"}],"event_choices":[{"damage_healed":0,"gold_gain":0,"cards_transformed":["Strike_G"],"player_choice":"Change","damage_taken":0,"max_hp_gain":0,"max_hp_loss":0,"event_name":"Living Wall","floor":2,"gold_loss":0,"cards_obtained":["Bouncing Flask"]},{"cards_removed":["Strike_G"],"damage_healed":0,"gold_gain":0,"player_choice":"Card Removal","damage_taken":0,"max_hp_gain":0,"max_hp_loss":0,"event_name":"The Cleric","floor":4,"gold_loss":50},{"cards_removed":["Defend_G"],"damage_healed":0,"gold_gain":0,"player_choice":"Gave Gold","damage_taken":0,"max_hp_gain":0,"max_hp_loss":0,"event_name":"Beggar","floor":19,"gold_loss":75},{"damage_healed":0,"gold_gain":0,"player_choice":"Obtained Book","damage_taken":16,"max_hp_gain":0,"max_hp_loss":0,"event_name":"Cursed Tome","floor":20,"gold_loss":0},{"damage_healed":0,"gold_gain":0,"player_choice":"Ignored","damage_taken":0,"max_hp_gain":0,"max_hp_loss":0,"event_name":"Vampires","floor":21,"gold_loss":0},{"damage_healed":0,"gold_gain":0,"player_choice":"Paid Fearfully","damage_taken":0,"max_hp_gain":0,"max_hp_loss":0,"event_name":"Masked Bandits","floor":22,"gold_loss":237}],"is_beta":false,"boss_relics":[{"not_picked":["Eternal Feather","Calling Bell"],"picked":"Astrolabe"}],"items_purged_floors":[],"is_endless":false,"potions_floor_spawned":[3,5,14,16,25,27],"killed_by":"Champ","ascension_level":9}