{"gold_per_floor":[114,289,289,301,320,320,52,68,68,78,88,108,108,125,125,229,229,246,262,272,285,285,285,305,323,323,334,334],"floor_reached":28,"playtime":3617,"items_purged":[],"score":220,"play_id":"a12b5674-d4c6-45c6-b0f0-be1f19a1e81a","local_time":"20180911135015","is_ascension_mode":false,"campfire_choices":[{"data":"Armaments","floor":6,"key":"SMITH"},{"data":"True Grit","floor":15,"key":"SMITH"}],"neow_cost":"TEN_PERCENT_HP_LOSS","seed_source_timestamp":2391005879908437,"circlet_count":0,"master_deck":["Strike_R","Strike_R","Strike_R","Strike_R","Strike_R","Defend_R+1","Defend_R","Defend_R","Defend_R+1","Bash","Armaments+1","Doubt","Warcry","Entrench","Master of Strategy","Purity","True Grit+1","Ghostly Armor","Seeing Red","Sever Soul","Entrench","Dark Embrace","True Grit","Cleave","Flame Barrier","Flame Barrier","Warcry","Pummel","Fiend Fire"],"relics":["Burning Blood","Charon\u0027s Ashes","Sozu","Letter Opener"],"potions_floor_usage":[16,16],"damage_taken":[{"damage":2,"enemies":"2 Louse","floor":1,"turns":3},{"damage":0,"enemies":"Small Slimes","floor":4,"turns":4},{"damage":2,"enemies":"Cultist","floor":5,"turns":6},{"damage":0,"enemies":"2 Fungi Beasts","floor":8,"turns":3},{"damage":0,"enemies":"Looter","floor":10,"turns":5},{"damage":1,"enemies":"Exordium Thugs","floor":11,"turns":6},{"damage":0,"enemies":"Gremlin Gang","floor":12,"turns":2},{"damage":10,"enemies":"2 Fungi Beasts","floor":14,"turns":4},{"damage":63,"enemies":"Hexaghost","floor":16,"turns":15},{"damage":2,"enemies":"2 Thieves","floor":18,"turns":4},{"damage":10,"enemies":"3 Byrds","floor":19,"turns":4},{"damage":7,"enemies":"Centurion and Healer","floor":20,"turns":11},{"damage":5,"enemies":"3 Cultists","floor":21,"turns":5},{"damage":12,"enemies":"Snake Plant","floor":24,"turns":5},{"damage":4,"enemies":"Snecko","floor":25,"turns":8},{"damage":14,"enemies":"Sentry and Sphere","floor":27,"turns":8},{"damage":6,"enemies":"Colosseum Slavers","floor":28,"turns":5},{"damage":54,"enemies":"Colosseum Nobs","floor":28,"turns":4}],"seed_played":"6626711743728599266","potions_obtained":[{"floor":5,"key":"Block Potion"},{"floor":8,"key":"SteroidPotion"},{"floor":10,"key":"LiquidBronze"}],"is_trial":false,"path_per_floor":["M","?","?","M","M","R","$","M","T","M","M","M","$","M","R","B",null,"M","M","M","M","?","?","M","M","T","M"],"character_chosen":"IRONCLAD","items_purchased":["Master of Strategy","Purity"],"campfire_rested":0,"item_purchase_floors":[7,7],"current_hp_per_floor":[72,72,58,64,68,68,68,72,72,72,72,72,72,68,68,11,72,72,68,67,68,55,55,49,51,51,43,0],"gold":334,"neow_bonus":"ONE_RARE_RELIC","is_prod":false,"is_daily":false,"chose_seed":false,"campfire_upgraded":2,"win_rate":0.0,"timestamp":1536691815,"path_taken":["M","?","?","M","?","R","?","?","T","M","M","?","?","M","R","BOSS","M","M","?","M","?","?","M","?","T","M","?"],"build_version":"2018-09-06","purchased_purges":0,"victory":false,"max_hp_per_floor":[72,72,72,72,72,72,72,72,72,72,72,72,72,72,72,72,72,72,72,72,72,77,77,77,77,77,77,77],"card_choices":[{"not_picked":["Dual Wield","Cleave"],"picked":"Armaments","floor":1},{"not_picked":["Perfected Strike","Iron Wave"],"picked":"Warcry","floor":4},{"not_picked":["Heavy Blade","Flex"],"picked":"Entrench","floor":5},{"not_picked":["Iron Wave","Inflame"],"picked":"True Grit","floor":8},{"not_picked":["Limit Break","Bloodletting"],"picked":"Ghostly Armor","floor":10},{"not_picked":["Perfected Strike","Burning Pact"],"picked":"Seeing Red","floor":11},{"not_picked":["Dropkick","Clash"],"picked":"Sever Soul","floor":12},{"not_picked":["Reckless Charge","Clash"],"picked":"Entrench","floor":14},{"not_picked":["Berserk","Offering"],"picked":"Dark Embrace","floor":16},{"not_picked":["Iron Wave","Armaments"],"picked":"True Grit","floor":18},{"not_picked":["Flex","Armaments+1"],"picked":"Cleave","floor":19},{"not_picked":["Perfected Strike","Dropkick"],"picked":"Flame Barrier","floor":20},{"not_picked":["Flex","Thunderclap"],"picked":"Flame Barrier","floor":21},{"not_picked":["Clash","Rupture+1"],"picked":"Warcry","floor":24},{"not_picked":["Twin Strike+1","Cleave"],"picked":"Pummel","floor":25},{"not_picked":["Warcry","Fire Breathing"],"picked":"Fiend Fire","floor":27}],"player_experience":14404,"relics_obtained":[{"floor":26,"key":"Letter Opener"}],"event_choices":[{"event_name":"Liars Game","player_choice":"agreed","floor":2,"damage_taken":0},{"event_name":"Shining Light","player_choice":"Entered Light","floor":3,"damage_taken":0},{"event_name":"Forgotten Altar","player_choice":"Shed Blood","floor":22,"damage_taken":0},{"event_name":"The Lab","player_choice":"Got Potions","floor":23,"damage_taken":0},{"event_name":"Colosseum","player_choice":"Fight","floor":28,"damage_taken":0},{"event_name":"Colosseum","player_choice":"Fought Nobs","floor":28,"damage_taken":0}],"is_beta":false,"boss_relics":[{"not_picked":["Busted Crown","Tiny House"],"picked":"Sozu"}],"items_purged_floors":[],"is_endless":false,"potions_floor_spawned":[5,8,10,14,20,24,25,27,28],"killed_by":"Colosseum Nobs","ascension_level":0}