{"gold_per_floor":[109,28,28,46,46,82,82,82,108,131,131,146,181,211,211,340,340,356,356,63,63,84,84,104,140,140,163,197,210,210,235,235,364,364,385,385,385,400,23,23,356,374,397,489,501,538,550,623,635,647,659,671,25,25],"floor_reached":54,"playtime":3264,"items_purged":["Regret","Writhe","Defend_R"],"score":881,"play_id":"6ff25adb-c243-4a80-bfe1-2156ff4dd79b","local_time":"20190720010138","is_ascension_mode":true,"campfire_choices":[{"floor":8,"key":"RECALL"},{"data":"Inflame","floor":11,"key":"SMITH"},{"floor":15,"key":"REST"},{"data":"Armaments","floor":23,"key":"SMITH"},{"data":"Shrug It Off","floor":30,"key":"SMITH"},{"floor":32,"key":"REST"},{"data":"Barricade","floor":40,"key":"SMITH"},{"floor":45,"key":"REST"},{"data":"Heavy Blade","floor":47,"key":"SMITH"},{"floor":49,"key":"REST"},{"data":"Ghostly Armor","floor":52,"key":"SMITH"}],"neow_cost":"NONE","seed_source_timestamp":3938670214803,"circlet_count":0,"master_deck":["Strike_R","Strike_R","Strike_R","Strike_R","Strike_R","Defend_R","Defend_R","Defend_R","Bash","Headbutt+1","Inflame+1","Iron Wave","Impervious","Armaments+1","Rampage+1","Shrug It Off","Inflame","Spot Weakness","Ghostly Armor","Battle Trance+1","Shrug It Off+1","Seeing Red","Heavy Blade+1","Barricade+1","Dramatic Entrance","Ghostly Armor+1","Finesse"],"relics":["Burning Blood","NeowsBlessing","Golden Idol","Meat on the Bone","Gambling Chip","Red Skull","Matryoshka","Dodecahedron","Busted Crown","Oddly Smooth Stone","Bird Faced Urn","Strawberry","Potion Belt","Bag of Marbles","Mark of Pain","Whetstone","Old Coin","Lantern","MawBank","Singing Bowl","Vajra","Bronze Scales"],"potions_floor_usage":[13,16,16,27,33,33,33,33,33,41,42,48,50,50,54,54,54],"damage_taken":[{"damage":0,"enemies":"Jaw Worm","floor":1,"turns":1},{"damage":0,"enemies":"2 Louse","floor":4,"turns":1},{"damage":0,"enemies":"Gremlin Nob","floor":6,"turns":1},{"damage":6,"enemies":"Small Slimes","floor":10,"turns":4},{"damage":14,"enemies":"Red Slaver","floor":12,"turns":4},{"damage":48,"enemies":"3 Sentries","floor":13,"turns":10},{"damage":32,"enemies":"The Guardian","floor":16,"turns":10},{"damage":19,"enemies":"Spheric Guardian","floor":18,"turns":4},{"damage":14,"enemies":"Shell Parasite","floor":22,"turns":7},{"damage":18,"enemies":"Snake Plant","floor":24,"turns":4},{"damage":46,"enemies":"Slavers","floor":25,"turns":7},{"damage":19,"enemies":"Centurion and Healer","floor":27,"turns":6},{"damage":25,"enemies":"Book of Stabbing","floor":28,"turns":7},{"damage":11,"enemies":"Sentry and Sphere","floor":29,"turns":5},{"damage":28,"enemies":"3 Cultists","floor":31,"turns":5},{"damage":80,"enemies":"Collector","floor":33,"turns":8},{"damage":8,"enemies":"3 Shapes","floor":35,"turns":6},{"damage":0,"enemies":"Orb Walker","floor":38,"turns":4},{"damage":57,"enemies":"Reptomancer","floor":41,"turns":6},{"damage":36,"enemies":"Jaw Worm Horde","floor":42,"turns":6},{"damage":0,"enemies":"Maw","floor":46,"turns":8},{"damage":37,"enemies":"2 Orb Walkers","floor":48,"turns":6},{"damage":85,"enemies":"Time Eater","floor":50,"turns":12},{"damage":101,"enemies":"Shield and Spear","floor":54,"turns":6}],"seed_played":"8660412164638644789","potions_obtained":[{"floor":1,"key":"Weak Potion"},{"floor":7,"key":"AttackPotion"},{"floor":7,"key":"Poison Potion"},{"floor":10,"key":"Regen Potion"},{"floor":13,"key":"Block Potion"},{"floor":24,"key":"Ancient Potion"},{"floor":25,"key":"SkillPotion"},{"floor":28,"key":"AttackPotion"},{"floor":29,"key":"SteroidPotion"},{"floor":31,"key":"Fire Potion"},{"floor":33,"key":"SteroidPotion"},{"floor":41,"key":"AttackPotion"},{"floor":42,"key":"Block Potion"},{"floor":46,"key":"PowerPotion"}],"is_trial":false,"path_per_floor":["M","$","?","M","?","E","?","R","T","M","R","M","E","?","R","B",null,"M","?","$","?","M","R","M","E","T","M","E","M","R","M","R","B",null,"M","?","?","M","$","R","E","M","T","T","R","M","R","?","R","B",null,"R","$","E"],"character_chosen":"IRONCLAD","items_purchased":["Inflame","Oddly Smooth Stone","Inflame","Whetstone","Dramatic Entrance","Strength Potion","Vajra","Bronze Scales","Finesse","SpeedPotion","SteroidPotion","SkillPotion"],"campfire_rested":4,"item_purchase_floors":[2,20,20,39,39,39,53,53,53,53,53,53],"current_hp_per_floor":[80,80,60,66,66,72,72,72,72,72,72,64,49,49,73,47,80,67,67,67,67,65,65,57,42,42,45,44,55,55,51,77,21,87,85,87,87,87,87,87,50,38,38,38,64,78,78,55,82,23,91,91,91,0],"gold":25,"neow_bonus":"THREE_ENEMY_KILL","is_prod":false,"is_daily":false,"chose_seed":false,"campfire_upgraded":6,"win_rate":0,"timestamp":1563577298,"path_taken":["M","$","?","M","?","E","?","R","T","?","R","M","E","?","R","BOSS","M","?","$","?","M","R","M","E","T","?","E","?","R","M","R","BOSS","M","?","?","M","$","R","E","M","T","?","R","M","R","?","R","BOSS","R","$","E"],"build_version":"2019-07-17","purchased_purges":3,"victory":false,"max_hp_per_floor":[80,80,80,80,80,80,80,80,80,80,80,80,80,80,80,80,80,80,80,80,80,80,80,80,87,87,87,87,87,87,87,87,87,87,87,87,87,87,87,87,87,87,87,87,87,89,89,91,91,91,91,91,91,91],"card_choices":[{"not_picked":["Flex","Clothesline"],"picked":"Headbutt","floor":1},{"not_picked":["Carnage","Combust"],"picked":"Iron Wave","floor":4},{"not_picked":["Wild Strike","Hemokinesis"],"picked":"Impervious","floor":6},{"not_picked":["Second Wind","Headbutt"],"picked":"Armaments","floor":10},{"not_picked":["Perfected Strike","Pummel","Power Through"],"picked":"SKIP","floor":12},{"not_picked":["Offering","True Grit"],"picked":"Rampage","floor":13},{"not_picked":["Brutality","Feed"],"picked":"Juggernaut","floor":16},{"not_picked":["Rage"],"picked":"SKIP","floor":18},{"not_picked":[],"picked":"Spot Weakness","floor":22},{"not_picked":[],"picked":"Ghostly Armor","floor":24},{"not_picked":["Shockwave"],"picked":"SKIP","floor":25},{"not_picked":[],"picked":"Battle Trance+1","floor":27},{"not_picked":[],"picked":"Shrug It Off","floor":28},{"not_picked":[],"picked":"Seeing Red","floor":29},{"not_picked":[],"picked":"Heavy Blade","floor":31},{"not_picked":[],"picked":"Barricade","floor":33},{"not_picked":["Cleave"],"picked":"SKIP","floor":35},{"not_picked":["Second Wind+1"],"picked":"SKIP","floor":38},{"not_picked":[],"picked":"Ghostly Armor","floor":41},{"not_picked":["Sever Soul+1"],"picked":"SKIP","floor":42},{"not_picked":["Rupture"],"picked":"Singing Bowl","floor":46},{"not_picked":["Sword Boomerang+1"],"picked":"Singing Bowl","floor":48}],"player_experience":92573,"relics_obtained":[{"floor":6,"key":"Gambling Chip"},{"floor":9,"key":"Red Skull"},{"floor":13,"key":"Matryoshka"},{"floor":21,"key":"Bird Faced Urn"},{"floor":25,"key":"Strawberry"},{"floor":26,"key":"Potion Belt"},{"floor":28,"key":"Bag of Marbles"},{"floor":41,"key":"Old Coin"},{"floor":43,"key":"Lantern"},{"floor":43,"key":"MawBank"},{"floor":44,"key":"Singing Bowl"}],"event_choices":[{"damage_healed":0,"gold_gain":0,"player_choice":"Take Damage","damage_taken":20,"relics_obtained":["Golden Idol"],"max_hp_gain":0,"max_hp_loss":0,"event_name":"Golden Idol","floor":3,"gold_loss":0},{"damage_healed":0,"gold_gain":0,"player_choice":"Box","damage_taken":0,"relics_obtained":["Meat on the Bone"],"max_hp_gain":0,"max_hp_loss":0,"event_name":"Big Fish","floor":5,"gold_loss":0,"cards_obtained":["Regret"]},{"damage_healed":0,"gold_gain":0,"player_choice":"Got Potions","damage_taken":0,"max_hp_gain":0,"max_hp_loss":0,"event_name":"Lab","floor":7,"gold_loss":0},{"damage_healed":0,"gold_gain":30,"player_choice":"Searched \u00272\u0027 times","damage_taken":0,"relics_obtained":["Dodecahedron"],"max_hp_gain":0,"max_hp_loss":0,"event_name":"Dead Adventurer","floor":14,"gold_loss":0},{"damage_healed":0,"gold_gain":0,"player_choice":"Read","damage_taken":0,"max_hp_gain":0,"max_hp_loss":0,"event_name":"The Library","floor":19,"gold_loss":0,"cards_obtained":["Shrug It Off"]},{"damage_healed":0,"gold_gain":0,"player_choice":"Relic","damage_taken":0,"max_hp_gain":0,"max_hp_loss":0,"event_name":"Wheel of Change","floor":21,"gold_loss":0},{"damage_healed":22,"gold_gain":0,"player_choice":"Writhe","damage_taken":0,"max_hp_gain":0,"max_hp_loss":0,"event_name":"Winding Halls","floor":36,"gold_loss":0,"cards_obtained":["Writhe"]},{"cards_removed":["Juggernaut"],"damage_healed":0,"gold_gain":0,"player_choice":"Removed Power","damage_taken":0,"max_hp_gain":0,"max_hp_loss":0,"event_name":"Falling","floor":37,"gold_loss":0},{"damage_healed":0,"gold_gain":0,"player_choice":"Fight","damage_taken":0,"max_hp_gain":0,"max_hp_loss":0,"event_name":"Mysterious Sphere","floor":48,"gold_loss":0}],"is_beta":false,"boss_relics":[{"not_picked":["Empty Cage","Calling Bell"],"picked":"Busted Crown"},{"not_picked":["Runic Pyramid","Astrolabe"],"picked":"Mark of Pain"}],"items_purged_floors":[20,39,53],"is_endless":false,"potions_floor_spawned":[1,10,12,13,24,25,28,29,31,33,41,42,46],"killed_by":"Shield and Spear","ascension_level":4}