{"gold_per_floor":[112,127,138,18,18,73,85,142,142,142],"floor_reached":10,"playtime":599,"items_purged":[],"score":68,"play_id":"35d255fc-9c3a-48fd-9455-16cfe1186996","local_time":"20190825134123","is_ascension_mode":false,"campfire_choices":[],"neow_cost":"NONE","seed_source_timestamp":1579228971001,"circlet_count":0,"master_deck":["Strike_B","Strike_B","Strike_B","Strike_B","Defend_B","Defend_B","Defend_B","Defend_B","Zap","Dualcast","Turbo","Chaos","Redo","Machine Learning","Steam","Decay","White Noise","BootSequence","Heatsinks"],"relics":["Cracked Core","DataDisk","Tiny Chest","Meat on the Bone"],"potions_floor_usage":[8],"damage_taken":[{"damage":6,"enemies":"2 Louse","floor":1,"turns":3},{"damage":1,"enemies":"Cultist","floor":2,"turns":3},{"damage":6,"enemies":"Jaw Worm","floor":3,"turns":3},{"damage":17,"enemies":"Lagavulin","floor":6,"turns":10},{"damage":10,"enemies":"Blue Slaver","floor":7,"turns":3},{"damage":32,"enemies":"Lagavulin Event","floor":8,"turns":6},{"damage":5,"enemies":"Exordium Thugs","floor":10,"turns":1}],"seed_played":"8161282026730566094","potions_obtained":[{"floor":7,"key":"LiquidBronze"}],"is_trial":false,"path_per_floor":["M","M","M","$","?","E","M","?","T","M"],"character_chosen":"DEFECT","items_purchased":["Machine Learning","Steam"],"campfire_rested":0,"item_purchase_floors":[4,4],"current_hp_per_floor":[69,68,62,62,62,45,35,3,3,0],"gold":142,"neow_bonus":"RANDOM_COMMON_RELIC","is_prod":false,"is_daily":false,"chose_seed":false,"campfire_upgraded":0,"win_rate":0,"timestamp":1566754883,"path_taken":["M","M","M","$","?","E","?","?","T","M"],"build_version":"2019-07-17","purchased_purges":0,"victory":false,"max_hp_per_floor":[75,75,75,75,75,75,75,75,75,75],"card_choices":[{"not_picked":["Gash","Beam Cell"],"picked":"Turbo","floor":1},{"not_picked":["Hologram","Cold Snap"],"picked":"Chaos","floor":2},{"not_picked":["Barrage","Beam Cell"],"picked":"Redo","floor":3},{"not_picked":["Fission","Leap"],"picked":"White Noise","floor":6},{"not_picked":["Gash","Tempest"],"picked":"BootSequence","floor":7},{"not_picked":["Chaos","BootSequence"],"picked":"Heatsinks","floor":8}],"player_experience":100087,"relics_obtained":[{"floor":6,"key":"Tiny Chest"},{"floor":8,"key":"Meat on the Bone"}],"event_choices":[{"damage_healed":0,"gold_gain":0,"player_choice":"Cursed","damage_taken":0,"max_hp_gain":0,"max_hp_loss":0,"event_name":"Wheel of Change","floor":5,"gold_loss":0,"cards_obtained":["Decay"]},{"damage_healed":0,"gold_gain":0,"player_choice":"Searched \u00271\u0027 times","damage_taken":0,"max_hp_gain":0,"max_hp_loss":0,"event_name":"Dead Adventurer","floor":8,"gold_loss":0}],"is_beta":false,"boss_relics":[],"items_purged_floors":[],"is_endless":false,"potions_floor_spawned":[7],"killed_by":"Exordium Thugs","ascension_level":0}