{"gold_per_floor":[111,111,36,111,42,70,70,86,86,86,106,116,116,128,128,128],"floor_reached":16,"playtime":733,"items_purged":["Strike_R"],"score":120,"play_id":"e17e15a5-636e-4ae0-85c5-5961f33efca6","local_time":"20180919123221","is_ascension_mode":true,"campfire_choices":[{"data":"Armaments","floor":7,"key":"SMITH"},{"data":"True Grit","floor":10,"key":"SMITH"},{"data":"Clothesline","floor":13,"key":"SMITH"},{"floor":15,"key":"REST"}],"neow_cost":"","seed_source_timestamp":574918071397409,"circlet_count":0,"master_deck":["Strike_R","Strike_R","Strike_R","Strike_R","Defend_R","Defend_R+1","Defend_R","Defend_R","Bash+1","Seeing Red","Corruption","Armaments+1","True Grit+1","Clothesline+1","True Grit"],"relics":["Burning Blood","Blood Vial","Paper Frog"],"potions_floor_usage":[6,12],"damage_taken":[{"damage":5,"enemies":"2 Louse","floor":1,"turns":3},{"damage":18,"enemies":"Gremlin Nob","floor":6,"turns":4},{"damage":7,"enemies":"Jaw Worm","floor":8,"turns":5},{"damage":0,"enemies":"Small Slimes","floor":11,"turns":3},{"damage":18,"enemies":"Exordium Thugs","floor":12,"turns":7},{"damage":10,"enemies":"Red Slaver","floor":14,"turns":4},{"damage":65,"enemies":"Hexaghost","floor":16,"turns":12}],"seed_played":"-1836843981535352990","potions_obtained":[{"floor":1,"key":"SteroidPotion"},{"floor":6,"key":"Ancient Potion"}],"is_trial":false,"path_per_floor":["M","?","$","?","$","E","R","M","T","R","M","M","R","M","R"],"character_chosen":"IRONCLAD","items_purchased":["Corruption"],"campfire_rested":1,"item_purchase_floors":[5],"current_hp_per_floor":[80,64,64,53,53,41,41,42,42,42,50,40,40,38,62,0],"gold":128,"neow_bonus":"","is_prod":false,"is_daily":false,"chose_seed":false,"campfire_upgraded":3,"win_rate":0,"timestamp":1537378341,"path_taken":["M","?","$","?","$","E","R","M","T","R","M","?","R","M","R","BOSS"],"build_version":"2018-09-06","purchased_purges":1,"victory":false,"max_hp_per_floor":[80,80,80,80,80,80,80,80,80,80,80,80,80,80,80,80],"card_choices":[{"not_picked":["Rampage","Anger"],"picked":"Seeing Red","floor":1},{"not_picked":["Feel No Pain","Blood for Blood"],"picked":"Armaments","floor":6},{"not_picked":["Warcry","Inflame"],"picked":"True Grit","floor":8},{"not_picked":["Perfected Strike","Corruption","Twin Strike"],"picked":"SKIP","floor":11},{"not_picked":["Iron Wave","Uppercut"],"picked":"Clothesline","floor":12},{"not_picked":["Twin Strike","Cleave"],"picked":"True Grit","floor":14}],"player_experience":171124,"relics_obtained":[{"floor":6,"key":"Blood Vial"},{"floor":9,"key":"Paper Frog"}],"event_choices":[{"event_name":"Shining Light","player_choice":"Entered Light","floor":2,"damage_taken":0},{"event_name":"World of Goop","player_choice":"Gather Gold","floor":4,"damage_taken":0}],"is_beta":false,"boss_relics":[],"items_purged_floors":[3],"is_endless":false,"potions_floor_spawned":[1,6],"killed_by":"Hexaghost","ascension_level":4}