{"gold_per_floor":[113,113,213,86,103,103,129,142,142,217,217,236,32,32,32,129,129,140,190,207,222,234,234,254,254,277,277,106,106,106,124,124,221,221,232,179,198,209,223,223,223],"floor_reached":41,"playtime":3786,"items_purged":["Strike_B","Strike_B","Strike_B"],"score":634,"play_id":"f80aea8f-a402-4d56-9870-760e12a44d34","local_time":"20190730120800","is_ascension_mode":true,"campfire_choices":[{"data":"Zap","floor":6,"key":"SMITH"},{"floor":11,"key":"REST"},{"data":"Hologram","floor":15,"key":"SMITH"},{"data":"Capacitor","floor":23,"key":"SMITH"},{"data":"Glacier","floor":27,"key":"SMITH"},{"floor":32,"key":"REST"},{"floor":40,"key":"REST"}],"neow_cost":"NONE","seed_source_timestamp":2026710624063223,"circlet_count":0,"master_deck":["AscendersBane","Defend_B+1","Defend_B+1","Defend_B","Zap+1","Dualcast","Go for the Eyes","Gash","Cold Snap","White Noise","Streamline","Hologram+1","Capacitor+1","Chill","Seek","Redo+1","Gash+1","Beam Cell+1","Glacier+1","Gash","Self Repair","Echo Form","Gash","Reinforced Body"],"relics":["Cracked Core","Unceasing Top","StoneCalendar","Nuclear Battery","Art of War","MutagenicStrength","Eternal Feather"],"potions_floor_usage":[16,22,24,33,39,39],"damage_taken":[{"damage":4,"enemies":"2 Louse","floor":1,"turns":4},{"damage":0,"enemies":"Jaw Worm","floor":5,"turns":4},{"damage":31,"enemies":"Gremlin Nob","floor":7,"turns":6},{"damage":0,"enemies":"Cultist","floor":8,"turns":3},{"damage":3,"enemies":"Blue Slaver","floor":12,"turns":3},{"damage":11,"enemies":"The Guardian","floor":16,"turns":8},{"damage":0,"enemies":"3 Byrds","floor":18,"turns":6},{"damage":5,"enemies":"Chosen","floor":20,"turns":5},{"damage":10,"enemies":"Snake Plant","floor":21,"turns":5},{"damage":13,"enemies":"Centurion and Healer","floor":22,"turns":6},{"damage":6,"enemies":"Chosen and Byrds","floor":24,"turns":6},{"damage":0,"enemies":"Snake Plant","floor":31,"turns":4},{"damage":18,"enemies":"Collector","floor":33,"turns":8},{"damage":30,"enemies":"3 Darklings","floor":35,"turns":6},{"damage":19,"enemies":"Orb Walker","floor":37,"turns":5},{"damage":4,"enemies":"Sphere and 2 Shapes","floor":38,"turns":7},{"damage":31,"enemies":"Spire Growth","floor":39,"turns":6},{"damage":59,"enemies":"Reptomancer","floor":41,"turns":2}],"seed_played":"-6602963604537404098","potions_obtained":[{"floor":8,"key":"AttackPotion"},{"floor":12,"key":"Swift Potion"},{"floor":21,"key":"GamblersBrew"},{"floor":22,"key":"Energy Potion"},{"floor":24,"key":"EssenceOfSteel"},{"floor":37,"key":"Ancient Potion"},{"floor":38,"key":"Dexterity Potion"}],"is_trial":false,"path_per_floor":["M","?","?","$","M","R","E","M","T","?","R","M","$","?","R","B",null,"M","?","M","M","M","R","M","?","T","R","$","?","?","M","R","B",null,"M","$","M","M","M","R","E"],"character_chosen":"DEFECT","items_purchased":["Gash","Capacitor","Chill","Gash","Gash"],"campfire_rested":3,"item_purchase_floors":[4,13,13,28,36],"current_hp_per_floor":[64,49,49,49,49,49,18,18,18,11,33,30,30,30,30,19,61,61,61,56,46,33,33,27,27,27,27,27,27,27,27,49,38,66,43,43,31,41,24,58,0],"gold":223,"neow_bonus":"REMOVE_CARD","is_prod":false,"is_daily":false,"chose_seed":false,"campfire_upgraded":4,"win_rate":0,"timestamp":1564456080,"path_taken":["M","?","?","$","M","R","E","?","T","?","R","M","?","?","R","BOSS","M","?","M","?","M","R","M","?","T","R","$","?","?","M","R","BOSS","M","?","M","M","?","R","E"],"build_version":"2019-07-17","purchased_purges":3,"victory":false,"max_hp_per_floor":[75,75,75,75,75,75,75,75,75,75,75,75,75,75,75,75,75,75,75,75,75,75,75,75,75,75,75,75,75,75,75,75,75,75,75,75,75,75,75,75,75],"card_choices":[{"not_picked":["Ball Lightning","Conserve Battery"],"picked":"Go for the Eyes","floor":1},{"not_picked":["Compile Driver","Hologram"],"picked":"Cold Snap","floor":5},{"not_picked":["Darkness","Static Discharge"],"picked":"White Noise","floor":7},{"not_picked":["Sweeping Beam","Turbo"],"picked":"Streamline","floor":8},{"not_picked":["Sweeping Beam","Cold Snap"],"picked":"Hologram","floor":12},{"not_picked":["Rainbow","Creative AI"],"picked":"Seek","floor":16},{"not_picked":["Aggregate","Ball Lightning"],"picked":"Redo+1","floor":18},{"not_picked":["Compile Driver","Go for the Eyes"],"picked":"Gash+1","floor":20},{"not_picked":["Redo","Go for the Eyes","Genetic Algorithm+1"],"picked":"SKIP","floor":21},{"not_picked":["Hello World","Leap"],"picked":"Beam Cell+1","floor":22},{"not_picked":["Double Energy","Defragment"],"picked":"Glacier","floor":24},{"not_picked":["Coolheaded","Go for the Eyes"],"picked":"Self Repair","floor":31},{"not_picked":["Seek","Meteor Strike"],"picked":"Echo Form","floor":33},{"not_picked":["Redo","Beam Cell+1","Sunder+1"],"picked":"SKIP","floor":35},{"not_picked":["Leap","Conserve Battery"],"picked":"Reinforced Body","floor":37},{"not_picked":["Steam","Loop","Rebound"],"picked":"SKIP","floor":38},{"not_picked":["Sweeping Beam+1","Recycle+1","Stack+1"],"picked":"SKIP","floor":39}],"player_experience":414543,"relics_obtained":[{"floor":7,"key":"Unceasing Top"},{"floor":9,"key":"StoneCalendar"},{"floor":26,"key":"Art of War"}],"event_choices":[{"damage_healed":0,"gold_gain":0,"player_choice":"Entered Light","damage_taken":15,"max_hp_gain":0,"max_hp_loss":0,"event_name":"Shining Light","floor":2,"gold_loss":0,"cards_upgraded":["Defend_B","Defend_B"]},{"damage_healed":0,"gold_gain":100,"player_choice":"Pray","damage_taken":0,"max_hp_gain":0,"max_hp_loss":0,"event_name":"Golden Shrine","floor":3,"gold_loss":0},{"damage_healed":0,"gold_gain":75,"player_choice":"Touch","damage_taken":7,"max_hp_gain":0,"max_hp_loss":0,"event_name":"FaceTrader","floor":10,"gold_loss":0},{"cards_removed":["Defend_B"],"damage_healed":0,"gold_gain":0,"player_choice":"Forget","damage_taken":0,"max_hp_gain":0,"max_hp_loss":0,"event_name":"Living Wall","floor":14,"gold_loss":0},{"damage_healed":0,"gold_gain":100,"player_choice":"Bet on Murderer","damage_taken":0,"max_hp_gain":0,"max_hp_loss":0,"event_name":"The Joust","floor":19,"gold_loss":50},{"damage_healed":0,"gold_gain":0,"player_choice":"Ignored","damage_taken":0,"max_hp_gain":0,"max_hp_loss":0,"event_name":"Cursed Tome","floor":25,"gold_loss":0},{"damage_healed":0,"gold_gain":0,"player_choice":"Inject Mutagens","damage_taken":0,"relics_obtained":["MutagenicStrength"],"max_hp_gain":0,"max_hp_loss":0,"event_name":"Drug Dealer","floor":29,"gold_loss":0},{"damage_healed":0,"gold_gain":0,"player_choice":"Got Potions","damage_taken":0,"max_hp_gain":0,"max_hp_loss":0,"event_name":"Lab","floor":30,"gold_loss":0}],"is_beta":false,"boss_relics":[{"not_picked":["Velvet Choker","Tiny House"],"picked":"Nuclear Battery"},{"not_picked":["FrozenCore","Empty Cage"],"picked":"Eternal Feather"}],"items_purged_floors":[4,13,28],"is_endless":false,"potions_floor_spawned":[8,12,21,22,24,31,37,38],"killed_by":"Reptomancer","ascension_level":11}