{"gold_per_floor":[110,124,49,49,59,59,59,93,119,133,151,151,178,178],"floor_reached":14,"playtime":1303,"items_purged":["Strike_B"],"score":105,"play_id":"65a00d9d-9136-4d18-886c-33190af964b0","local_time":"20190703182800","is_ascension_mode":true,"campfire_choices":[{"data":"Zap","floor":6,"key":"SMITH"},{"data":"Creative AI","floor":12,"key":"SMITH"}],"neow_cost":"NONE","seed_source_timestamp":503269257159572,"circlet_count":0,"master_deck":["Strike_B","Strike_B","Defend_B","Defend_B+1","Defend_B+1","Zap+1","Dualcast","Compile Driver","Leap","Creative AI+1","Streamline","Heatsinks","Rip and Tear"],"relics":["Cracked Core","War Paint","Boot","Smiling Mask"],"potions_floor_usage":[],"damage_taken":[{"damage":0,"enemies":"Jaw Worm","floor":1,"turns":4},{"damage":0,"enemies":"2 Louse","floor":2,"turns":3},{"damage":6,"enemies":"Cultist","floor":5,"turns":3},{"damage":39,"enemies":"3 Sentries","floor":8,"turns":13},{"damage":3,"enemies":"Exordium Wildlife","floor":10,"turns":6},{"damage":3,"enemies":"Looter","floor":11,"turns":3},{"damage":11,"enemies":"Lagavulin","floor":13,"turns":6},{"damage":16,"enemies":"Gremlin Gang","floor":14,"turns":3}],"seed_played":"7260216289295396817","potions_obtained":[{"floor":2,"key":"SteroidPotion"},{"floor":8,"key":"LiquidBronze"},{"floor":10,"key":"Swift Potion"}],"is_trial":false,"path_per_floor":["M","M","$","?","M","R","?","E","T","M","M","R","E","M"],"character_chosen":"DEFECT","items_purchased":[],"campfire_rested":0,"item_purchase_floors":[],"current_hp_per_floor":[82,82,82,75,69,69,69,30,30,27,24,24,13,0],"gold":178,"neow_bonus":"TEN_PERCENT_HP_BONUS","is_prod":false,"is_daily":false,"chose_seed":false,"campfire_upgraded":2,"win_rate":0,"timestamp":1562146080,"path_taken":["M","M","$","?","M","R","?","E","T","M","M","R","E","?"],"build_version":"2019-07-01","purchased_purges":1,"victory":false,"max_hp_per_floor":[82,82,82,82,82,82,82,82,82,82,82,82,82,82],"card_choices":[{"not_picked":["Turbo","Skim"],"picked":"Compile Driver","floor":1},{"not_picked":["Gash","Ball Lightning"],"picked":"Leap","floor":2},{"not_picked":["Leap","Hologram","Turbo"],"picked":"SKIP","floor":5},{"not_picked":["Steam","Reinforced Body"],"picked":"Creative AI","floor":8},{"not_picked":["Loop","Skim"],"picked":"Streamline","floor":10},{"not_picked":["Ball Lightning","Gash"],"picked":"Heatsinks","floor":11},{"not_picked":["Gash","Go for the Eyes"],"picked":"Rip and Tear","floor":13}],"player_experience":130671,"relics_obtained":[{"floor":8,"key":"War Paint"},{"floor":9,"key":"Boot"},{"floor":13,"key":"Smiling Mask"}],"event_choices":[{"cards_removed":["Defend_B"],"damage_healed":0,"gold_gain":0,"player_choice":"Card Removal","damage_taken":7,"max_hp_gain":0,"max_hp_loss":0,"event_name":"Golden Wing","floor":4,"gold_loss":0},{"cards_removed":["Strike_B"],"damage_healed":0,"gold_gain":0,"player_choice":"Offered Basic","damage_taken":0,"max_hp_gain":0,"max_hp_loss":0,"event_name":"Bonfire Elementals","floor":7,"gold_loss":0}],"is_beta":false,"boss_relics":[],"items_purged_floors":[3],"is_endless":false,"potions_floor_spawned":[2,8,10],"killed_by":"Gremlin Gang","ascension_level":1}