{"gold_per_floor":[216,231,5,23,23,23,58,87,87,87,87,87,114,131,131,234,234,244,264,279,291,303,330,330,342,369,468,501,501,12,112,112,209,209,220,266,177,197,51,83,83,83,83,96,96,96,128,142,142,142],"floor_reached":51,"playtime":6038,"items_purged":[],"score":1125,"play_id":"0fc152b9-1b08-40fc-afb0-fc700e4f2d02","local_time":"20190726064018","is_ascension_mode":true,"campfire_choices":[{"data":"Metallicize","floor":6,"key":"SMITH"},{"data":"Disarm","floor":12,"key":"SMITH"},{"data":"Bludgeon","floor":15,"key":"SMITH"},{"data":"Demon Form","floor":24,"key":"SMITH"},{"data":"Dual Wield","floor":29,"key":"SMITH"},{"data":"Perfected Strike","floor":32,"key":"SMITH"},{"data":"Flame Barrier","floor":41,"key":"SMITH"},{"data":"Fiend Fire","floor":46,"key":"SMITH"},{"data":"Bash","floor":49,"key":"SMITH"}],"neow_cost":"NONE","seed_source_timestamp":184476133185777,"circlet_count":0,"master_deck":["Strike_R","Strike_R","Strike_R","Strike_R","Strike_R","Defend_R","Defend_R","Defend_R","Defend_R","Bash+1","Pummel","Shrug It Off","Metallicize+1","Cleave","Disarm+1","Metallicize","Seeing Red","Bludgeon+1","Exhume","Pommel Strike","Dual Wield+1","Pommel Strike","Searing Blow+1","Perfected Strike+1","Demon Form+1","Evolve+1","Metallicize+1","Mind Blast","Clothesline","Fiend Fire+1","Power Through+1","Flame Barrier+1","Clothesline","Perfected Strike+1","Reaper","Dark Shackles","Writhe","Perfected Strike+1","Wild Strike","Shrug It Off+1"],"relics":["Burning Blood","Bag of Preparation","Meat on the Bone","Odd Mushroom","Gambling Chip","Torii","Bottled Lightning","Snecko Eye","Blood Vial","Strawberry","Charon\u0027s Ashes","Gremlin Horn","Bronze Scales","Calipers","Pear","Cursed Key","Unceasing Top","Oddly Smooth Stone","Ornamental Fan","Frozen Egg 2","Dream Catcher"],"potions_floor_usage":[8,20,28,50,50],"damage_taken":[{"damage":8,"enemies":"Jaw Worm","floor":1,"turns":6},{"damage":0,"enemies":"Small Slimes","floor":2,"turns":4},{"damage":0,"enemies":"2 Louse","floor":4,"turns":3},{"damage":32,"enemies":"Gremlin Nob","floor":7,"turns":4},{"damage":17,"enemies":"The Mushroom Lair","floor":8,"turns":4},{"damage":9,"enemies":"Lagavulin","floor":13,"turns":13},{"damage":2,"enemies":"Looter","floor":14,"turns":4},{"damage":35,"enemies":"Slime Boss","floor":16,"turns":17},{"damage":1,"enemies":"Shell Parasite","floor":18,"turns":4},{"damage":15,"enemies":"2 Thieves","floor":19,"turns":3},{"damage":26,"enemies":"Sentry and Sphere","floor":20,"turns":8},{"damage":9,"enemies":"Snecko","floor":21,"turns":3},{"damage":2,"enemies":"Snake Plant","floor":22,"turns":4},{"damage":0,"enemies":"Gremlin Leader","floor":23,"turns":4},{"damage":9,"enemies":"Centurion and Healer","floor":25,"turns":4},{"damage":18,"enemies":"Slavers","floor":28,"turns":4},{"damage":0,"enemies":"Colosseum Slavers","floor":31,"turns":2},{"damage":0,"enemies":"Colosseum Nobs","floor":31,"turns":1},{"damage":17,"enemies":"Collector","floor":33,"turns":9},{"damage":0,"enemies":"Orb Walker","floor":35,"turns":1},{"damage":9,"enemies":"2 Orb Walkers","floor":36,"turns":2},{"damage":1,"enemies":"3 Darklings","floor":38,"turns":2},{"damage":0,"enemies":"Reptomancer","floor":40,"turns":2},{"damage":0,"enemies":"4 Shapes","floor":44,"turns":3},{"damage":0,"enemies":"Giant Head","floor":47,"turns":5},{"damage":0,"enemies":"Spire Growth","floor":48,"turns":2},{"damage":19,"enemies":"Awakened One","floor":50,"turns":12}],"seed_played":"7766163548186754001","potions_obtained":[{"floor":7,"key":"PowerPotion"},{"floor":13,"key":"LiquidBronze"},{"floor":16,"key":"Regen Potion"},{"floor":19,"key":"EssenceOfSteel"},{"floor":21,"key":"Ancient Potion"},{"floor":40,"key":"Poison Potion"},{"floor":44,"key":"Fire Potion"},{"floor":47,"key":"Ancient Potion"},{"floor":48,"key":"Dexterity Potion"}],"is_trial":false,"path_per_floor":["M","M","$","M","$","R","E","?","T","?","?","R","E","M","R","B",null,"M","M","M","M","M","E","R","M","T","?","E","R","$","?","R","B",null,"M","?","$","M","$","E","R","?","T","M","?","R","E","M","R","B",null],"character_chosen":"IRONCLAD","items_purchased":["Metallicize","Bag of Preparation","Mind Blast","Gremlin Horn","Bronze Scales","Flame Barrier","Clothesline","Oddly Smooth Stone"],"campfire_rested":0,"item_purchase_floors":[3,3,30,30,30,37,37,39],"current_hp_per_floor":[70,76,76,80,80,80,54,55,55,37,42,42,51,55,55,38,73,78,69,64,61,65,71,71,70,77,77,67,67,67,93,93,84,98,102,99,99,102,102,102,102,92,92,100,100,100,102,102,102,102],"gold":142,"neow_bonus":"HUNDRED_GOLD","is_prod":false,"is_daily":false,"chose_seed":false,"campfire_upgraded":9,"win_rate":0,"timestamp":1564137618,"path_taken":["M","M","$","M","$","R","E","?","T","?","?","R","E","M","R","BOSS","M","M","M","M","M","E","R","M","T","?","E","R","$","?","R","BOSS","M","?","$","M","$","E","R","?","T","M","?","R","E","M","R","BOSS"],"build_version":"2019-07-17","purchased_purges":0,"victory":true,"max_hp_per_floor":[80,80,80,80,80,80,80,80,80,80,85,85,85,85,85,85,85,85,85,85,85,85,85,85,85,92,92,92,92,92,102,102,102,102,102,102,102,102,102,102,102,102,102,102,102,102,102,102,102,102],"card_choices":[{"not_picked":["Sword Boomerang","Warcry"],"picked":"Pummel","floor":1},{"not_picked":["Clash","Dual Wield"],"picked":"Shrug It Off","floor":2},{"not_picked":["Intimidate","Rupture"],"picked":"Cleave","floor":4},{"not_picked":["Headbutt","Corruption"],"picked":"Disarm","floor":7},{"not_picked":["Clothesline","Cleave"],"picked":"Metallicize","floor":8},{"not_picked":["Anger","Clothesline"],"picked":"Seeing Red","floor":13},{"not_picked":["Sword Boomerang","Perfected Strike"],"picked":"Bludgeon","floor":14},{"not_picked":["Barricade","Immolate"],"picked":"Exhume","floor":16},{"not_picked":["Shrug It Off","Havoc"],"picked":"Pommel Strike","floor":18},{"not_picked":["Sword Boomerang","Shrug It Off"],"picked":"Dual Wield","floor":19},{"not_picked":["Flex","Cleave"],"picked":"Pommel Strike","floor":20},{"not_picked":["Warcry","Fire Breathing"],"picked":"Searing Blow+1","floor":21},{"not_picked":["Armaments","Searing Blow"],"picked":"Perfected Strike","floor":22},{"not_picked":["Cleave+1","Pummel"],"picked":"Demon Form","floor":23},{"not_picked":["Iron Wave","Flex"],"picked":"Evolve+1","floor":25},{"not_picked":["Warcry+1","Entrench+1"],"picked":"Metallicize+1","floor":28},{"not_picked":["Wild Strike","Bloodletting"],"picked":"Clothesline","floor":31},{"not_picked":["Double Tap","Limit Break"],"picked":"Fiend Fire","floor":33},{"not_picked":["Carnage","Dropkick+1"],"picked":"Power Through+1","floor":35},{"not_picked":["Twin Strike+1","Wild Strike+1"],"picked":"Perfected Strike+1","floor":38},{"not_picked":["Flex+1","Disarm+1"],"picked":"Reaper","floor":40},{"not_picked":["Sadistic Nature","Impatience"],"picked":"Dark Shackles","floor":42},{"not_picked":["Spot Weakness","Pommel Strike"],"picked":"Perfected Strike+1","floor":44},{"not_picked":["Dropkick","Iron Wave+1"],"picked":"Wild Strike","floor":47},{"not_picked":["Iron Wave+1","Armaments"],"picked":"Shrug It Off+1","floor":48}],"player_experience":331531,"relics_obtained":[{"floor":7,"key":"Meat on the Bone"},{"floor":8,"key":"Odd Mushroom"},{"floor":9,"key":"Gambling Chip"},{"floor":13,"key":"Bottled Lightning"},{"floor":23,"key":"Blood Vial"},{"floor":26,"key":"Strawberry"},{"floor":28,"key":"Charon\u0027s Ashes"},{"floor":31,"key":"Calipers"},{"floor":31,"key":"Pear"},{"floor":36,"key":"Unceasing Top"},{"floor":40,"key":"Ornamental Fan"},{"floor":43,"key":"Frozen Egg 2"},{"floor":47,"key":"Dream Catcher"}],"event_choices":[{"damage_healed":0,"gold_gain":0,"player_choice":"Fought Mushrooms","damage_taken":0,"max_hp_gain":0,"max_hp_loss":0,"event_name":"Mushrooms","floor":8,"gold_loss":0},{"damage_healed":0,"gold_gain":0,"player_choice":"Success","damage_taken":18,"relics_obtained":["Torii"],"max_hp_gain":0,"max_hp_loss":0,"event_name":"Scrap Ooze","floor":10,"gold_loss":0},{"damage_healed":0,"gold_gain":0,"player_choice":"Donut","damage_taken":0,"max_hp_gain":5,"max_hp_loss":0,"event_name":"Big Fish","floor":11,"gold_loss":0},{"damage_healed":0,"gold_gain":99,"player_choice":"Stole From Cult","damage_taken":0,"max_hp_gain":0,"max_hp_loss":0,"event_name":"Nest","floor":27,"gold_loss":0},{"damage_healed":0,"gold_gain":0,"player_choice":"Fight","damage_taken":0,"max_hp_gain":0,"max_hp_loss":0,"event_name":"Colosseum","floor":31,"gold_loss":0},{"damage_healed":0,"gold_gain":0,"player_choice":"Fought Nobs","damage_taken":0,"max_hp_gain":0,"max_hp_loss":0,"event_name":"Colosseum","floor":31,"gold_loss":0},{"damage_healed":0,"gold_gain":0,"player_choice":"Fight","damage_taken":0,"max_hp_gain":0,"max_hp_loss":0,"event_name":"Mysterious Sphere","floor":36,"gold_loss":0},{"damage_healed":0,"gold_gain":0,"player_choice":"Memory 3","damage_taken":10,"max_hp_gain":0,"max_hp_loss":0,"event_name":"SensoryStone","floor":42,"gold_loss":0},{"damage_healed":0,"gold_gain":0,"player_choice":"Ignored","damage_taken":0,"max_hp_gain":0,"max_hp_loss":0,"event_name":"SecretPortal","floor":45,"gold_loss":0}],"is_beta":false,"boss_relics":[{"not_picked":["Pandora\u0027s Box","Busted Crown"],"picked":"Snecko Eye"},{"not_picked":["Tiny House","Lizard Tail"],"picked":"Cursed Key"}],"items_purged_floors":[],"is_endless":false,"potions_floor_spawned":[7,13,16,19,21,23,25,31,40,44,47,48],"ascension_level":7}