{"gold_per_floor":[117,117,137,17,29,58,58,390,390,27,27,40,40,53,53,151,151,123,123,139,152,162,162,174,209,209,242,12,26,42,57,57,160,160,177,177,192,292,310,310,339,339,420,30,48,0,0,0,0,0],"floor_reached":51,"playtime":9608,"items_purged":["Normality"],"score":754,"play_id":"f04dd0f1-cdaf-417a-9d8e-ff38d25155d2","local_time":"20190822061031","is_ascension_mode":false,"campfire_choices":[{"floor":7,"key":"REST"},{"floor":13,"key":"REST"},{"floor":15,"key":"REST"},{"floor":23,"key":"REST"},{"floor":32,"key":"REST"},{"floor":40,"key":"REST"},{"data":"Demon Form","floor":42,"key":"SMITH"},{"data":"Bloodletting","floor":47,"key":"SMITH"},{"data":"Leg Sweep","floor":49,"key":"SMITH"}],"neow_cost":"CURSE","seed_source_timestamp":77994318690767,"circlet_count":0,"master_deck":["Strike_G","Strike_G","Strike_G","Strike_G","Defend_G","Defend_G","Defend_G","Defend_G","Defend_G","Survivor","Neutralize","Cloak And Dagger","Blade Dance","Flying Knee","Backflip","Noxious Fumes","Night Terror","Backstab","Flechettes","Cloak And Dagger","Infinite Blades","Blade Dance","Reaper","Riddle With Holes+1","RitualDagger","Armaments+1","Thunderclap","Headbutt","Power Through+1","Recycle+1","Blood for Blood","Chrysalis","Slice","Acrobatics","Clash","Demon Form+1","Double Tap","Anger+1","Purity","Blind","Dark Shackles","Armaments+1","Conserve Battery+1","PanicButton+1","BootSequence+1","Demon Form+1","PiercingWail","Leg Sweep+1","Bloodletting+1"],"relics":["Ring of the Serpent","Tough Bandages","NlothsMask","Gambling Chip","Old Coin","PrismaticShard","HoveringKite","Unceasing Top","Orichalcum","Ninja Scroll","Thread and Needle","Bottled Tornado","Bottled Lightning","DollysMirror","Red Mask"],"potions_floor_usage":[6,16,18,25,25,25,29,33,33,37,50,50],"damage_taken":[{"damage":0,"enemies":"Small Slimes","floor":1,"turns":4},{"damage":1,"enemies":"Cultist","floor":3,"turns":5},{"damage":0,"enemies":"Jaw Worm","floor":5,"turns":4},{"damage":41,"enemies":"Lagavulin","floor":6,"turns":12},{"damage":22,"enemies":"3 Sentries","floor":8,"turns":9},{"damage":0,"enemies":"Lots of Slimes","floor":12,"turns":3},{"damage":6,"enemies":"Blue Slaver","floor":14,"turns":3},{"damage":24,"enemies":"The Guardian","floor":16,"turns":10},{"damage":19,"enemies":"2 Thieves","floor":18,"turns":5},{"damage":0,"enemies":"3 Byrds","floor":20,"turns":5},{"damage":18,"enemies":"Snake Plant","floor":21,"turns":7},{"damage":38,"enemies":"3 Cultists","floor":22,"turns":6},{"damage":14,"enemies":"Snecko","floor":24,"turns":7},{"damage":1,"enemies":"Gremlin Leader","floor":25,"turns":7},{"damage":7,"enemies":"Slavers","floor":27,"turns":7},{"damage":15,"enemies":"Snake Plant","floor":29,"turns":6},{"damage":3,"enemies":"3 Cultists","floor":30,"turns":6},{"damage":0,"enemies":"Centurion and Healer","floor":31,"turns":6},{"damage":15,"enemies":"Champ","floor":33,"turns":11},{"damage":0,"enemies":"Orb Walker","floor":35,"turns":2},{"damage":22,"enemies":"3 Darklings","floor":37,"turns":10},{"damage":1,"enemies":"Mind Bloom Boss Battle","floor":38,"turns":8},{"damage":39,"enemies":"Writhing Mass","floor":39,"turns":7},{"damage":0,"enemies":"Giant Head","floor":41,"turns":7},{"damage":0,"enemies":"Spire Growth","floor":45,"turns":4},{"damage":24,"enemies":"Awakened One","floor":50,"turns":10}],"seed_played":"-4405804374006758337","potions_obtained":[{"floor":1,"key":"SteroidPotion"},{"floor":3,"key":"Regen Potion"},{"floor":12,"key":"Explosive Potion"},{"floor":14,"key":"EssenceOfSteel"},{"floor":16,"key":"FearPotion"},{"floor":18,"key":"GhostInAJar"},{"floor":25,"key":"Block Potion"},{"floor":29,"key":"GhostInAJar"},{"floor":31,"key":"Fruit Juice"},{"floor":35,"key":"Regen Potion"},{"floor":39,"key":"FearPotion"}],"is_trial":false,"path_per_floor":["M","?","M","$","M","E","R","E","T","$","?","M","R","M","R","B",null,"M","?","M","M","M","R","M","E","T","E","$","M","M","M","R","B",null,"M","?","M","?","M","R","E","R","T","$","M","$","R","?","R","B",null],"character_chosen":"THE_SILENT","items_purchased":["Flying Knee","PrismaticShard","Backstab","Flechettes","Cloak And Dagger","Chrysalis","Slice","DollysMirror","PiercingWail","Leg Sweep","Energy Potion","PowerPotion"],"campfire_rested":6,"item_purchase_floors":[4,10,10,10,10,28,28,44,44,44,44,46],"current_hp_per_floor":[70,70,69,69,69,37,58,36,36,36,36,36,57,51,70,46,70,59,53,59,47,17,38,40,42,42,39,39,27,24,32,53,44,75,75,65,70,75,43,65,72,72,72,72,75,75,75,75,75,51],"gold":0,"neow_bonus":"ONE_RARE_RELIC","is_prod":false,"is_daily":false,"chose_seed":false,"campfire_upgraded":3,"win_rate":0.0,"timestamp":1566468631,"path_taken":["M","?","M","$","?","E","R","E","T","$","?","?","R","M","R","BOSS","M","?","M","M","M","R","M","E","T","E","$","M","M","M","R","BOSS","M","?","M","?","M","R","E","R","T","$","M","$","R","?","R","BOSS"],"build_version":"2019-07-17","purchased_purges":1,"victory":true,"max_hp_per_floor":[70,70,70,70,70,70,70,70,70,70,70,70,70,70,70,70,70,70,70,70,70,70,70,70,70,70,70,70,70,70,70,70,75,75,75,75,75,75,75,75,75,75,75,75,75,75,75,75,75,75],"card_choices":[{"not_picked":["Backflip","Bane"],"picked":"Cloak And Dagger","floor":1},{"not_picked":["Finisher","Distraction"],"picked":"Blade Dance","floor":3},{"not_picked":["Distraction","Bouncing Flask"],"picked":"Backflip","floor":5},{"not_picked":["Slice","Reflex"],"picked":"Noxious Fumes","floor":6},{"not_picked":["Slice","Dagger Spray"],"picked":"Night Terror","floor":8},{"not_picked":["Bouncing Flask","Twin Strike"],"picked":"Infinite Blades","floor":12},{"not_picked":["Outmaneuver","Gash"],"picked":"Blade Dance","floor":14},{"not_picked":["Phantasmal Killer","Wraith Form v2"],"picked":"Reaper","floor":16},{"not_picked":["Tactician","Tempest"],"picked":"Riddle With Holes+1","floor":18},{"not_picked":["Shrug It Off","Clothesline+1"],"picked":"Armaments+1","floor":20},{"not_picked":["Heavy Blade","Evolve"],"picked":"Thunderclap","floor":21},{"not_picked":["Heel Hook+1","Sweeping Beam"],"picked":"Headbutt","floor":22},{"not_picked":["Redo","Quick Slash"],"picked":"Power Through+1","floor":24},{"not_picked":["Dagger Spray","Clothesline"],"picked":"Recycle+1","floor":25},{"not_picked":["Cleave","Searing Blow"],"picked":"Blood for Blood","floor":27},{"not_picked":["Searing Blow","Force Field"],"picked":"Acrobatics","floor":29},{"not_picked":["Heel Hook+1","Redo+1"],"picked":"Clash","floor":30},{"not_picked":["Perfected Strike","Slice"],"picked":"Demon Form","floor":31},{"not_picked":["Phantasmal Killer","Secret Technique"],"picked":"Double Tap","floor":33},{"not_picked":["Leap","Body Slam"],"picked":"Anger+1","floor":35},{"not_picked":["Jack Of All Trades","Flash of Steel"],"picked":"Purity","floor":36},{"not_picked":["Purity","Jack Of All Trades"],"picked":"Blind","floor":36},{"not_picked":["Flash of Steel","Secret Weapon"],"picked":"Dark Shackles","floor":36},{"not_picked":["FTL","Barrage"],"picked":"Armaments+1","floor":37},{"not_picked":["Perfected Strike","Cold Snap"],"picked":"Conserve Battery+1","floor":38},{"not_picked":["Genetic Algorithm+1","Coolheaded"],"picked":"PanicButton+1","floor":39},{"not_picked":["Shockwave+1","Limit Break"],"picked":"BootSequence+1","floor":41},{"not_picked":["Flechettes+1","Ghostly Armor"],"picked":"Bloodletting","floor":45}],"player_experience":71361,"relics_obtained":[{"floor":6,"key":"Gambling Chip"},{"floor":8,"key":"Old Coin"},{"floor":25,"key":"Unceasing Top"},{"floor":26,"key":"Orichalcum"},{"floor":27,"key":"Ninja Scroll"},{"floor":38,"key":"Thread and Needle"},{"floor":41,"key":"Bottled Tornado"},{"floor":43,"key":"Bottled Lightning"}],"event_choices":[{"damage_healed":0,"gold_gain":0,"player_choice":"Trade","damage_taken":0,"relics_obtained":["NlothsMask"],"max_hp_gain":0,"max_hp_loss":0,"event_name":"FaceTrader","floor":2,"gold_loss":0},{"cards_removed":["Strike_G"],"damage_healed":0,"gold_gain":0,"player_choice":"Offered Basic","damage_taken":0,"max_hp_gain":0,"max_hp_loss":0,"event_name":"Bonfire Elementals","floor":11,"gold_loss":0},{"damage_healed":0,"gold_gain":0,"player_choice":"Joined the Cult","damage_taken":6,"max_hp_gain":0,"max_hp_loss":0,"event_name":"Nest","floor":19,"gold_loss":0,"cards_obtained":["RitualDagger"]},{"damage_healed":0,"gold_gain":0,"player_choice":"Memory 3","damage_taken":10,"max_hp_gain":0,"max_hp_loss":0,"event_name":"SensoryStone","floor":36,"gold_loss":0},{"damage_healed":0,"gold_gain":0,"player_choice":"Fight","damage_taken":0,"max_hp_gain":0,"max_hp_loss":0,"event_name":"MindBloom","floor":38,"gold_loss":0},{"damage_healed":0,"gold_gain":0,"player_choice":"Paid","damage_taken":0,"relics_obtained":["Red Mask"],"max_hp_gain":0,"max_hp_loss":0,"event_name":"Tomb of Lord Red Mask","floor":48,"gold_loss":0}],"is_beta":false,"boss_relics":[{"not_picked":["Astrolabe","Black Star"],"picked":"HoveringKite"},{"not_picked":["Runic Pyramid","Empty Cage"],"picked":"Ring of the Serpent"}],"items_purged_floors":[4],"is_endless":false,"potions_floor_spawned":[1,3,12,14,16,18,24,25,29,31,35,39],"ascension_level":0}