{"gold_per_floor":[109,109,120,70,245,272,283,308,353,365,365,376,376,405,405,405],"floor_reached":16,"playtime":470,"items_purged":[],"score":169,"play_id":"96af9fd2-c713-4331-b5a0-acfeb5412c03","local_time":"20190802001049","is_ascension_mode":true,"campfire_choices":[{"data":"Shrug It Off","floor":11,"key":"SMITH"},{"data":"Pommel Strike","floor":13,"key":"SMITH"},{"floor":15,"key":"REST"}],"neow_cost":"NONE","seed_source_timestamp":12168972774735,"circlet_count":0,"master_deck":["Strike_R","Strike_R","Strike_R","Strike_R","Strike_R","Defend_R","Defend_R","Defend_R","Defend_R","Bash","Disarm","Pommel Strike+1","Doubt","Thunderclap","Shrug It Off+1","Iron Wave","Entrench"],"relics":["Burning Blood","NeowsBlessing","Anchor","Regal Pillow","Vajra","Letter Opener"],"potions_floor_usage":[14,16],"damage_taken":[{"damage":0,"enemies":"Small Slimes","floor":1,"turns":1},{"damage":0,"enemies":"2 Louse","floor":3,"turns":1},{"damage":0,"enemies":"Gremlin Nob","floor":6,"turns":1},{"damage":9,"enemies":"Jaw Worm","floor":7,"turns":4},{"damage":13,"enemies":"Blue Slaver","floor":10,"turns":3},{"damage":6,"enemies":"2 Fungi Beasts","floor":12,"turns":4},{"damage":64,"enemies":"Lagavulin","floor":14,"turns":9},{"damage":71,"enemies":"Slime Boss","floor":16,"turns":9}],"seed_played":"-8794794318441022428","potions_obtained":[{"floor":6,"key":"Weak Potion"},{"floor":7,"key":"Swift Potion"},{"floor":14,"key":"BloodPotion"}],"is_trial":false,"path_per_floor":["M","?","M","?","?","E","M","T","T","M","R","M","R","E","R","B"],"character_chosen":"IRONCLAD","items_purchased":[],"campfire_rested":1,"item_purchase_floors":[],"current_hp_per_floor":[80,80,80,80,80,80,77,77,77,70,70,70,70,12,51,0],"gold":405,"neow_bonus":"THREE_ENEMY_KILL","is_prod":false,"is_daily":false,"chose_seed":false,"campfire_upgraded":2,"win_rate":0,"timestamp":1564697449,"path_taken":["M","?","M","?","?","E","M","?","T","M","R","M","R","E","R","BOSS"],"build_version":"2019-07-17","purchased_purges":0,"victory":false,"max_hp_per_floor":[80,80,80,80,80,80,80,80,80,80,80,80,80,80,80,80],"card_choices":[{"not_picked":["Perfected Strike","Rupture"],"picked":"Disarm","floor":1},{"not_picked":["Ghostly Armor","Cleave"],"picked":"Pommel Strike","floor":3},{"not_picked":["Second Wind","Anger"],"picked":"Thunderclap","floor":6},{"not_picked":["Pummel","Bloodletting","Clash"],"picked":"SKIP","floor":7},{"not_picked":["Infernal Blade","Sentinel"],"picked":"Shrug It Off","floor":10},{"not_picked":["Uppercut","Burning Pact"],"picked":"Iron Wave","floor":12},{"not_picked":["Iron Wave","Heavy Blade"],"picked":"Entrench","floor":14}],"player_experience":99365,"relics_obtained":[{"floor":6,"key":"Regal Pillow"},{"floor":8,"key":"Vajra"},{"floor":14,"key":"Letter Opener"}],"event_choices":[{"damage_healed":0,"gold_gain":0,"player_choice":"Box","damage_taken":0,"relics_obtained":["Anchor"],"max_hp_gain":0,"max_hp_loss":0,"event_name":"Big Fish","floor":2,"gold_loss":0,"cards_obtained":["Regret"]},{"cards_removed":["Regret"],"damage_healed":0,"gold_gain":0,"player_choice":"Card Removal","damage_taken":0,"max_hp_gain":0,"max_hp_loss":0,"event_name":"The Cleric","floor":4,"gold_loss":50},{"damage_healed":0,"gold_gain":175,"player_choice":"AGREE","damage_taken":0,"max_hp_gain":0,"max_hp_loss":0,"event_name":"Liars Game","floor":5,"gold_loss":0,"cards_obtained":["Doubt"]}],"is_beta":false,"boss_relics":[],"items_purged_floors":[],"is_endless":false,"potions_floor_spawned":[6,7,14],"killed_by":"Slime Boss","ascension_level":5}