{"gold_per_floor":[118,118,41,53,63,88,106,136,212,5,22,22,22,34,34,136,136,152,166,81,93,93,93,93,124,124,124],"floor_reached":27,"playtime":3872,"items_purged":[],"score":243,"play_id":"cb4394bd-7cbf-48c0-a2e2-40c719aeae40","local_time":"20190810143144","is_ascension_mode":false,"campfire_choices":[{"floor":13,"key":"REST"},{"floor":15,"key":"REST"},{"floor":23,"key":"REST"}],"neow_cost":"","seed_source_timestamp":141692351880631,"circlet_count":0,"master_deck":["Strike_R","Defend_R","Defend_R","Defend_R","Defend_R","Bash","Shrug It Off+1","Cleave","Armaments","Reckless Charge","Rage","Dropkick","Searing Blow","Blood for Blood","Reaper","Feel No Pain","Disarm","Flex","Dark Embrace","Anger","Cleave+1","Seeing Red","Inflame","True Grit","Carnage"],"relics":["Burning Blood","Bottled Flame","Calipers","Matryoshka","Lizard Tail","Oddly Smooth Stone","Bottled Tornado","Sundial","Bottled Lightning"],"potions_floor_usage":[6,16,16,16,21,25],"damage_taken":[{"damage":5,"enemies":"Small Slimes","floor":1,"turns":4},{"damage":8,"enemies":"Cultist","floor":4,"turns":5},{"damage":0,"enemies":"2 Louse","floor":5,"turns":3},{"damage":8,"enemies":"3 Sentries","floor":6,"turns":7},{"damage":5,"enemies":"Looter","floor":7,"turns":3},{"damage":68,"enemies":"Gremlin Nob","floor":8,"turns":6},{"damage":10,"enemies":"3 Louse","floor":11,"turns":3},{"damage":12,"enemies":"Blue Slaver","floor":14,"turns":4},{"damage":57,"enemies":"The Guardian","floor":16,"turns":16},{"damage":23,"enemies":"Chosen","floor":18,"turns":9},{"damage":45,"enemies":"3 Byrds","floor":19,"turns":8},{"damage":38,"enemies":"Sentry and Sphere","floor":21,"turns":9},{"damage":63,"enemies":"Book of Stabbing","floor":25,"turns":10},{"damage":17,"enemies":"3 Cultists","floor":27,"turns":3}],"seed_played":"3212408835525004378","potions_obtained":[{"floor":1,"key":"Explosive Potion"},{"floor":5,"key":"Poison Potion"},{"floor":7,"key":"Dexterity Potion"},{"floor":8,"key":"Explosive Potion"},{"floor":11,"key":"Explosive Potion"},{"floor":16,"key":"Block Potion"},{"floor":21,"key":"Ancient Potion"}],"is_trial":false,"path_per_floor":["M","?","$","M","M","E","M","E","T","$","M","?","R","M","R","B",null,"M","M","?","M","?","R","?","E","T","M"],"character_chosen":"IRONCLAD","items_purchased":["Cleave","Armaments","Reaper","Feel No Pain"],"campfire_rested":3,"item_purchase_floors":[3,3,10,10],"current_hp_per_floor":[80,80,80,78,80,78,79,17,17,17,25,18,42,40,64,17,80,67,34,34,43,43,67,67,17,17,0],"gold":124,"neow_bonus":"","is_prod":false,"is_daily":false,"chose_seed":false,"campfire_upgraded":0,"win_rate":0.0,"timestamp":1565461904,"path_taken":["M","?","?","M","M","E","M","E","T","$","?","?","R","M","R","BOSS","M","M","?","M","?","R","?","E","T","M"],"build_version":"2019-07-17","purchased_purges":0,"victory":false,"max_hp_per_floor":[80,80,80,80,80,80,80,80,80,80,80,80,80,80,80,80,80,80,80,80,80,80,80,80,80,80,80],"card_choices":[{"not_picked":["Rampage","Hemokinesis"],"picked":"Shrug It Off","floor":1},{"not_picked":["Whirlwind","Thunderclap"],"picked":"Reckless Charge","floor":4},{"not_picked":["Body Slam","Burning Pact"],"picked":"Rage","floor":5},{"not_picked":["Seeing Red","Shrug It Off"],"picked":"Dropkick","floor":6},{"not_picked":["Shrug It Off","Sword Boomerang"],"picked":"Searing Blow","floor":7},{"not_picked":["True Grit","Anger"],"picked":"Blood for Blood","floor":8},{"not_picked":["Rage","Warcry"],"picked":"Disarm","floor":11},{"not_picked":["Sword Boomerang","Cleave"],"picked":"Flex","floor":14},{"not_picked":["Offering","Fiend Fire"],"picked":"Dark Embrace","floor":16},{"not_picked":["Rampage","Twin Strike"],"picked":"Anger","floor":18},{"not_picked":["Twin Strike+1","Battle Trance+1"],"picked":"Cleave+1","floor":19},{"not_picked":["Cleave","Pummel"],"picked":"Seeing Red","floor":21},{"not_picked":["Cleave","Twin Strike"],"picked":"Carnage","floor":25}],"player_experience":0,"relics_obtained":[{"floor":6,"key":"Bottled Flame"},{"floor":8,"key":"Calipers"},{"floor":9,"key":"Matryoshka"},{"floor":25,"key":"Bottled Tornado"},{"floor":26,"key":"Sundial"},{"floor":26,"key":"Bottled Lightning"}],"event_choices":[{"damage_healed":0,"gold_gain":0,"player_choice":"Upgraded","damage_taken":0,"max_hp_gain":0,"max_hp_loss":0,"event_name":"Upgrade Shrine","floor":2,"gold_loss":0,"cards_upgraded":["Shrug It Off"]},{"cards_removed":["Strike_R"],"damage_healed":0,"gold_gain":0,"player_choice":"Card Removal","damage_taken":7,"max_hp_gain":0,"max_hp_loss":0,"event_name":"Golden Wing","floor":12,"gold_loss":0},{"damage_healed":0,"gold_gain":0,"player_choice":"Obtained Relic","damage_taken":0,"relics_obtained":["Oddly Smooth Stone"],"max_hp_gain":0,"max_hp_loss":0,"event_name":"Addict","floor":20,"gold_loss":85},{"damage_healed":0,"gold_gain":0,"cards_transformed":["Strike_R","Strike_R"],"player_choice":"Became Test Subject","damage_taken":0,"max_hp_gain":0,"max_hp_loss":0,"event_name":"Drug Dealer","floor":22,"gold_loss":0,"cards_obtained":["Inflame","True Grit"]},{"cards_removed":["Strike_R"],"damage_healed":0,"gold_gain":0,"player_choice":"Elegance","damage_taken":0,"max_hp_gain":0,"max_hp_loss":0,"event_name":"Back to Basics","floor":24,"gold_loss":0}],"is_beta":false,"boss_relics":[{"not_picked":["Mark of Pain","Busted Crown"],"picked":"Lizard Tail"}],"items_purged_floors":[],"is_endless":false,"potions_floor_spawned":[1,5,7,8,11,16,21],"killed_by":"3 Cultists","ascension_level":0}