{"gold_per_floor":[115,131,131,141,14,43,43,60,137,147,160,170,200,200,200,200],"floor_reached":16,"playtime":1783,"items_purged":[],"score":114,"play_id":"ca5cf351-6d26-412c-8c1a-fbcb2ebb7356","local_time":"20190827181924","is_ascension_mode":false,"campfire_choices":[{"data":"Strike_R","floor":7,"key":"SMITH"},{"floor":15,"key":"REST"}],"neow_cost":"","seed_source_timestamp":23152675346100,"circlet_count":0,"master_deck":["Strike_R+1","Strike_R","Strike_R","Strike_R","Strike_R","Defend_R","Defend_R","Defend_R","Defend_R","Bash","Flex","Anger","Pommel Strike","Pommel Strike","Hemokinesis","Flex","Cleave","Inflame","Feel No Pain","Dual Wield","Ghostly Armor","Anger"],"relics":["Burning Blood","Bottled Lightning","Thread and Needle","Pantograph","Boot","Magic Flower"],"potions_floor_usage":[12],"damage_taken":[{"damage":10,"enemies":"Cultist","floor":1,"turns":4},{"damage":18,"enemies":"Jaw Worm","floor":2,"turns":3},{"damage":0,"enemies":"Small Slimes","floor":4,"turns":3},{"damage":19,"enemies":"Gremlin Nob","floor":6,"turns":3},{"damage":2,"enemies":"3 Louse","floor":8,"turns":3},{"damage":6,"enemies":"Exordium Wildlife","floor":10,"turns":3},{"damage":6,"enemies":"Exordium Thugs","floor":11,"turns":4},{"damage":5,"enemies":"2 Fungi Beasts","floor":12,"turns":2},{"damage":18,"enemies":"Lagavulin","floor":13,"turns":6},{"damage":82,"enemies":"The Guardian","floor":16,"turns":9}],"seed_played":"-6231992955585454139","potions_obtained":[{"floor":2,"key":"GamblersBrew"},{"floor":4,"key":"Fire Potion"},{"floor":8,"key":"Poison Potion"},{"floor":13,"key":"Ancient Potion"}],"is_trial":false,"path_per_floor":["M","M","T","M","$","E","R","M","T","M","M","M","E","?","R","B"],"character_chosen":"IRONCLAD","items_purchased":["Pommel Strike","Hemokinesis","Flex"],"campfire_rested":1,"item_purchase_floors":[5,5,5],"current_hp_per_floor":[76,64,64,70,70,57,57,61,61,61,61,62,50,50,74,0],"gold":200,"neow_bonus":"","is_prod":false,"is_daily":false,"chose_seed":false,"campfire_upgraded":1,"win_rate":0.0,"timestamp":1566922764,"path_taken":["M","M","?","M","$","E","R","M","T","M","M","M","E","?","R","BOSS"],"build_version":"2019-07-17","purchased_purges":0,"victory":false,"max_hp_per_floor":[80,80,80,80,80,80,80,80,80,80,80,80,80,80,80,80],"card_choices":[{"not_picked":["True Grit","Armaments"],"picked":"Flex","floor":1},{"not_picked":["Entrench","Metallicize"],"picked":"Anger","floor":2},{"not_picked":["Clothesline","Rampage"],"picked":"Pommel Strike","floor":4},{"not_picked":["Pummel","Clash"],"picked":"Cleave","floor":6},{"not_picked":["Sword Boomerang","Infernal Blade"],"picked":"Inflame","floor":8},{"not_picked":["Ghostly Armor","Twin Strike"],"picked":"Feel No Pain","floor":10},{"not_picked":["Bloodletting","Feel No Pain"],"picked":"Dual Wield","floor":11},{"not_picked":["Pommel Strike","Clothesline"],"picked":"Ghostly Armor","floor":12},{"not_picked":["Reaper","Clash"],"picked":"Anger","floor":13}],"player_experience":0,"relics_obtained":[{"floor":3,"key":"Bottled Lightning"},{"floor":6,"key":"Thread and Needle"},{"floor":9,"key":"Pantograph"},{"floor":13,"key":"Boot"}],"event_choices":[{"damage_healed":0,"gold_gain":0,"player_choice":"Gave Potion","damage_taken":0,"relics_obtained":["Magic Flower"],"max_hp_gain":0,"max_hp_loss":0,"event_name":"WeMeetAgain","floor":14,"gold_loss":0}],"is_beta":false,"boss_relics":[],"items_purged_floors":[],"is_endless":false,"potions_floor_spawned":[2,4,8,10,13],"killed_by":"The Guardian","ascension_level":0}