{"gold_per_floor":[117,131,281,281,9,36,36,70,70,70,85,96,96,108,108,108],"floor_reached":16,"playtime":748,"items_purged":["Strike_B"],"score":270,"play_id":"23d07732-55e6-435f-a183-3e0b1a5b12a6","local_time":"20190823005640","is_ascension_mode":true,"campfire_choices":[{"data":"Zap","floor":7.0,"key":"SMITH"},{"data":"Glacier","floor":10.0,"key":"SMITH"},{"data":"Capacitor","floor":13.0,"key":"SMITH"},{"floor":15.0,"key":"REST"}],"neow_cost":"NONE","seed_source_timestamp":0,"circlet_count":0,"master_deck":["AscendersBane","Strike_B","Strike_B","Strike_B","Defend_B","Defend_B","Defend_B","Defend_B","Zap+1","Dualcast","Go for the Eyes","Glacier+1","Self Repair","Ball Lightning","Reinforced Body","Barrage","Capacitor+1","Coolheaded"],"special_seed":0,"relics":["Cracked Core","NeowsBlessing","Darkstone Periapt","Smiling Mask","Juzu Bracelet"],"potions_floor_usage":[16,16],"damage_taken":[{"damage":0.0,"enemies":"Cultist","floor":1.0,"turns":1.0},{"damage":0.0,"enemies":"2 Louse","floor":2.0,"turns":1.0},{"damage":0.0,"enemies":"3 Sentries","floor":6.0,"turns":1.0},{"damage":45.0,"enemies":"Gremlin Nob","floor":8.0,"turns":6.0},{"damage":9.0,"enemies":"Small Slimes","floor":11.0,"turns":4.0},{"damage":4.0,"enemies":"Looter","floor":12.0,"turns":4.0},{"damage":8.0,"enemies":"Red Slaver","floor":14.0,"turns":5.0},{"damage":50,"enemies":"Slime Boss","floor":16,"turns":11}],"seed_played":"8526072509265717402","potions_obtained":[{"floor":8.0,"key":"SpeedPotion"},{"floor":11.0,"key":"Poison Potion"}],"is_trial":false,"path_per_floor":["M","M","?","?","$","E","R","E","T","R","M","M","R","M","R","B"],"character_chosen":"DEFECT","items_purchased":["Glacier","Self Repair","Ball Lightning"],"campfire_rested":1,"item_purchase_floors":[5,5,5],"current_hp_per_floor":[64,64,64,64,64,64,64,26,26,26,24,27,27,26,47,0],"gold":108,"neow_bonus":"THREE_ENEMY_KILL","is_prod":false,"is_daily":false,"chose_seed":false,"campfire_upgraded":3,"win_rate":0,"timestamp":1566489400,"path_taken":["M","M","?","?","$","E","R","E","T","R","M","M","R","M","R","BOSS"],"build_version":"2019-07-17","purchased_purges":1,"victory":false,"max_hp_per_floor":[71,71,71,71,71,71,71,71,71,71,71,71,71,71,71,71],"card_choices":[{"not_picked":["Blizzard","Force Field"],"picked":"Go for the Eyes","floor":1.0},{"not_picked":["Stack","Steam","Force Field"],"picked":"SKIP","floor":2.0},{"not_picked":["Recycle","Steam"],"picked":"Reinforced Body","floor":6.0},{"not_picked":["Coolheaded","Gash"],"picked":"Barrage","floor":8.0},{"not_picked":["Go for the Eyes","Rip and Tear","Turbo"],"picked":"SKIP","floor":11.0},{"not_picked":["Melter","Compile Driver"],"picked":"Capacitor","floor":12.0},{"not_picked":["Lockon","Ball Lightning"],"picked":"Coolheaded","floor":14.0}],"player_experience":552832,"relics_obtained":[{"floor":6.0,"key":"Darkstone Periapt"},{"floor":8.0,"key":"Smiling Mask"},{"floor":9.0,"key":"Juzu Bracelet"}],"event_choices":[{"damage_healed":0.0,"max_hp_gain":0.0,"max_hp_loss":0.0,"gold_gain":150.0,"event_name":"Liars Game","player_choice":"AGREE","floor":3.0,"gold_loss":0.0,"damage_taken":0.0,"cards_obtained":["Doubt"]},{"cards_removed":["Doubt"],"damage_healed":0.0,"max_hp_gain":0.0,"max_hp_loss":0.0,"gold_gain":0.0,"event_name":"Living Wall","player_choice":"Forget","floor":4.0,"gold_loss":0.0,"damage_taken":0.0}],"is_beta":false,"boss_relics":[],"items_purged_floors":[5],"is_endless":false,"potions_floor_spawned":[8,11,14],"killed_by":"Slime Boss","ascension_level":20}