{"gold_per_floor":[365,365,237,237,62,62,91,91,91,16,16,26,52,64,64,169,169,183,136,153,106,106,138,155,155,155,190,209,229,229,241,241,346,346,361,361,361,374,384,384,394,428,452,470,470,27,27,43,43,43],"floor_reached":51,"playtime":5173,"items_purged":["Strike_B","Steam"],"score":883,"play_id":"26da466a-47d7-4a81-9bda-fdd1793a8a2b","local_time":"20190719065708","is_ascension_mode":true,"campfire_choices":[{"data":"Blind","floor":6,"key":"SMITH"},{"data":"Zap","floor":11,"key":"SMITH"},{"data":"Dualcast","floor":15,"key":"SMITH"},{"data":"Force Field","floor":25,"key":"SMITH"},{"data":"Undo","floor":30,"key":"SMITH"},{"floor":32,"key":"REST"},{"data":"Rainbow","floor":40,"key":"SMITH"},{"floor":45,"key":"REST"},{"data":"Reinforced Body","floor":49,"key":"SMITH"}],"neow_cost":"PERCENT_DAMAGE","seed_source_timestamp":304877149944858,"circlet_count":0,"master_deck":["Strike_B+1","Strike_B+1","Defend_B+1","Defend_B+1","Defend_B+1","Defend_B+1","Zap+1","Dualcast+1","Ball Lightning","Sunder+1","Blind+1","Conserve Battery","Rip and Tear+1","Ball Lightning+1","Ball Lightning+1","Sweeping Beam+1","Cold Snap+1","Core Surge+1","Force Field+1","Compile Driver+1","Scrape+1","Compile Driver+1","Defragment+1","Undo+1","Compile Driver+1","Conserve Battery","White Noise","Rainbow+1","Coolheaded","Flash of Steel+1","Consume+1","Barrage+1","Reinforced Body+1","Coolheaded","Hologram","Multi-Cast","Writhe","Static Discharge+1"],"relics":["Cracked Core","Molten Egg 2","Odd Mushroom","Shuriken","Oddly Smooth Stone","Snecko Eye","Blue Candle","Bottled Lightning","Art of War","Inserter","Smiling Mask","Orichalcum","Chemical X"],"potions_floor_usage":[27,28,29,33,41,44,50,50,50],"damage_taken":[{"damage":0,"enemies":"2 Louse","floor":1,"turns":2},{"damage":1,"enemies":"The Mushroom Lair","floor":7,"turns":3},{"damage":0,"enemies":"Cultist","floor":12,"turns":2},{"damage":3,"enemies":"3 Sentries","floor":13,"turns":3},{"damage":0,"enemies":"Small Slimes","floor":14,"turns":1},{"damage":0,"enemies":"Slime Boss","floor":16,"turns":5},{"damage":0,"enemies":"3 Byrds","floor":18,"turns":2},{"damage":0,"enemies":"Chosen","floor":20,"turns":3},{"damage":8,"enemies":"Slavers","floor":23,"turns":4},{"damage":0,"enemies":"3 Cultists","floor":24,"turns":4},{"damage":15,"enemies":"Book of Stabbing","floor":27,"turns":5},{"damage":0,"enemies":"Snecko","floor":28,"turns":2},{"damage":8,"enemies":"Centurion and Healer","floor":29,"turns":4},{"damage":17,"enemies":"Shelled Parasite and Fungi","floor":31,"turns":3},{"damage":22,"enemies":"Champ","floor":33,"turns":10},{"damage":0,"enemies":"Orb Walker","floor":35,"turns":3},{"damage":9,"enemies":"3 Darklings","floor":38,"turns":4},{"damage":4,"enemies":"4 Shapes","floor":39,"turns":6},{"damage":15,"enemies":"Sphere and 2 Shapes","floor":41,"turns":4},{"damage":7,"enemies":"Nemesis","floor":42,"turns":9},{"damage":8,"enemies":"Transient","floor":44,"turns":5},{"damage":4,"enemies":"3 Darklings","floor":48,"turns":3},{"damage":29,"enemies":"Time Eater","floor":50,"turns":8}],"seed_played":"-7456778780577975874","potions_obtained":[{"floor":7,"key":"PowerPotion"},{"floor":13,"key":"FearPotion"},{"floor":23,"key":"Poison Potion"},{"floor":27,"key":"Energy Potion"},{"floor":29,"key":"Poison Potion"},{"floor":38,"key":"Poison Potion"},{"floor":39,"key":"AttackPotion"},{"floor":48,"key":"Strength Potion"}],"is_trial":false,"path_per_floor":["M","?","$","?","$","R","?","?","T","$","R","M","E","M","R","B",null,"M","$","M","$","?","E","M","R","T","E","M","M","R","M","R","B",null,"M","?","?","M","M","R","M","E","T","M","R","$","?","M","R","B",null],"character_chosen":"DEFECT","items_purchased":["Sunder+1","Steam","Blind","Conserve Battery","Rip and Tear+1","Compile Driver+1","Compile Driver+1","Chemical X","Multi-Cast","SteroidPotion"],"campfire_rested":2,"item_purchase_floors":[3,3,5,5,5,19,21,46,46,46],"current_hp_per_floor":[54,47,47,47,47,47,46,46,46,46,46,46,43,43,43,43,75,75,75,75,75,75,67,67,67,67,52,52,44,44,27,49,27,75,75,70,70,61,57,57,42,35,35,27,49,49,68,64,64,35],"gold":43,"neow_bonus":"TWO_FIFTY_GOLD","is_prod":false,"is_daily":false,"chose_seed":false,"campfire_upgraded":7,"win_rate":0,"timestamp":1563533828,"path_taken":["M","?","$","?","$","R","?","?","T","?","R","M","E","M","R","BOSS","M","$","M","?","?","E","?","R","T","E","M","M","R","M","R","BOSS","M","?","?","M","M","R","?","E","T","?","R","$","?","M","R","BOSS"],"build_version":"2019-07-17","purchased_purges":2,"victory":true,"max_hp_per_floor":[75,75,75,75,75,75,75,75,75,75,75,75,75,75,75,75,75,75,75,75,75,75,75,75,75,75,75,75,75,75,75,75,75,75,75,75,75,75,75,75,75,75,75,75,75,75,75,75,75,75],"card_choices":[{"not_picked":["Gash","Recycle"],"picked":"Ball Lightning","floor":1},{"not_picked":["Skim","Static Discharge"],"picked":"Ball Lightning+1","floor":7},{"not_picked":["Redo","Gash+1"],"picked":"Ball Lightning+1","floor":12},{"not_picked":["Turbo","Melter+1"],"picked":"Sweeping Beam+1","floor":13},{"not_picked":["Conserve Battery","Biased Cognition"],"picked":"Cold Snap+1","floor":14},{"not_picked":["Rainbow","Amplify"],"picked":"Core Surge+1","floor":16},{"not_picked":["Coolheaded+1","Leap"],"picked":"Force Field","floor":18},{"not_picked":["Turbo+1","Reprogram"],"picked":"Scrape+1","floor":20},{"not_picked":["Barrage+1","Stack+1"],"picked":"Defragment+1","floor":23},{"not_picked":["Reprogram+1","Rebound+1","FTL+1"],"picked":"SKIP","floor":24},{"not_picked":["Amplify","Reprogram+1"],"picked":"Undo","floor":27},{"not_picked":["Barrage+1","Genetic Algorithm"],"picked":"Compile Driver+1","floor":28},{"not_picked":["Streamline+1","Cold Snap+1"],"picked":"Conserve Battery","floor":29},{"not_picked":["Blizzard+1","Auto Shields"],"picked":"White Noise","floor":31},{"not_picked":["Reboot","Fission"],"picked":"Rainbow","floor":33},{"not_picked":["Rebound+1","Compile Driver+1"],"picked":"Coolheaded","floor":35},{"not_picked":["Sadistic Nature","Enlightenment"],"picked":"Flash of Steel+1","floor":36},{"not_picked":["Lockon+1","Gash+1"],"picked":"Consume+1","floor":38},{"not_picked":["Rebound+1","Steam"],"picked":"Barrage+1","floor":39},{"not_picked":["Go for the Eyes+1","Conserve Battery"],"picked":"Reinforced Body","floor":41},{"not_picked":["Conserve Battery","Ball Lightning+1"],"picked":"Coolheaded","floor":42},{"not_picked":["Beam Cell+1","Melter+1"],"picked":"Hologram","floor":44},{"not_picked":["Gash+1","Steam Power"],"picked":"Static Discharge+1","floor":48}],"player_experience":248020,"relics_obtained":[{"floor":7,"key":"Odd Mushroom"},{"floor":9,"key":"Shuriken"},{"floor":13,"key":"Oddly Smooth Stone"},{"floor":23,"key":"Blue Candle"},{"floor":26,"key":"Bottled Lightning"},{"floor":27,"key":"Art of War"},{"floor":42,"key":"Smiling Mask"},{"floor":43,"key":"Orichalcum"}],"event_choices":[{"damage_healed":0,"gold_gain":0,"player_choice":"Success","damage_taken":7,"relics_obtained":["Molten Egg 2"],"max_hp_gain":0,"max_hp_loss":0,"event_name":"Scrap Ooze","floor":2,"gold_loss":0},{"cards_removed":["Strike_B"],"damage_healed":0,"gold_gain":0,"player_choice":"Forget","damage_taken":0,"max_hp_gain":0,"max_hp_loss":0,"event_name":"Living Wall","floor":4,"gold_loss":0},{"damage_healed":0,"gold_gain":0,"player_choice":"Fought Mushrooms","damage_taken":0,"max_hp_gain":0,"max_hp_loss":0,"event_name":"Mushrooms","floor":7,"gold_loss":0},{"damage_healed":0,"gold_gain":0,"player_choice":"Ignored","damage_taken":0,"max_hp_gain":0,"max_hp_loss":0,"event_name":"Liars Game","floor":8,"gold_loss":0},{"damage_healed":0,"gold_gain":0,"player_choice":"Simplicity","damage_taken":0,"max_hp_gain":0,"max_hp_loss":0,"event_name":"Back to Basics","floor":22,"gold_loss":0,"cards_upgraded":["Strike_B","Strike_B","Defend_B","Defend_B","Defend_B","Defend_B"]},{"damage_healed":0,"gold_gain":0,"player_choice":"Memory 2","damage_taken":5,"max_hp_gain":0,"max_hp_loss":0,"event_name":"SensoryStone","floor":36,"gold_loss":0},{"damage_healed":0,"gold_gain":0,"player_choice":"Ignored","damage_taken":0,"max_hp_gain":0,"max_hp_loss":0,"event_name":"Tomb of Lord Red Mask","floor":37,"gold_loss":0},{"damage_healed":19,"gold_gain":0,"player_choice":"Writhe","damage_taken":0,"max_hp_gain":0,"max_hp_loss":0,"event_name":"Winding Halls","floor":47,"gold_loss":0,"cards_obtained":["Writhe"]}],"is_beta":false,"boss_relics":[{"not_picked":["Tiny House","Sozu"],"picked":"Snecko Eye"},{"not_picked":["Eternal Feather","Empty Cage"],"picked":"Inserter"}],"items_purged_floors":[10,46],"is_endless":false,"potions_floor_spawned":[7,13,23,27,29,38,39,48],"ascension_level":4}