{"gold_per_floor":[11,11,86,101,114,114,114,158,158,158,177,197,227,245,245,364,364,378,378,378,22,40,75,75,91,91,91,115,115,115,138,138,138],"floor_reached":33,"playtime":3389,"items_purged":[],"score":359,"play_id":"a4a594a0-44fe-442a-8c28-7024195c3722","local_time":"20190721154004","is_ascension_mode":true,"campfire_choices":[{"data":"Havoc","floor":6,"key":"SMITH"},{"floor":10,"key":"REST"},{"data":"Shockwave","floor":15,"key":"SMITH"},{"data":"Armaments","floor":24,"key":"SMITH"},{"data":"Limit Break","floor":27,"key":"SMITH"},{"data":"Armaments","floor":30,"key":"SMITH"},{"data":"Spot Weakness","floor":32,"key":"SMITH"}],"neow_cost":"NO_GOLD","seed_source_timestamp":14851920939547,"circlet_count":0,"master_deck":["Bash","Shockwave+1","Searing Blow","Havoc+1","Reaper","Shrug It Off","Metallicize","Carnage","Spot Weakness+1","Limit Break+1","Armaments+1","Anger","Armaments+1","Havoc","Power Through","Body Slam+1","Ghostly","Ghostly","Ghostly","Ghostly","Ghostly","J.A.X.","Rage","Ghostly Armor","Dropkick+1","Reckless Charge+1","Metallicize","Feed"],"relics":["Burning Blood","Golden Idol","Mummified Hand","Matryoshka","Dream Catcher","Pandora\u0027s Box","Mango","Dodecahedron","Toxic Egg 2","Mercury Hourglass"],"potions_floor_usage":[8,16,23,25,31],"damage_taken":[{"damage":4,"enemies":"Small Slimes","floor":1,"turns":3},{"damage":4,"enemies":"Jaw Worm","floor":4,"turns":3},{"damage":2,"enemies":"Cultist","floor":5,"turns":4},{"damage":43,"enemies":"Gremlin Nob","floor":8,"turns":6},{"damage":7,"enemies":"Looter","floor":11,"turns":3},{"damage":9,"enemies":"3 Louse","floor":12,"turns":4},{"damage":0,"enemies":"Large Slime","floor":14,"turns":5},{"damage":56,"enemies":"Hexaghost","floor":16,"turns":10},{"damage":11,"enemies":"Chosen","floor":18,"turns":6},{"damage":1,"enemies":"Spheric Guardian","floor":22,"turns":7},{"damage":10,"enemies":"Book of Stabbing","floor":23,"turns":8},{"damage":3,"enemies":"Snake Plant","floor":25,"turns":7},{"damage":1,"enemies":"Sentry and Sphere","floor":28,"turns":6},{"damage":3,"enemies":"Chosen and Byrds","floor":31,"turns":7},{"damage":63,"enemies":"Champ","floor":33,"turns":11}],"seed_played":"-8678965747430953271","potions_obtained":[{"floor":4,"key":"EssenceOfSteel"},{"floor":11,"key":"AttackPotion"},{"floor":16,"key":"SteroidPotion"},{"floor":22,"key":"SkillPotion"},{"floor":25,"key":"Fruit Juice"},{"floor":28,"key":"Fire Potion"},{"floor":31,"key":"Explosive Potion"}],"is_trial":false,"path_per_floor":["M","?","?","M","M","R","?","E","T","R","M","M","?","M","R","B",null,"M","?","?","$","M","E","R","M","T","R","M","?","R","M","R","B"],"character_chosen":"IRONCLAD","items_purchased":["Mango","Rage"],"campfire_rested":1,"item_purchase_floors":[21,21],"current_hp_per_floor":[80,60,49,51,55,55,55,24,24,48,49,58,58,64,64,29,67,72,40,40,54,54,50,50,59,59,59,59,59,59,59,59,0],"gold":138,"neow_bonus":"TRANSFORM_TWO_CARDS","is_prod":false,"is_daily":false,"chose_seed":false,"campfire_upgraded":6,"win_rate":0,"timestamp":1563738004,"path_taken":["M","?","?","M","M","R","?","E","T","R","?","M","?","M","R","BOSS","M","?","?","$","M","E","R","M","T","R","M","?","R","M","R","BOSS"],"build_version":"2019-07-17","purchased_purges":0,"victory":false,"max_hp_per_floor":[80,80,80,80,80,80,80,80,80,80,80,80,80,80,80,80,80,80,40,40,54,54,54,54,59,59,59,59,59,59,59,59,59],"card_choices":[{"not_picked":["Clash","Hemokinesis"],"picked":"Havoc","floor":1},{"not_picked":["Wild Strike","Shrug It Off"],"picked":"Reaper","floor":4},{"not_picked":["Clothesline","Clash"],"picked":"Shrug It Off","floor":5},{"not_picked":["Dual Wield","Warcry","Flex"],"picked":"SKIP","floor":8},{"not_picked":["Heavy Blade","Twin Strike"],"picked":"Metallicize","floor":11},{"not_picked":["Shrug It Off","Havoc"],"picked":"Carnage","floor":12},{"not_picked":["Bloodletting","Sever Soul"],"picked":"Spot Weakness","floor":14},{"not_picked":["Demon Form","Offering"],"picked":"Limit Break","floor":16},{"not_picked":["Headbutt","Heavy Blade"],"picked":"Body Slam+1","floor":18},{"not_picked":["Clash","Sword Boomerang"],"picked":"Ghostly Armor","floor":22},{"not_picked":["Intimidate+1","Rupture"],"picked":"Dropkick+1","floor":23},{"not_picked":["Body Slam","Twin Strike"],"picked":"Reckless Charge+1","floor":25},{"not_picked":["Cleave","Combust"],"picked":"Metallicize","floor":28},{"not_picked":["Anger+1","Fire Breathing+1"],"picked":"Feed","floor":31}],"player_experience":274749,"relics_obtained":[{"floor":8,"key":"Mummified Hand"},{"floor":9,"key":"Matryoshka"},{"floor":23,"key":"Dodecahedron"},{"floor":26,"key":"Toxic Egg 2"},{"floor":26,"key":"Mercury Hourglass"}],"event_choices":[{"damage_healed":0,"gold_gain":0,"player_choice":"Take Damage","damage_taken":20,"relics_obtained":["Golden Idol"],"max_hp_gain":0,"max_hp_loss":0,"event_name":"Golden Idol","floor":2,"gold_loss":0},{"damage_healed":0,"gold_gain":75,"player_choice":"Gather Gold","damage_taken":11,"max_hp_gain":0,"max_hp_loss":0,"event_name":"World of Goop","floor":3,"gold_loss":0},{"cards_removed":["Strike_R"],"damage_healed":0,"gold_gain":0,"player_choice":"Purged","damage_taken":0,"max_hp_gain":0,"max_hp_loss":0,"event_name":"Purifier","floor":7,"gold_loss":0},{"damage_healed":0,"gold_gain":30,"player_choice":"Searched \u00272\u0027 times","damage_taken":0,"relics_obtained":["Dream Catcher"],"max_hp_gain":0,"max_hp_loss":0,"event_name":"Dead Adventurer","floor":13,"gold_loss":0},{"damage_healed":0,"gold_gain":0,"player_choice":"Became a Ghost","damage_taken":0,"max_hp_gain":0,"max_hp_loss":40,"event_name":"Ghosts","floor":19,"gold_loss":0,"cards_obtained":["Ghostly","Ghostly","Ghostly","Ghostly","Ghostly"]},{"damage_healed":0,"gold_gain":0,"player_choice":"Obtain J.A.X.","damage_taken":0,"max_hp_gain":0,"max_hp_loss":0,"event_name":"Drug Dealer","floor":20,"gold_loss":0,"cards_obtained":["J.A.X."]},{"cards_removed":["Hemokinesis"],"damage_healed":0,"gold_gain":0,"player_choice":"Elegance","damage_taken":0,"max_hp_gain":0,"max_hp_loss":0,"event_name":"Back to Basics","floor":29,"gold_loss":0}],"is_beta":false,"boss_relics":[{"not_picked":["Sozu","Coffee Dripper"],"picked":"Pandora\u0027s Box"}],"items_purged_floors":[],"is_endless":false,"potions_floor_spawned":[4,11,16,22,25,28,31],"killed_by":"Champ","ascension_level":5}