{"gold_per_floor":[117,128,128,145,156,182,182,216,216,228,254,283,295,325,337,448,460,492,514,537,464,495,507,444,456,468,480,278,303,321,321,321,426,426,446,463,316,330,115,115,143,143,143,159,194,194,214,228,228,228],"floor_reached":51,"playtime":4500,"items_purged":["Strike_B","Strike_B"],"score":691,"play_id":"0fa2d09a-bdb6-4983-992d-484506795b9d","local_time":"20190824075600","is_ascension_mode":false,"campfire_choices":[{"data":"Reinforced Body","floor":7,"key":"SMITH"},{"data":"Barrage","floor":10,"key":"SMITH"},{"data":"Hologram","floor":13,"key":"SMITH"},{"floor":15,"key":"REST"},{"data":"Defragment","floor":23,"key":"SMITH"},{"data":"Echo Form","floor":25,"key":"SMITH"},{"data":"Dualcast","floor":27,"key":"SMITH"},{"data":"Blizzard","floor":32,"key":"SMITH"},{"floor":40,"key":"REST"},{"data":"Defragment","floor":42,"key":"SMITH"},{"data":"Blizzard","floor":46,"key":"SMITH"},{"floor":49,"key":"REST"}],"neow_cost":"NONE","seed_source_timestamp":1958006849838412,"circlet_count":0,"master_deck":["Strike_B","Strike_B+1","Defend_B+1","Defend_B","Defend_B","Zap+1","Dualcast+1","Hologram+1","Barrage+1","Redo+1","Genetic Algorithm+1","Reinforced Body+1","Reinforced Body","Coolheaded","Defragment+1","Echo Form+1","Conserve Battery","Recycle","Chill+1","Defragment+1","Blizzard+1","Biased Cognition","Electrodynamics","Double Energy+1","Glacier","Blizzard+1","Cold Snap+1","Barrage+1"],"relics":["Cracked Core","Anchor","War Paint","MawBank","Cursed Key","Meat on the Bone","Question Card","Philosopher\u0027s Stone","DataDisk","Smiling Mask","Blue Candle"],"potions_floor_usage":[6,38,38,50],"damage_taken":[{"damage":0,"enemies":"Cultist","floor":1,"turns":3},{"damage":1,"enemies":"Jaw Worm","floor":2,"turns":3},{"damage":0,"enemies":"Small Slimes","floor":4,"turns":3},{"damage":0,"enemies":"2 Fungi Beasts","floor":5,"turns":3},{"damage":30,"enemies":"Gremlin Nob","floor":6,"turns":5},{"damage":5,"enemies":"Lagavulin","floor":8,"turns":6},{"damage":0,"enemies":"Gremlin Gang","floor":11,"turns":4},{"damage":0,"enemies":"Red Slaver","floor":12,"turns":4},{"damage":0,"enemies":"Exordium Wildlife","floor":14,"turns":3},{"damage":8,"enemies":"The Guardian","floor":16,"turns":13},{"damage":0,"enemies":"Chosen","floor":18,"turns":5},{"damage":0,"enemies":"Spheric Guardian","floor":19,"turns":3},{"damage":0,"enemies":"Snake Plant","floor":20,"turns":6},{"damage":0,"enemies":"Sentry and Sphere","floor":22,"turns":8},{"damage":21,"enemies":"Slavers","floor":29,"turns":8},{"damage":0,"enemies":"Centurion and Healer","floor":30,"turns":10},{"damage":14,"enemies":"Collector","floor":33,"turns":15},{"damage":17,"enemies":"3 Darklings","floor":35,"turns":4},{"damage":1,"enemies":"3 Shapes","floor":36,"turns":4},{"damage":42,"enemies":"Writhing Mass","floor":38,"turns":10},{"damage":1,"enemies":"Reptomancer","floor":41,"turns":6},{"damage":0,"enemies":"3 Darklings","floor":44,"turns":4},{"damage":17,"enemies":"Giant Head","floor":45,"turns":14},{"damage":0,"enemies":"Jaw Worm Horde","floor":47,"turns":5},{"damage":0,"enemies":"Spire Growth","floor":48,"turns":7},{"damage":29,"enemies":"Donu and Deca","floor":50,"turns":12}],"seed_played":"3140934521415114841","potions_obtained":[{"floor":1,"key":"Block Potion"},{"floor":4,"key":"Weak Potion"},{"floor":6,"key":"Fire Potion"},{"floor":12,"key":"Explosive Potion"},{"floor":14,"key":"SkillPotion"},{"floor":18,"key":"Swift Potion"},{"floor":36,"key":"Swift Potion"},{"floor":41,"key":"SteroidPotion"},{"floor":44,"key":"Dexterity Potion"},{"floor":47,"key":"Fire Potion"}],"is_trial":false,"path_per_floor":["M","M","?","M","M","E","R","E","T","R","M","M","R","M","R","B",null,"M","M","M","?","M","R","?","R","T","R","$","E","M","?","R","B",null,"M","M","$","M","$","R","E","R","T","M","E","R","M","M","R","B",null],"character_chosen":"DEFECT","items_purchased":["Defragment","Blizzard","DataDisk","Glacier","Blizzard"],"campfire_rested":3,"item_purchase_floors":[28,28,37,39,39],"current_hp_per_floor":[75,74,59,59,59,29,29,24,24,24,24,24,24,24,46,38,75,75,75,75,75,75,75,75,75,75,75,75,54,54,54,54,40,75,58,57,57,27,27,49,48,48,48,48,43,43,43,43,65,48],"gold":228,"neow_bonus":"UPGRADE_CARD","is_prod":false,"is_daily":false,"chose_seed":false,"campfire_upgraded":9,"win_rate":0,"timestamp":1566600960,"path_taken":["M","M","?","M","M","E","R","E","T","R","M","M","R","M","R","BOSS","M","M","M","?","M","R","?","R","T","R","$","E","M","?","R","BOSS","M","M","$","M","$","R","E","R","T","M","E","R","M","M","R","BOSS"],"build_version":"2019-07-17","purchased_purges":2,"victory":true,"max_hp_per_floor":[75,75,75,75,75,75,75,75,75,75,75,75,75,75,75,75,75,75,75,75,75,75,75,75,75,75,75,75,75,75,75,75,75,75,75,75,75,75,75,75,75,75,75,75,75,75,75,75,75,75],"card_choices":[{"not_picked":["Conserve Battery","Tempest"],"picked":"Hologram","floor":1},{"not_picked":["Reprogram","Beam Cell"],"picked":"Barrage","floor":2},{"not_picked":["Scrape","Sweeping Beam"],"picked":"Redo","floor":4},{"not_picked":["Leap","Turbo"],"picked":"Genetic Algorithm","floor":5},{"not_picked":["Rebound","Coolheaded"],"picked":"Reinforced Body","floor":6},{"not_picked":["Darkness","Hyperbeam"],"picked":"Reinforced Body","floor":8},{"not_picked":["Compile Driver","Storm","Redo"],"picked":"SKIP","floor":11},{"not_picked":["White Noise","Leap"],"picked":"Coolheaded","floor":12},{"not_picked":["Glacier","Skim"],"picked":"Defragment","floor":14},{"not_picked":["Hyperbeam","Buffer"],"picked":"Echo Form","floor":16},{"not_picked":["Sweeping Beam","Coolheaded+1"],"picked":"Conserve Battery","floor":18},{"not_picked":["Compile Driver+1","Conserve Battery"],"picked":"Recycle","floor":19},{"not_picked":["Cold Snap","Redo+1"],"picked":"Chill+1","floor":20},{"not_picked":["Reprogram","Coolheaded","Reinforced Body"],"picked":"SKIP","floor":22},{"not_picked":["Gash","Rebound"],"picked":"Biased Cognition","floor":29},{"not_picked":["Cold Snap","Darkness","Rebound","Skim"],"picked":"SKIP","floor":30},{"not_picked":["Creative AI","Reboot","Buffer"],"picked":"Electrodynamics","floor":33},{"not_picked":["Leap","Hologram","Consume","Stack"],"picked":"SKIP","floor":35},{"not_picked":["Aggregate","Stack+1","Chaos"],"picked":"Double Energy+1","floor":36},{"not_picked":["Lockon","Compile Driver+1","Recycle+1","Conserve Battery+1"],"picked":"SKIP","floor":38},{"not_picked":["Beam Cell","Darkness","Leap+1","Steam Power+1"],"picked":"SKIP","floor":41},{"not_picked":["Beam Cell","Lockon","Ball Lightning"],"picked":"Cold Snap+1","floor":44},{"not_picked":["Hello World+1","Beam Cell","Sweeping Beam","Sunder+1"],"picked":"SKIP","floor":45},{"not_picked":["Heatsinks","Ball Lightning","Creative AI","Rebound"],"picked":"SKIP","floor":47},{"not_picked":["Rebound","Force Field+1","Auto Shields+1"],"picked":"Barrage+1","floor":48}],"player_experience":577583,"relics_obtained":[{"floor":6,"key":"Anchor"},{"floor":8,"key":"War Paint"},{"floor":9,"key":"MawBank"},{"floor":29,"key":"Question Card"},{"floor":41,"key":"Smiling Mask"},{"floor":45,"key":"Blue Candle"}],"event_choices":[{"damage_healed":0,"gold_gain":0,"player_choice":"Entered Light","damage_taken":15,"max_hp_gain":0,"max_hp_loss":0,"event_name":"Shining Light","floor":3,"gold_loss":0,"cards_upgraded":["Defend_B","Strike_B"]},{"damage_healed":0,"gold_gain":0,"player_choice":"Obtained Relic","damage_taken":0,"relics_obtained":["Meat on the Bone"],"max_hp_gain":0,"max_hp_loss":0,"event_name":"Addict","floor":21,"gold_loss":85},{"cards_removed":["Defend_B"],"damage_healed":0,"gold_gain":0,"player_choice":"Gave Gold","damage_taken":0,"max_hp_gain":0,"max_hp_loss":0,"event_name":"Beggar","floor":24,"gold_loss":75},{"damage_healed":0,"gold_gain":0,"player_choice":"0 cards matched","damage_taken":0,"max_hp_gain":0,"max_hp_loss":0,"event_name":"Match and Keep!","floor":31,"gold_loss":0,"cards_obtained":[]}],"is_beta":false,"boss_relics":[{"not_picked":["Empty Cage","Coffee Dripper"],"picked":"Cursed Key"},{"not_picked":["Eternal Feather","Busted Crown"],"picked":"Philosopher\u0027s Stone"}],"items_purged_floors":[28,39],"is_endless":false,"potions_floor_spawned":[1,4,6,12,14,16,18,19,22,36,41,44,45,47],"ascension_level":0}