{"gold_per_floor":[111,136,136,148,323,350,350,43,43,43,56,70,70,95,95,196,196,213,213,20,37,57,57,84,84,155,155,167,167,182,182,182,182],"floor_reached":33,"playtime":2488,"items_purged":["Doubt","Storm"],"score":382,"play_id":"a3b00941-27de-475a-b0e3-06b13c069b42","local_time":"20190715001428","is_ascension_mode":true,"campfire_choices":[{"data":"Zap","floor":7,"key":"SMITH"},{"data":"Dualcast","floor":10,"key":"SMITH"},{"data":"Defragment","floor":15,"key":"SMITH"},{"data":"Conserve Battery","floor":23,"key":"SMITH"},{"data":"Leap","floor":25,"key":"SMITH"},{"data":"Capacitor","floor":27,"key":"SMITH"},{"floor":32,"key":"REST"}],"neow_cost":"NONE","seed_source_timestamp":689266609545387,"circlet_count":0,"master_deck":["Zap+1","Dualcast+1","FTL","BootSequence","Leap+1","Hologram+1","Defragment+1","Capacitor+1","Self Repair","All For One","BootSequence","Static Discharge","Loop","Gash+1","Streamline","Conserve Battery+1","Streamline+1","Steam","Fission","Stack"],"relics":["Cracked Core","Art of War","Dodecahedron","Lee\u0027s Waffle","Bag of Preparation","Ancient Tea Set","Pandora\u0027s Box","Molten Egg 2","Cables","Sundial"],"potions_floor_usage":[6,6,16,16,22,28],"damage_taken":[{"damage":1,"enemies":"Cultist","floor":1,"turns":3},{"damage":3,"enemies":"2 Louse","floor":4,"turns":3},{"damage":57,"enemies":"Gremlin Nob","floor":6,"turns":5},{"damage":0,"enemies":"Small Slimes","floor":11,"turns":3},{"damage":0,"enemies":"Looter","floor":12,"turns":4},{"damage":19,"enemies":"3 Sentries","floor":14,"turns":7},{"damage":27,"enemies":"Slime Boss","floor":16,"turns":8},{"damage":9,"enemies":"Shell Parasite","floor":18,"turns":3},{"damage":0,"enemies":"Spheric Guardian","floor":21,"turns":3},{"damage":30,"enemies":"3 Cultists","floor":22,"turns":4},{"damage":20,"enemies":"Book of Stabbing","floor":24,"turns":4},{"damage":5,"enemies":"Snake Plant","floor":28,"turns":3},{"damage":19,"enemies":"Snecko","floor":30,"turns":4},{"damage":54,"enemies":"Automaton","floor":33,"turns":6}],"seed_played":"-5947563774040293695","potions_obtained":[{"floor":1,"key":"AttackPotion"},{"floor":4,"key":"Regen Potion"},{"floor":12,"key":"Ancient Potion"},{"floor":14,"key":"AttackPotion"},{"floor":16,"key":"Fruit Juice"},{"floor":21,"key":"Explosive Potion"},{"floor":24,"key":"Fire Potion"}],"is_trial":false,"path_per_floor":["M","T","?","M","?","E","R","$","T","R","M","M","$","E","R","B",null,"M","?","$","M","M","R","E","R","T","R","M","?","M","?","R","B"],"character_chosen":"DEFECT","items_purchased":["Hologram","Lee\u0027s Waffle","Streamline","Conserve Battery"],"campfire_rested":1,"item_purchase_floors":[8,8,20,20],"current_hp_per_floor":[67,67,60,57,57,9,9,82,82,82,82,82,82,63,63,48,77,75,75,75,82,59,59,39,39,39,39,41,41,22,22,48,0],"gold":182,"neow_bonus":"REMOVE_CARD","is_prod":false,"is_daily":false,"chose_seed":false,"campfire_upgraded":6,"win_rate":0,"timestamp":1563117268,"path_taken":["M","?","?","M","?","E","R","$","T","R","M","M","$","E","R","BOSS","M","?","$","M","?","R","E","R","T","R","M","?","M","?","R","BOSS"],"build_version":"2019-07-05","purchased_purges":2,"victory":false,"max_hp_per_floor":[75,75,75,75,75,75,75,82,82,82,82,82,82,82,82,87,87,87,87,87,87,87,87,87,87,87,87,87,87,87,87,87,87],"card_choices":[{"not_picked":["Recycle","Steam"],"picked":"FTL","floor":1},{"not_picked":["Recycle","Steam"],"picked":"BootSequence","floor":4},{"not_picked":["Redo","Doom and Gloom"],"picked":"Leap","floor":6},{"not_picked":["Reinforced Body","Stack"],"picked":"Defragment","floor":11},{"not_picked":["Storm","Gash"],"picked":"Capacitor","floor":12},{"not_picked":["Steam Power","Stack"],"picked":"Self Repair","floor":14},{"not_picked":["Amplify","Biased Cognition"],"picked":"All For One","floor":16},{"not_picked":["Blizzard","Leap"],"picked":"Gash+1","floor":18},{"not_picked":["Beam Cell","Rip and Tear","Self Repair+1"],"picked":"SKIP","floor":21},{"not_picked":["Hologram","Double Energy"],"picked":"Streamline+1","floor":22},{"not_picked":["Streamline","Heatsinks"],"picked":"Steam","floor":24},{"not_picked":["Beam Cell+1","Cold Snap+1","Lockon+1"],"picked":"SKIP","floor":28},{"not_picked":["Darkness","Streamline+1","Storm+1"],"picked":"SKIP","floor":30}],"player_experience":266721,"relics_obtained":[{"floor":2,"key":"Art of War"},{"floor":6,"key":"Dodecahedron"},{"floor":9,"key":"Bag of Preparation"},{"floor":14,"key":"Ancient Tea Set"},{"floor":24,"key":"Molten Egg 2"},{"floor":26,"key":"Cables"}],"event_choices":[{"cards_removed":["Strike_B"],"damage_healed":0,"gold_gain":0,"player_choice":"Card Removal","damage_taken":7,"max_hp_gain":0,"max_hp_loss":0,"event_name":"Golden Wing","floor":3,"gold_loss":0},{"damage_healed":0,"gold_gain":175,"player_choice":"AGREE","damage_taken":0,"max_hp_gain":0,"max_hp_loss":0,"event_name":"Liars Game","floor":5,"gold_loss":0,"cards_obtained":["Doubt"]},{"damage_healed":0,"gold_gain":0,"player_choice":"Forge","damage_taken":0,"max_hp_gain":0,"max_hp_loss":0,"event_name":"Accursed Blacksmith","floor":19,"gold_loss":0,"cards_upgraded":["Hologram"]},{"damage_healed":0,"gold_gain":0,"player_choice":"Opened","damage_taken":0,"relics_obtained":["Sundial"],"max_hp_gain":0,"max_hp_loss":0,"event_name":"The Mausoleum","floor":29,"gold_loss":0},{"damage_healed":0,"gold_gain":0,"cards_transformed":["Compile Driver","Storm"],"player_choice":"Became Test Subject","damage_taken":0,"max_hp_gain":0,"max_hp_loss":0,"event_name":"Drug Dealer","floor":31,"gold_loss":0,"cards_obtained":["Fission","Stack"]}],"is_beta":false,"boss_relics":[{"not_picked":["Busted Crown","Ectoplasm"],"picked":"Pandora\u0027s Box"}],"items_purged_floors":[8,20],"is_endless":false,"potions_floor_spawned":[1,4,12,14,16,21,24],"killed_by":"Automaton","ascension_level":8}