{"gold_per_floor":[111,111,36,54,54,85,85,85,162,162,177,195,195,56,56,56],"floor_reached":16,"playtime":490,"items_purged":["Strike_B","Defend_B"],"score":221,"play_id":"5d4199b4-3209-4e8a-8bdd-58043ed06b04","local_time":"20190819014054","is_ascension_mode":true,"campfire_choices":[{"data":"Zap","floor":8,"key":"SMITH"},{"data":"Dualcast","floor":10,"key":"SMITH"},{"data":"Glacier","floor":13,"key":"SMITH"},{"data":"Redo","floor":15,"key":"SMITH"}],"neow_cost":"NONE","seed_source_timestamp":1507535997299124,"circlet_count":0,"master_deck":["AscendersBane","Strike_B","Strike_B","Strike_B","Defend_B","Defend_B","Defend_B","Zap+1","Dualcast+1","Chill","Glacier+1","Redo+1","Defragment"],"relics":["Cracked Core","NeowsBlessing","Lantern","Golden Idol","Pantograph"],"potions_floor_usage":[],"damage_taken":[{"damage":0,"enemies":"2 Louse","floor":1,"turns":1},{"damage":0,"enemies":"Cultist","floor":4,"turns":1},{"damage":0,"enemies":"3 Sentries","floor":6,"turns":1},{"damage":0,"enemies":"Small Slimes","floor":11,"turns":3},{"damage":18,"enemies":"Exordium Wildlife","floor":12,"turns":7},{"damage":43,"enemies":"Slime Boss","floor":16,"turns":13}],"seed_played":"49138458520421311","potions_obtained":[{"floor":6,"key":"SteroidPotion"}],"is_trial":false,"path_per_floor":["M","?","$","M","?","E","?","R","T","R","M","M","R","$","R","B"],"character_chosen":"DEFECT","items_purchased":["Defragment"],"campfire_rested":0,"item_purchase_floors":[14],"current_hp_per_floor":[64,60,60,60,60,60,36,36,36,36,36,18,18,18,18,0],"gold":56,"neow_bonus":"THREE_ENEMY_KILL","is_prod":false,"is_daily":false,"chose_seed":false,"campfire_upgraded":4,"win_rate":0,"timestamp":1566146454,"path_taken":["M","?","$","?","?","E","?","R","T","R","M","M","R","?","R","BOSS"],"build_version":"2019-07-17","purchased_purges":2,"victory":false,"max_hp_per_floor":[71,71,71,71,71,71,71,71,71,71,71,71,71,71,71,71],"card_choices":[{"not_picked":["Sweeping Beam","Turbo","Scrape"],"picked":"SKIP","floor":1},{"not_picked":["White Noise","Steam"],"picked":"Chill","floor":4},{"not_picked":["Heatsinks","Double Energy","Barrage"],"picked":"SKIP","floor":6},{"not_picked":["Storm","Rebound"],"picked":"Glacier","floor":11},{"not_picked":["Beam Cell","Rebound"],"picked":"Redo","floor":12}],"player_experience":508808,"relics_obtained":[{"floor":6,"key":"Lantern"},{"floor":9,"key":"Pantograph"}],"event_choices":[{"damage_healed":0,"gold_gain":0,"player_choice":"Bought 0 Potions","damage_taken":0,"max_hp_gain":0,"max_hp_loss":0,"event_name":"The Woman in Blue","floor":2,"gold_loss":0},{"damage_healed":0,"gold_gain":0,"player_choice":"Ignored","damage_taken":0,"max_hp_gain":0,"max_hp_loss":0,"event_name":"Liars Game","floor":5,"gold_loss":0},{"damage_healed":0,"gold_gain":0,"player_choice":"Take Damage","damage_taken":24,"relics_obtained":["Golden Idol"],"max_hp_gain":0,"max_hp_loss":0,"event_name":"Golden Idol","floor":7,"gold_loss":0}],"is_beta":false,"boss_relics":[],"items_purged_floors":[3,14],"is_endless":false,"potions_floor_spawned":[6],"killed_by":"Slime Boss","ascension_level":16}