{"gold_per_floor":[109,122,135,148,158,158,158,189,189,225,225],"floor_reached":11,"playtime":986,"items_purged":[],"score":106,"play_id":"3b0d3072-cbda-49a5-be84-b53428d4e54b","local_time":"20190719084825","is_ascension_mode":true,"campfire_choices":[{"data":"Berserk","floor":6,"key":"SMITH"}],"neow_cost":"NONE","seed_source_timestamp":315750505858481,"circlet_count":0,"master_deck":["Strike_R","Strike_R","Strike_R","Strike_R","Defend_R","Defend_R","Defend_R","Defend_R","Bash","Reckless Charge","Twin Strike","Pommel Strike","Berserk+1","Seeing Red","Clothesline","Thunderclap"],"relics":["Burning Blood","Golden Idol","Blood Vial","Question Card","Dodecahedron"],"potions_floor_usage":[5,8],"damage_taken":[{"damage":1,"enemies":"Cultist","floor":1,"turns":4},{"damage":7,"enemies":"Small Slimes","floor":2,"turns":4},{"damage":0,"enemies":"2 Louse","floor":3,"turns":3},{"damage":11,"enemies":"Blue Slaver","floor":4,"turns":3},{"damage":1,"enemies":"Large Slime","floor":5,"turns":5},{"damage":25,"enemies":"Lagavulin","floor":8,"turns":7},{"damage":28,"enemies":"Gremlin Nob","floor":10,"turns":4},{"damage":26,"enemies":"Gremlin Gang","floor":11,"turns":2}],"seed_played":"-6635255379963396484","potions_obtained":[{"floor":1,"key":"AttackPotion"},{"floor":3,"key":"Block Potion"}],"is_trial":false,"path_per_floor":["M","M","M","M","M","R","?","E","T","E","M"],"character_chosen":"IRONCLAD","items_purchased":[],"campfire_rested":0,"item_purchase_floors":[],"current_hp_per_floor":[80,79,80,75,80,80,60,41,41,21,0],"gold":225,"neow_bonus":"REMOVE_CARD","is_prod":false,"is_daily":false,"chose_seed":false,"campfire_upgraded":1,"win_rate":0,"timestamp":1563540505,"path_taken":["M","M","?","M","M","R","?","E","T","E","M"],"build_version":"2019-07-17","purchased_purges":0,"victory":false,"max_hp_per_floor":[80,80,80,80,80,80,80,80,80,80,80],"card_choices":[{"not_picked":["Anger","Twin Strike"],"picked":"Reckless Charge","floor":1},{"not_picked":["Blood for Blood","Entrench"],"picked":"Twin Strike","floor":2},{"not_picked":["True Grit","Flex"],"picked":"Pommel Strike","floor":3},{"not_picked":["Twin Strike","Pummel"],"picked":"Berserk","floor":4},{"not_picked":["Second Wind","Warcry"],"picked":"Seeing Red","floor":5},{"not_picked":["Dropkick","Rampage"],"picked":"Clothesline","floor":8},{"not_picked":["Flex","Clothesline","Sever Soul"],"picked":"Thunderclap","floor":10}],"player_experience":253193,"relics_obtained":[{"floor":8,"key":"Blood Vial"},{"floor":9,"key":"Question Card"},{"floor":10,"key":"Dodecahedron"}],"event_choices":[{"damage_healed":0,"gold_gain":0,"player_choice":"Take Damage","damage_taken":20,"relics_obtained":["Golden Idol"],"max_hp_gain":0,"max_hp_loss":0,"event_name":"Golden Idol","floor":7,"gold_loss":0}],"is_beta":false,"boss_relics":[],"items_purged_floors":[],"is_endless":false,"potions_floor_spawned":[1,3],"killed_by":"Gremlin Gang","ascension_level":5}