{"gold_per_floor":[218,46,46,57,75,75,75,25,25,38,113,123,123,135,135,135],"floor_reached":16,"playtime":2061,"items_purged":["Strike_G"],"score":101,"play_id":"9fc8a07b-3bf4-4044-a135-55e6179f4599","local_time":"20180914110856","is_ascension_mode":true,"campfire_choices":[{"data":"Prepared","floor":7,"key":"SMITH"},{"data":"Prepared","floor":13,"key":"SMITH"},{"floor":15,"key":"REST"}],"neow_cost":"NONE","seed_source_timestamp":136581128110436,"circlet_count":0,"master_deck":["Defend_G","Defend_G","Defend_G","Defend_G","Defend_G","Strike_G","Strike_G","Survivor","Neutralize","Prepared+1","Well Laid Plans","Prepared+1","Outmaneuver","Acrobatics","Tactician","Adrenaline"],"relics":["Ring of the Snake","NlothsMask"],"potions_floor_usage":[12,16],"damage_taken":[{"damage":0,"enemies":"2 Louse","floor":1,"turns":4},{"damage":1,"enemies":"Cultist","floor":4,"turns":6},{"damage":0,"enemies":"Small Slimes","floor":5,"turns":4},{"damage":1,"enemies":"2 Fungi Beasts","floor":10,"turns":7},{"damage":18,"enemies":"Exordium Thugs","floor":12,"turns":10},{"damage":16,"enemies":"Lots of Slimes","floor":14,"turns":9},{"damage":48,"enemies":"Slime Boss","floor":16,"turns":12}],"seed_played":"-6061902211239438016","potions_obtained":[{"floor":4,"key":"Dexterity Potion"},{"floor":12,"key":"Energy Potion"},{"floor":14,"key":"Ancient Potion"}],"is_trial":false,"path_per_floor":["M","$","?","M","M","?","R","?","T","M","?","M","R","M","R"],"character_chosen":"THE_SILENT","items_purchased":["Well Laid Plans","Prepared"],"campfire_rested":1,"item_purchase_floors":[2,2],"current_hp_per_floor":[70,70,70,69,69,69,69,69,69,68,57,39,39,23,44,0],"gold":135,"neow_bonus":"HUNDRED_GOLD","is_prod":false,"is_daily":false,"chose_seed":false,"campfire_upgraded":2,"win_rate":0,"timestamp":1536941336,"path_taken":["M","$","?","M","M","?","R","?","T","M","?","M","R","M","R","BOSS"],"build_version":"2018-09-06","purchased_purges":1,"victory":false,"max_hp_per_floor":[70,70,70,70,70,70,70,70,70,70,70,70,70,70,70,70],"card_choices":[{"not_picked":["Cloak And Dagger","Deflect"],"picked":"Prepared","floor":1},{"not_picked":["Flechettes","Slice"],"picked":"Outmaneuver","floor":4},{"not_picked":["Backflip","Deflect"],"picked":"Acrobatics","floor":5},{"not_picked":["Terror","Leg Sweep"],"picked":"Tactician","floor":10},{"not_picked":["Endless Agony","Expertise","Dodge and Roll"],"picked":"SKIP","floor":12},{"not_picked":["Caltrops","Accuracy"],"picked":"Adrenaline","floor":14}],"player_experience":99681,"relics_obtained":[],"event_choices":[{"event_name":"FaceTrader","player_choice":"Trade","floor":3,"damage_taken":0},{"event_name":"Purifier","player_choice":"One Purge","floor":6,"damage_taken":0},{"event_name":"The Cleric","player_choice":"Card Removal","floor":8,"damage_taken":0},{"event_name":"World of Goop","player_choice":"Gather Gold","floor":11,"damage_taken":0}],"is_beta":false,"boss_relics":[],"items_purged_floors":[2],"is_endless":false,"potions_floor_spawned":[4,12,14],"killed_by":"Slime Boss","ascension_level":2}