{"gold_per_floor":[115,115,125,135,135,168,168,168,168,168],"floor_reached":10,"playtime":560,"items_purged":[],"score":69,"play_id":"af10a674-6ac9-4cd2-a4d8-ceafba5d926d","local_time":"20190127154438","is_ascension_mode":true,"campfire_choices":[{"data":"Barricade","floor":7,"key":"SMITH"}],"neow_cost":"NONE","seed_source_timestamp":649834060174315,"circlet_count":0,"master_deck":["Strike_R","Strike_R","Strike_R","Strike_R","Defend_R","Defend_R","Defend_R","Defend_R","Bash","Inflame","Dual Wield","Shrug It Off","Seeing Red","Iron Wave","Barricade+1","Headbutt","Bloodletting","Regret","Pummel"],"relics":["Orrery","Thread and Needle","Nunchaku","Du-Vu Doll","Shuriken"],"potions_floor_usage":[],"damage_taken":[{"damage":0,"enemies":"Small Slimes","floor":1,"turns":4},{"damage":2,"enemies":"Cultist","floor":3,"turns":5},{"damage":12,"enemies":"2 Louse","floor":4,"turns":4},{"damage":55,"enemies":"Lagavulin","floor":6,"turns":10},{"damage":19,"enemies":"Gremlin Nob","floor":10,"turns":3}],"seed_played":"5617450177015161241","potions_obtained":[{"floor":1,"key":"Ancient Potion"}],"is_trial":false,"path_per_floor":["M","?","M","M","?","E","R","T","T","E"],"character_chosen":"IRONCLAD","items_purchased":[],"campfire_rested":0,"item_purchase_floors":[],"current_hp_per_floor":[80,80,78,66,66,11,11,11,11,0],"gold":168,"neow_bonus":"BOSS_RELIC","is_prod":false,"is_daily":false,"chose_seed":false,"campfire_upgraded":1,"win_rate":0,"timestamp":1548621878,"path_taken":["M","?","?","M","?","E","R","?","T","E"],"build_version":"2019-01-23","purchased_purges":0,"victory":false,"max_hp_per_floor":[80,80,80,80,80,80,80,80,80,80],"card_choices":[{"not_picked":["Armaments","Pommel Strike"],"picked":"Inflame","floor":0},{"not_picked":["Feel No Pain","True Grit"],"picked":"Dual Wield","floor":0},{"not_picked":["Rupture","Armaments"],"picked":"Shrug It Off","floor":0},{"not_picked":["Clash","Anger"],"picked":"Seeing Red","floor":0},{"not_picked":["Havoc","Pommel Strike"],"picked":"Iron Wave","floor":0},{"not_picked":["Headbutt","Warcry"],"picked":"Barricade","floor":1},{"not_picked":["Clash","Twin Strike"],"picked":"Headbutt","floor":3},{"not_picked":["Sword Boomerang","Perfected Strike"],"picked":"Bloodletting","floor":4},{"not_picked":["Dropkick","Sword Boomerang"],"picked":"Pummel","floor":6}],"player_experience":122723,"relics_obtained":[{"floor":6,"key":"Nunchaku"},{"floor":8,"key":"Du-Vu Doll"},{"floor":9,"key":"Shuriken"}],"event_choices":[{"cards_removed":["Strike_R"],"damage_healed":0,"gold_gain":0,"player_choice":"Offered Basic","damage_taken":0,"max_hp_gain":0,"max_hp_loss":0,"event_name":"Bonfire Elementals","floor":2,"gold_loss":0},{"damage_healed":0,"gold_gain":0,"player_choice":"Box","damage_taken":0,"relics_obtained":["Thread and Needle"],"max_hp_gain":0,"max_hp_loss":0,"event_name":"Big Fish","floor":5,"gold_loss":0,"cards_obtained":["Regret"]}],"is_beta":false,"boss_relics":[],"items_purged_floors":[],"is_endless":false,"potions_floor_spawned":[1],"killed_by":"Gremlin Nob","ascension_level":1}