{"gold_per_floor":[116,116,129,204,34,44,72,101,101,101,165,52,2,15,15,115,115,130,130,130,130,150,169,169,189,189,189,240,240,167,186,186,186],"floor_reached":33,"playtime":2789,"items_purged":["Strike_R"],"score":268,"play_id":"ce55fe1f-7187-4def-83c2-f6c2b1cb4f26","local_time":"20190104124329","is_ascension_mode":false,"campfire_choices":[{"floor":10,"key":"REST"},{"data":"Searing Blow","floor":15,"key":"SMITH"},{"data":"Searing Blow+1","floor":24,"key":"SMITH"},{"data":"Searing Blow+2","floor":27,"key":"SMITH"},{"data":"Searing Blow+3","floor":32,"key":"SMITH"}],"neow_cost":"NONE","seed_source_timestamp":256310520576400,"circlet_count":0,"master_deck":["Strike_R+1","Strike_R+1","Defend_R+1","Defend_R+1","Defend_R+1","Defend_R+1","Bash","Finesse","Iron Wave","Battle Trance","Armaments","Feed","Disarm","Dropkick","Flame Barrier","Searing Blow+4","Brutality","Ghostly Armor+1","Armaments+1","Whirlwind","Inflame"],"relics":["Burning Blood","Paper Frog","Odd Mushroom","Bottled Lightning","Charon\u0027s Ashes","Sozu","Question Card","Centennial Puzzle"],"potions_floor_usage":[7,16,16,25],"damage_taken":[{"damage":0,"enemies":"Small Slimes","floor":1,"turns":3},{"damage":1,"enemies":"Jaw Worm","floor":3,"turns":3},{"damage":2,"enemies":"2 Louse","floor":6,"turns":5},{"damage":30,"enemies":"3 Sentries","floor":7,"turns":13},{"damage":18,"enemies":"The Mushroom Lair","floor":8,"turns":8},{"damage":11,"enemies":"Gremlin Nob","floor":11,"turns":4},{"damage":4,"enemies":"2 Fungi Beasts","floor":14,"turns":4},{"damage":25,"enemies":"Hexaghost","floor":16,"turns":15},{"damage":29,"enemies":"Spheric Guardian","floor":18,"turns":6},{"damage":10,"enemies":"Shell Parasite","floor":22,"turns":8},{"damage":18,"enemies":"Centurion and Healer","floor":23,"turns":9},{"damage":3,"enemies":"Snecko","floor":25,"turns":5},{"damage":7,"enemies":"Snake Plant","floor":31,"turns":4},{"damage":124,"enemies":"Automaton","floor":33,"turns":12}],"seed_played":"2270089681335849400","potions_obtained":[{"floor":1,"key":"EssenceOfSteel"},{"floor":6,"key":"Fire Potion"},{"floor":11,"key":"AttackPotion"},{"floor":14,"key":"SkillPotion"}],"is_trial":false,"path_per_floor":["M","?","M","?","$","M","E","?","T","R","?","$","?","M","R","B",null,"M","?","?","?","M","M","R","M","T","R","T","?","$","M","R","B"],"character_chosen":"IRONCLAD","items_purchased":["Armaments","Feed","Searing Blow","Inflame"],"campfire_rested":1,"item_purchase_floors":[5,5,12,30],"current_hp_per_floor":[80,80,80,69,69,77,56,47,47,74,72,72,72,77,77,58,96,73,73,73,73,72,64,64,71,71,71,71,71,71,70,70,0],"gold":186,"neow_bonus":"RANDOM_COLORLESS","is_prod":false,"is_daily":false,"chose_seed":false,"campfire_upgraded":4,"win_rate":0.0,"timestamp":1546605809,"path_taken":["M","?","M","?","$","M","E","?","T","R","?","$","?","M","R","BOSS","M","?","?","?","?","M","R","M","T","R","?","?","$","M","R","BOSS"],"build_version":"2019-01-03v3","purchased_purges":1,"victory":false,"max_hp_per_floor":[80,80,80,80,80,84,87,90,90,90,93,93,93,96,96,96,96,96,96,96,96,99,103,103,107,107,107,107,107,107,107,107,107],"card_choices":[{"not_picked":["True Grit","Heavy Blade"],"picked":"Iron Wave","floor":1},{"not_picked":["Perfected Strike","Clothesline"],"picked":"Battle Trance","floor":3},{"not_picked":["Twin Strike","Armaments","Cleave"],"picked":"SKIP","floor":6},{"not_picked":["Anger","Second Wind"],"picked":"Disarm","floor":7},{"not_picked":["Body Slam","Heavy Blade"],"picked":"Dropkick","floor":8},{"not_picked":["Thunderclap","Carnage"],"picked":"Flame Barrier","floor":11},{"not_picked":["Clash","Burning Pact","Double Tap"],"picked":"SKIP","floor":14},{"not_picked":["Offering","Double Tap"],"picked":"Brutality","floor":16},{"not_picked":["Body Slam","Sword Boomerang+1"],"picked":"Ghostly Armor+1","floor":18},{"not_picked":["Metallicize","Anger"],"picked":"Armaments+1","floor":22},{"not_picked":["Heavy Blade","Iron Wave+1"],"picked":"Whirlwind","floor":23},{"not_picked":["Heavy Blade","Shrug It Off+1","True Grit"],"picked":"SKIP","floor":25},{"not_picked":["Anger","Cleave","Headbutt+1","Hemokinesis"],"picked":"SKIP","floor":31}],"player_experience":25935,"relics_obtained":[{"floor":7,"key":"Paper Frog"},{"floor":8,"key":"Odd Mushroom"},{"floor":9,"key":"Bottled Lightning"},{"floor":11,"key":"Charon\u0027s Ashes"},{"floor":26,"key":"Question Card"},{"floor":28,"key":"Centennial Puzzle"}],"event_choices":[{"cards_removed":["Strike_R"],"damage_healed":0,"gold_gain":0,"player_choice":"Forget","damage_taken":0,"max_hp_gain":0,"max_hp_loss":0,"event_name":"Living Wall","floor":2,"gold_loss":0},{"damage_healed":0,"gold_gain":75,"player_choice":"Gather Gold","damage_taken":11,"max_hp_gain":0,"max_hp_loss":0,"event_name":"World of Goop","floor":4,"gold_loss":0},{"damage_healed":0,"gold_gain":0,"player_choice":"Fought Mushrooms","damage_taken":0,"max_hp_gain":0,"max_hp_loss":0,"event_name":"Mushrooms","floor":8,"gold_loss":0},{"damage_healed":0,"gold_gain":0,"player_choice":"Searched \u00271\u0027 times","damage_taken":0,"max_hp_gain":0,"max_hp_loss":0,"event_name":"Dead Adventurer","floor":11,"gold_loss":0},{"cards_removed":["Strike_R"],"damage_healed":0,"gold_gain":0,"player_choice":"Card Removal","damage_taken":0,"max_hp_gain":0,"max_hp_loss":0,"event_name":"The Cleric","floor":13,"gold_loss":50},{"damage_healed":0,"gold_gain":0,"player_choice":"Simplicity","damage_taken":0,"max_hp_gain":0,"max_hp_loss":0,"event_name":"Back to Basics","floor":19,"gold_loss":0,"cards_upgraded":["Strike_R","Strike_R","Defend_R","Defend_R","Defend_R","Defend_R"]},{"damage_healed":0,"gold_gain":0,"player_choice":"Ignored","damage_taken":0,"max_hp_gain":0,"max_hp_loss":0,"event_name":"Ghosts","floor":20,"gold_loss":0},{"damage_healed":0,"gold_gain":0,"player_choice":"Got Potions","damage_taken":0,"max_hp_gain":0,"max_hp_loss":0,"event_name":"Lab","floor":21,"gold_loss":0},{"damage_healed":0,"gold_gain":0,"player_choice":"Bought 0 Potions","damage_taken":0,"max_hp_gain":0,"max_hp_loss":0,"event_name":"The Woman in Blue","floor":29,"gold_loss":0}],"is_beta":false,"boss_relics":[{"not_picked":["Coffee Dripper","Runic Pyramid"],"picked":"Sozu"}],"items_purged_floors":[12],"is_endless":false,"potions_floor_spawned":[1,6,11,14,22,23],"killed_by":"Automaton","ascension_level":0}