{"gold_per_floor":[118,118,118,137,154,185,203,222,273,304,155,169,189,199,199,199],"floor_reached":16,"playtime":1775,"items_purged":["Doubt"],"score":122,"play_id":"41514052-7392-48ad-b0ab-68cb49310399","local_time":"20190117184052","is_ascension_mode":true,"campfire_choices":[{"data":"Defragment","floor":15,"key":"SMITH"}],"neow_cost":"NONE","seed_source_timestamp":80542210312600,"circlet_count":0,"master_deck":["Strike_B","Strike_B","Strike_B","Strike_B","Defend_B","Defend_B","Defend_B","Defend_B","Zap","Dualcast","Steam","Glacier","Coolheaded","BootSequence","Sweeping Beam","Skim","Defragment+1","Conserve Battery","Self Repair"],"relics":["Cracked Core","NeowsBlessing","Pear","Ornamental Fan","Anchor","Orichalcum"],"potions_floor_usage":[10,13,13,16,16],"damage_taken":[{"damage":0,"enemies":"2 Louse","floor":1,"turns":1},{"damage":0,"enemies":"Small Slimes","floor":4,"turns":1},{"damage":0,"enemies":"Cultist","floor":5,"turns":1},{"damage":56,"enemies":"3 Sentries","floor":6,"turns":31},{"damage":5,"enemies":"3 Louse","floor":7,"turns":6},{"damage":0,"enemies":"Blue Slaver","floor":8,"turns":3},{"damage":8,"enemies":"Gremlin Nob","floor":10,"turns":5},{"damage":5,"enemies":"Large Slime","floor":12,"turns":9},{"damage":5,"enemies":"Exordium Thugs","floor":13,"turns":6},{"damage":1,"enemies":"Looter","floor":14,"turns":4},{"damage":17,"enemies":"Hexaghost","floor":16,"turns":17}],"seed_played":"-4420600142729502951","potions_obtained":[{"floor":6,"key":"EntropicBrew"},{"floor":8,"key":"Fire Potion"},{"floor":14,"key":"LiquidBronze"}],"is_trial":false,"path_per_floor":["M","?","?","M","M","E","M","M","T","E","$","M","M","M","R","B"],"character_chosen":"DEFECT","items_purchased":["Defragment"],"campfire_rested":0,"item_purchase_floors":[11],"current_hp_per_floor":[75,85,85,85,85,29,24,24,24,16,16,11,6,12,12,0],"gold":199,"neow_bonus":"THREE_ENEMY_KILL","is_prod":false,"is_daily":false,"chose_seed":false,"campfire_upgraded":1,"win_rate":0,"timestamp":1547750452,"path_taken":["M","?","?","M","?","E","M","M","T","E","$","M","M","M","R","BOSS"],"build_version":"2019-01-10","purchased_purges":1,"victory":false,"max_hp_per_floor":[75,85,85,85,85,85,85,85,85,85,85,85,85,85,85,85],"card_choices":[{"not_picked":["Go for the Eyes","Hologram"],"picked":"Steam","floor":1},{"not_picked":["Ball Lightning","Redo"],"picked":"Glacier","floor":4},{"not_picked":["Redo","Compile Driver"],"picked":"Coolheaded","floor":5},{"not_picked":["Scrape","Undo"],"picked":"BootSequence","floor":6},{"not_picked":["Lockon","Heatsinks"],"picked":"Sweeping Beam","floor":7},{"not_picked":["Leap","Tempest","Steam"],"picked":"SKIP","floor":8},{"not_picked":["FTL","Rainbow"],"picked":"Skim","floor":10},{"not_picked":["Auto Shields","Turbo"],"picked":"Conserve Battery","floor":12},{"not_picked":["Fusion","Force Field"],"picked":"Self Repair","floor":13},{"not_picked":["Turbo","Hologram","Coolheaded"],"picked":"SKIP","floor":14}],"player_experience":114973,"relics_obtained":[{"floor":6,"key":"Ornamental Fan"},{"floor":9,"key":"Anchor"},{"floor":10,"key":"Orichalcum"}],"event_choices":[{"damage_healed":0,"gold_gain":0,"player_choice":"Box","damage_taken":0,"relics_obtained":["Pear"],"max_hp_gain":0,"max_hp_loss":0,"event_name":"Big Fish","floor":2,"gold_loss":0,"cards_obtained":["Regret"]},{"damage_healed":0,"gold_gain":0,"cards_transformed":["Regret"],"player_choice":"Transformed","damage_taken":0,"max_hp_gain":0,"max_hp_loss":0,"event_name":"Transmorgrifier","floor":3,"gold_loss":0,"cards_obtained":["Doubt"]}],"is_beta":false,"boss_relics":[],"items_purged_floors":[11],"is_endless":false,"potions_floor_spawned":[6,8,14],"killed_by":"Hexaghost","ascension_level":1}