{"gold_per_floor":[117,131,147,162,176,211,211,240,240,260,274,306,306,322,322,322],"floor_reached":16,"playtime":1084,"items_purged":[],"score":126,"play_id":"91aabd13-19f1-4717-aaba-c7d42c98220b","local_time":"20181230151648","is_ascension_mode":false,"campfire_choices":[{"floor":15,"key":"REST"}],"neow_cost":"NONE","seed_source_timestamp":15167194935955,"circlet_count":0,"master_deck":["Strike_B","Strike_B","Strike_B","Strike_B","Defend_B+1","Defend_B","Defend_B","Defend_B","Zap","Dualcast","Go for the Eyes","Leap","Sunder","Steam","Ball Lightning","Reinforced Body","Skim","Lockon","Streamline","Redo","Decay","Undo"],"relics":["Cracked Core","Centennial Puzzle","Calipers","Matryoshka","Orichalcum"],"potions_floor_usage":[8],"damage_taken":[{"damage":0,"enemies":"Jaw Worm","floor":1,"turns":3},{"damage":0,"enemies":"Small Slimes","floor":2,"turns":3},{"damage":0,"enemies":"Cultist","floor":3,"turns":3},{"damage":7,"enemies":"Large Slime","floor":4,"turns":5},{"damage":1,"enemies":"Lots of Slimes","floor":5,"turns":6},{"damage":20,"enemies":"3 Sentries","floor":6,"turns":8},{"damage":2,"enemies":"Gremlin Nob","floor":8,"turns":5},{"damage":0,"enemies":"3 Louse","floor":10,"turns":2},{"damage":16,"enemies":"Exordium Wildlife","floor":11,"turns":5},{"damage":9,"enemies":"3 Sentries","floor":12,"turns":6},{"damage":1,"enemies":"Blue Slaver","floor":14,"turns":4},{"damage":43,"enemies":"The Guardian","floor":16,"turns":8}],"seed_played":"-6935313261855614295","potions_obtained":[{"floor":1,"key":"Poison Potion"},{"floor":2,"key":"SkillPotion"},{"floor":10,"key":"AttackPotion"},{"floor":11,"key":"Block Potion"}],"is_trial":false,"path_per_floor":["M","M","M","M","M","E","?","E","T","M","M","E","?","M","R","B"],"character_chosen":"DEFECT","items_purchased":[],"campfire_rested":1,"item_purchase_floors":[],"current_hp_per_floor":[75,75,75,68,67,47,47,45,45,45,29,20,20,19,41,0],"gold":322,"neow_bonus":"UPGRADE_CARD","is_prod":false,"is_daily":false,"chose_seed":false,"campfire_upgraded":0,"win_rate":0.0,"timestamp":1546179408,"path_taken":["M","M","M","M","M","E","?","E","T","M","M","E","?","M","R","BOSS"],"build_version":"2018-12-20","purchased_purges":0,"victory":false,"max_hp_per_floor":[75,75,75,75,75,75,75,75,75,75,75,75,75,75,75,75],"card_choices":[{"not_picked":["Static Discharge","Gash"],"picked":"Go for the Eyes","floor":1},{"not_picked":["Redo","Blizzard"],"picked":"Leap","floor":2},{"not_picked":["Cold Snap","Go for the Eyes"],"picked":"Sunder","floor":3},{"not_picked":["Turbo","Gash"],"picked":"Steam","floor":4},{"not_picked":["Beam Cell","Stack"],"picked":"Ball Lightning","floor":5},{"not_picked":["Compile Driver","Blizzard"],"picked":"Reinforced Body","floor":6},{"not_picked":["Fusion","Reinforced Body"],"picked":"Skim","floor":8},{"not_picked":["Ball Lightning","Force Field"],"picked":"Lockon","floor":10},{"not_picked":["Compile Driver","Steam"],"picked":"Streamline","floor":11},{"not_picked":["Echo Form","Chaos"],"picked":"Redo","floor":12},{"not_picked":["Streamline","Compile Driver"],"picked":"Undo","floor":14}],"player_experience":86522,"relics_obtained":[{"floor":6,"key":"Centennial Puzzle"},{"floor":8,"key":"Calipers"},{"floor":9,"key":"Matryoshka"},{"floor":12,"key":"Orichalcum"}],"event_choices":[{"damage_healed":0,"gold_gain":0,"player_choice":"Ignored","damage_taken":0,"max_hp_gain":0,"max_hp_loss":0,"event_name":"Liars Game","floor":7,"gold_loss":0},{"damage_healed":0,"gold_gain":0,"player_choice":"Cursed","damage_taken":0,"max_hp_gain":0,"max_hp_loss":0,"event_name":"Wheel of Change","floor":13,"gold_loss":0,"cards_obtained":["Decay"]}],"is_beta":false,"boss_relics":[],"items_purged_floors":[],"is_endless":false,"potions_floor_spawned":[1,2,10,11,14],"killed_by":"The Guardian","ascension_level":0}