{"gold_per_floor":[112,71,71,84,97,125,155,201,254,224],"floor_reached":10,"playtime":481,"items_purged":[],"score":66,"play_id":"34f5494c-c7bd-4909-8d8a-8806f6f62e15","local_time":"20181229112343","is_ascension_mode":false,"campfire_choices":[],"neow_cost":"PERCENT_DAMAGE","seed_source_timestamp":1773275892845,"circlet_count":0,"master_deck":["Strike_B","Strike_B","Strike_B","Strike_B","Defend_B","Defend_B","Defend_B","Defend_B","Zap","Dualcast","Genetic Algorithm","Static Discharge","Auto Shields","Glacier","Beam Cell","Fusion"],"relics":["Cracked Core","Bronze Scales","Odd Mushroom","Blood Vial","Vajra"],"potions_floor_usage":[],"damage_taken":[{"damage":0,"enemies":"2 Louse","floor":1,"turns":1},{"damage":6,"enemies":"Small Slimes","floor":4,"turns":3},{"damage":0,"enemies":"Jaw Worm","floor":5,"turns":4},{"damage":35,"enemies":"3 Sentries","floor":6,"turns":14},{"damage":7,"enemies":"The Mushroom Lair","floor":7,"turns":4},{"damage":6,"enemies":"Looter","floor":10,"turns":4}],"seed_played":"-2236979192994992008","potions_obtained":[{"floor":1,"key":"Block Potion"},{"floor":5,"key":"FearPotion"},{"floor":7,"key":"SteroidPotion"}],"is_trial":false,"path_per_floor":["M","$","?","M","M","E","?","T","T","M"],"character_chosen":"DEFECT","items_purchased":["Static Discharge"],"campfire_rested":0,"item_purchase_floors":[2],"current_hp_per_floor":[68,68,68,62,62,27,20,20,20,16],"gold":224,"neow_bonus":"TWENTY_PERCENT_HP_BONUS","is_prod":false,"is_daily":false,"chose_seed":false,"campfire_upgraded":0,"win_rate":0.0,"timestamp":1546079023,"path_taken":["M","$","?","M","M","E","?","?","T","M"],"build_version":"2018-12-20","purchased_purges":0,"victory":false,"max_hp_per_floor":[89,89,89,89,89,89,89,89,89,89],"card_choices":[{"not_picked":["Hologram","Coolheaded"],"picked":"Genetic Algorithm","floor":1},{"not_picked":["Scrape","Double Energy"],"picked":"Auto Shields","floor":4},{"not_picked":["Ball Lightning","BootSequence"],"picked":"Glacier","floor":5},{"not_picked":["Gash","Static Discharge"],"picked":"Beam Cell","floor":6},{"not_picked":["Turbo","Hologram"],"picked":"Fusion","floor":7}],"player_experience":58647,"relics_obtained":[{"floor":6,"key":"Bronze Scales"},{"floor":7,"key":"Odd Mushroom"},{"floor":8,"key":"Blood Vial"},{"floor":9,"key":"Vajra"}],"event_choices":[{"damage_healed":0,"gold_gain":0,"player_choice":"Ignored","damage_taken":0,"max_hp_gain":0,"max_hp_loss":0,"event_name":"Golden Idol","floor":3,"gold_loss":0},{"damage_healed":0,"gold_gain":0,"player_choice":"Fought Mushrooms","damage_taken":0,"max_hp_gain":0,"max_hp_loss":0,"event_name":"Mushrooms","floor":7,"gold_loss":0}],"is_beta":false,"boss_relics":[],"items_purged_floors":[],"is_endless":false,"potions_floor_spawned":[1,5,7],"killed_by":"Looter","ascension_level":0}