{"gold_per_floor":[111,111,111,129,145,178,8,8,33,108,120,120,132,195,195,292,292,308,308,308,319,66,97,97,127,127,127,154,167,167,24,24,120,120,137,237,237,137,148,174,174,0,46,46,60,60,60,75,75,75],"floor_reached":51,"playtime":2954,"items_purged":["Strike_B","Defend_B"],"score":930,"play_id":"2ec71746-a5f8-4eee-914f-7ec7af21cfed","local_time":"20190131141117","is_ascension_mode":true,"campfire_choices":[{"data":"White Noise","floor":8,"key":"SMITH"},{"data":"Buffer","floor":12,"key":"SMITH"},{"floor":15,"key":"REST"},{"data":"Zap","floor":24,"key":"SMITH"},{"data":"Dualcast","floor":27,"key":"SMITH"},{"data":"Conserve Battery","floor":30,"key":"SMITH"},{"data":"Finesse","floor":32,"key":"SMITH"},{"data":"1","floor":41,"key":"LIFT"},{"data":"Biased Cognition","floor":44,"key":"SMITH"},{"floor":49,"key":"REST"}],"neow_cost":"NONE","seed_source_timestamp":177965370587495,"circlet_count":0,"master_deck":["Strike_B","Strike_B","Strike_B+1","Defend_B+1","Defend_B","Defend_B","Zap+1","Dualcast+1","Doom and Gloom","BootSequence","White Noise+1","Melter","Finesse+1","Buffer+1","Conserve Battery+1","Coolheaded","Echo Form","Leap+1","Capacitor+1","Biased Cognition+1","Bandage Up+1","Redo+1","Conserve Battery+1","Parasite","Chill+1"],"relics":["Cracked Core","PreservedInsect","Anchor","Vajra","Centennial Puzzle","Busted Crown","Emotion Chip","Symbiotic Virus","Happy Flower","Toxic Egg 2","Bottled Lightning","Strawberry","DataDisk","Sozu","Girya","Dream Catcher","Red Mask","Art of War"],"potions_floor_usage":[25,25,29],"damage_taken":[{"damage":0,"enemies":"2 Louse","floor":1,"turns":1},{"damage":0,"enemies":"Small Slimes","floor":4,"turns":3},{"damage":0,"enemies":"Jaw Worm","floor":5,"turns":3},{"damage":18,"enemies":"Gremlin Nob","floor":6,"turns":3},{"damage":1,"enemies":"2 Fungi Beasts","floor":11,"turns":3},{"damage":0,"enemies":"Blue Slaver","floor":13,"turns":2},{"damage":5,"enemies":"Lagavulin Event","floor":14,"turns":5},{"damage":0,"enemies":"Slime Boss","floor":16,"turns":7},{"damage":0,"enemies":"Shell Parasite","floor":18,"turns":5},{"damage":4,"enemies":"3 Byrds","floor":21,"turns":4},{"damage":0,"enemies":"Slavers","floor":23,"turns":6},{"damage":14,"enemies":"Gremlin Leader","floor":25,"turns":4},{"damage":7,"enemies":"Slavers","floor":28,"turns":4},{"damage":0,"enemies":"Snecko","floor":29,"turns":6},{"damage":9,"enemies":"Automaton","floor":33,"turns":10},{"damage":0,"enemies":"3 Darklings","floor":35,"turns":5},{"damage":24,"enemies":"Mind Bloom Boss Battle","floor":36,"turns":5},{"damage":0,"enemies":"Orb Walker","floor":39,"turns":4},{"damage":17,"enemies":"Reptomancer","floor":40,"turns":6},{"damage":11,"enemies":"Sphere and 2 Shapes","floor":45,"turns":3},{"damage":0,"enemies":"Writhing Mass","floor":48,"turns":7},{"damage":40,"enemies":"Time Eater","floor":50,"turns":9}],"seed_played":"-1419127043022329574","potions_obtained":[{"floor":1,"key":"FairyPotion"},{"floor":4,"key":"Explosive Potion"},{"floor":5,"key":"Ancient Potion"},{"floor":13,"key":"Energy Potion"},{"floor":18,"key":"Weak Potion"},{"floor":25,"key":"EssenceOfSteel"},{"floor":29,"key":"Energy Potion"}],"is_trial":false,"path_per_floor":["M","?","?","M","M","E","$","R","T","?","M","R","M","?","R","B",null,"M","?","?","M","$","E","R","E","T","R","E","M","R","$","R","B",null,"M","?","?","$","M","E","R","?","T","R","M","$","?","M","R","B",null],"character_chosen":"DEFECT","items_purchased":["Finesse","Symbiotic Virus","DataDisk"],"campfire_rested":2,"item_purchase_floors":[7,22,31],"current_hp_per_floor":[82,79,63,63,63,45,45,45,45,34,33,33,33,28,52,52,82,82,82,82,78,78,78,78,64,64,64,64,64,64,64,64,55,89,89,65,65,65,71,60,60,60,60,60,55,55,55,61,87,53],"gold":75,"neow_bonus":"TEN_PERCENT_HP_BONUS","is_prod":false,"is_daily":false,"chose_seed":false,"campfire_upgraded":7,"win_rate":0,"timestamp":1548911477,"path_taken":["M","?","?","M","M","E","?","R","T","?","M","R","?","?","R","BOSS","M","?","?","M","$","E","R","E","T","R","E","?","R","$","R","BOSS","M","?","?","$","M","E","R","?","T","R","M","$","?","M","R","BOSS"],"build_version":"2019-01-23","purchased_purges":2,"victory":true,"max_hp_per_floor":[82,82,82,82,82,82,82,82,82,82,82,82,82,82,82,82,82,82,82,82,82,82,82,82,82,82,82,89,89,89,89,89,89,89,89,89,89,89,89,89,89,89,89,89,89,89,89,89,89,89],"card_choices":[{"not_picked":["Heatsinks","Glacier"],"picked":"Doom and Gloom","floor":1},{"not_picked":["Reprogram","Steam"],"picked":"BootSequence","floor":4},{"not_picked":["Steam","Leap"],"picked":"White Noise","floor":5},{"not_picked":["Hologram","Skim"],"picked":"Melter","floor":6},{"not_picked":["Chaos","Sunder"],"picked":"Buffer","floor":11},{"not_picked":["Scrape","Go for the Eyes"],"picked":"Conserve Battery","floor":13},{"not_picked":["Skim","Conserve Battery"],"picked":"Coolheaded","floor":14},{"not_picked":["Creative AI","Hyperbeam"],"picked":"Echo Form","floor":16},{"not_picked":["Hologram"],"picked":"SKIP","floor":18},{"not_picked":["Turbo"],"picked":"SKIP","floor":21},{"not_picked":["Aggregate"],"picked":"SKIP","floor":23},{"not_picked":[],"picked":"Leap+1","floor":25},{"not_picked":[],"picked":"Capacitor+1","floor":28},{"not_picked":["Rip and Tear"],"picked":"SKIP","floor":29},{"not_picked":[],"picked":"Biased Cognition","floor":33},{"not_picked":["Gash+1"],"picked":"SKIP","floor":35},{"not_picked":[],"picked":"Bandage Up+1","floor":37},{"not_picked":["Gash+1"],"picked":"SKIP","floor":39},{"not_picked":[],"picked":"Redo+1","floor":40},{"not_picked":[],"picked":"Conserve Battery+1","floor":45},{"not_picked":[],"picked":"Chill+1","floor":48}],"player_experience":125461,"relics_obtained":[{"floor":6,"key":"Anchor"},{"floor":9,"key":"Vajra"},{"floor":14,"key":"Centennial Puzzle"},{"floor":23,"key":"Happy Flower"},{"floor":25,"key":"Toxic Egg 2"},{"floor":26,"key":"Bottled Lightning"},{"floor":28,"key":"Strawberry"},{"floor":36,"key":"Girya"},{"floor":40,"key":"Dream Catcher"},{"floor":43,"key":"Art of War"}],"event_choices":[{"damage_healed":0,"gold_gain":0,"player_choice":"Success","damage_taken":3,"relics_obtained":["PreservedInsect"],"max_hp_gain":0,"max_hp_loss":0,"event_name":"Scrap Ooze","floor":2,"gold_loss":0},{"damage_healed":0,"gold_gain":0,"player_choice":"Entered Light","damage_taken":16,"max_hp_gain":0,"max_hp_loss":0,"event_name":"Shining Light","floor":3,"gold_loss":0,"cards_upgraded":["Defend_B","Strike_B"]},{"damage_healed":0,"gold_gain":75,"player_choice":"Gather Gold","damage_taken":11,"max_hp_gain":0,"max_hp_loss":0,"event_name":"World of Goop","floor":10,"gold_loss":0},{"damage_healed":0,"gold_gain":30,"player_choice":"Searched \u00272\u0027 times","damage_taken":0,"max_hp_gain":0,"max_hp_loss":0,"event_name":"Dead Adventurer","floor":14,"gold_loss":0},{"damage_healed":0,"gold_gain":0,"player_choice":"Opened","damage_taken":0,"relics_obtained":["Emotion Chip"],"max_hp_gain":0,"max_hp_loss":0,"event_name":"The Mausoleum","floor":19,"gold_loss":0},{"damage_healed":0,"gold_gain":0,"player_choice":"Ignored","damage_taken":0,"max_hp_gain":0,"max_hp_loss":0,"event_name":"Vampires","floor":20,"gold_loss":0},{"damage_healed":0,"gold_gain":0,"player_choice":"Fight","damage_taken":0,"max_hp_gain":0,"max_hp_loss":0,"event_name":"MindBloom","floor":36,"gold_loss":0},{"damage_healed":0,"gold_gain":0,"player_choice":"Memory 1","damage_taken":0,"max_hp_gain":0,"max_hp_loss":0,"event_name":"SensoryStone","floor":37,"gold_loss":0},{"damage_healed":0,"gold_gain":0,"player_choice":"Paid","damage_taken":0,"relics_obtained":["Red Mask"],"max_hp_gain":0,"max_hp_loss":0,"event_name":"Tomb of Lord Red Mask","floor":42,"gold_loss":174},{"damage_healed":0,"gold_gain":0,"player_choice":"Bought 0 Potions","damage_taken":0,"max_hp_gain":0,"max_hp_loss":0,"event_name":"The Woman in Blue","floor":47,"gold_loss":0}],"is_beta":false,"boss_relics":[{"not_picked":["Philosopher\u0027s Stone","Fusion Hammer"],"picked":"Busted Crown"},{"not_picked":["Astrolabe","Nuclear Battery"],"picked":"Sozu"}],"items_purged_floors":[7,38],"is_endless":false,"potions_floor_spawned":[1,4,5,13,18,21,25,29,35,40,45],"ascension_level":4}