{"gold_per_floor":[112,112,132,207,220,220,40,66,139,173,26,105,105,280,280,377,377,393,409,18,18,34,368,368,368,368,368,381,381],"floor_reached":29,"playtime":2593,"items_purged":[],"score":336,"play_id":"904a3774-994e-446e-843c-8e47d5ad1ca9","local_time":"20181226234102","is_ascension_mode":true,"campfire_choices":[{"floor":6.0,"key":"REST"},{"floor":15.0,"key":"REST"},{"floor":24.0,"key":"REST"}],"neow_cost":"NONE","seed_source_timestamp":600368488956898,"circlet_count":0,"master_deck":["Strike_R","Strike_R","Strike_R","Strike_R","Strike_R","Defend_R","Defend_R","Defend_R","Defend_R","Bash","Shrug It Off","Cleave","Inflame","Heavy Blade","Clash","Flex","Offering","Armaments","Pommel Strike+1","Rage","Pummel+1","Clothesline","Pommel Strike"],"special_seed":0,"relics":["Black Blood","Bag of Preparation","Juzu Bracelet","Regal Pillow","Pen Nib","Pear","Omamori","Bronze Scales","The Courier","Gremlin Horn","Ornamental Fan","Old Coin","Bottled Flame"],"potions_floor_usage":[29],"damage_taken":[{"damage":11.0,"enemies":"Jaw Worm","floor":1.0,"turns":4.0},{"damage":4.0,"enemies":"Small Slimes","floor":3.0,"turns":4.0},{"damage":1.0,"enemies":"Cultist","floor":5.0,"turns":3.0},{"damage":32.0,"enemies":"Gremlin Nob","floor":8.0,"turns":4.0},{"damage":28.0,"enemies":"Lagavulin","floor":10.0,"turns":6.0},{"damage":46.0,"enemies":"Hexaghost","floor":16.0,"turns":8.0},{"damage":8.0,"enemies":"3 Byrds","floor":18.0,"turns":2.0},{"damage":27.0,"enemies":"Shell Parasite","floor":19.0,"turns":3.0},{"damage":25.0,"enemies":"Snake Plant","floor":22.0,"turns":3.0},{"damage":37.0,"enemies":"Book of Stabbing","floor":23.0,"turns":4.0},{"damage":14.0,"enemies":"Chosen and Byrds","floor":28.0,"turns":5.0},{"damage":62,"enemies":"Slavers","floor":29,"turns":4}],"seed_played":"3461631926192117456","potions_obtained":[{"floor":8.0,"key":"Explosive Potion"},{"floor":16.0,"key":"Explosive Potion"},{"floor":28.0,"key":"SpeedPotion"}],"is_trial":false,"path_per_floor":["M","?","M","?","M","R","$","E","T","E","$","T","?","?","R","B",null,"M","M","$","?","M","E","R","?","T","?","M","E"],"character_chosen":"IRONCLAD","items_purchased":["Regal Pillow","Heavy Blade","Bronze Scales","Gremlin Horn","Ornamental Fan"],"campfire_rested":3,"item_purchase_floors":[7,7,11,20,20],"current_hp_per_floor":[75,42,44,33,38,62,62,36,46,24,24,24,24,24,66,26,74,76,59,59,59,44,17,59,59,59,59,55,0],"gold":381,"neow_bonus":"RANDOM_COMMON_RELIC","is_prod":false,"is_daily":false,"chose_seed":false,"campfire_upgraded":0,"win_rate":0,"timestamp":1545896462,"path_taken":["M","?","M","?","M","R","$","E","T","E","$","?","?","?","R","BOSS","M","M","$","?","M","E","R","?","T","?","M","E"],"build_version":"2018-12-20","purchased_purges":0,"victory":false,"max_hp_per_floor":[80,80,80,80,80,80,80,80,90,90,90,90,90,90,90,90,90,90,90,90,90,90,90,90,90,90,90,90,90],"card_choices":[{"not_picked":["Twin Strike","Anger"],"picked":"Shrug It Off","floor":1.0},{"not_picked":["Clothesline","Blood for Blood"],"picked":"Cleave","floor":3.0},{"not_picked":["Heavy Blade","Perfected Strike"],"picked":"Inflame","floor":5.0},{"not_picked":["Armaments","Dark Embrace"],"picked":"Clash","floor":8.0},{"not_picked":["Sword Boomerang","Corruption"],"picked":"Flex","floor":10.0},{"not_picked":["Bludgeon","Fiend Fire"],"picked":"Offering","floor":16.0},{"not_picked":["Cleave","Anger"],"picked":"Armaments","floor":18.0},{"not_picked":["Dual Wield","Feel No Pain"],"picked":"Pommel Strike+1","floor":19.0},{"not_picked":["Body Slam","Rage"],"picked":"Pummel+1","floor":22.0},{"not_picked":["Rupture+1","Twin Strike+1"],"picked":"Clothesline","floor":23.0},{"not_picked":["Rage","Perfected Strike"],"picked":"Pommel Strike","floor":28.0}],"player_experience":244171,"relics_obtained":[{"floor":8.0,"key":"Pen Nib"},{"floor":9.0,"key":"Pear"},{"floor":10.0,"key":"Omamori"},{"floor":12.0,"key":"The Courier"},{"floor":23.0,"key":"Old Coin"},{"floor":26.0,"key":"Bottled Flame"}],"event_choices":[{"damage_healed":0.0,"max_hp_gain":0.0,"max_hp_loss":0.0,"gold_gain":0.0,"event_name":"Scrap Ooze","player_choice":"Success","floor":2.0,"gold_loss":0.0,"damage_taken":33.0,"relics_obtained":["Juzu Bracelet"]},{"damage_healed":0.0,"max_hp_gain":0.0,"max_hp_loss":0.0,"gold_gain":75.0,"event_name":"World of Goop","player_choice":"Gather Gold","floor":4.0,"gold_loss":0.0,"damage_taken":11.0},{"damage_healed":0.0,"max_hp_gain":0.0,"max_hp_loss":0.0,"gold_gain":0.0,"event_name":"Dead Adventurer","player_choice":"Searched \u00271\u0027 times","floor":13.0,"gold_loss":0.0,"damage_taken":0.0},{"damage_healed":0.0,"max_hp_gain":0.0,"max_hp_loss":0.0,"gold_gain":175.0,"event_name":"Liars Game","player_choice":"AGREE","floor":14.0,"gold_loss":0.0,"damage_taken":0.0,"cards_obtained":["Doubt"]},{"damage_healed":0.0,"max_hp_gain":0.0,"max_hp_loss":0.0,"gold_gain":0.0,"event_name":"The Library","player_choice":"Read","floor":21.0,"gold_loss":0.0,"damage_taken":0.0,"cards_obtained":["Rage"]},{"damage_healed":0.0,"max_hp_gain":0.0,"max_hp_loss":0.0,"gold_gain":0.0,"event_name":"Ghosts","player_choice":"Ignored","floor":25.0,"gold_loss":0.0,"damage_taken":0.0},{"damage_healed":0.0,"max_hp_gain":0.0,"max_hp_loss":0.0,"gold_gain":0.0,"event_name":"Forgotten Altar","player_choice":"Smashed Altar","floor":27.0,"gold_loss":0.0,"damage_taken":0.0,"cards_obtained":["Decay"]}],"is_beta":false,"boss_relics":[{"not_picked":["Philosopher\u0027s Stone","Runic Pyramid"],"picked":"Black Blood"}],"items_purged_floors":[],"is_endless":false,"potions_floor_spawned":[8,16,28],"killed_by":"Slavers","ascension_level":5}