{"gold_per_floor":[18,32,32,8,8,8,35,46,71,71,71,71,83,103,103,201,201,221,45,55,72,122,122,136,136],"floor_reached":25,"playtime":997,"items_purged":[],"score":213,"play_id":"f61159f5-b2e7-4a14-8068-7bf6afe3907c","local_time":"20190109053407","is_ascension_mode":true,"campfire_choices":[{"data":"Darkness","floor":6,"key":"SMITH"},{"data":"Defragment","floor":10,"key":"SMITH"},{"data":"Fission","floor":15,"key":"SMITH"},{"data":"Apotheosis","floor":23,"key":"SMITH"}],"neow_cost":"NO_GOLD","seed_source_timestamp":2785715183764471,"circlet_count":0,"master_deck":["Strike_B","Strike_B","Strike_B","Strike_B","Defend_B+1","Defend_B","Defend_B","Defend_B","Zap","Dualcast","Fission+1","Darkness+1","Leap+1","Defragment+1","Self Repair","Self Repair","Reinforced Body","Multi-Cast","Self Repair","Apotheosis+1","Conserve Battery","Redo"],"relics":["Cracked Core","Anchor","Happy Flower","Vajra","Eternal Feather"],"potions_floor_usage":[20,25],"damage_taken":[{"damage":1,"enemies":"Cultist","floor":1,"turns":3},{"damage":10,"enemies":"Small Slimes","floor":2,"turns":3},{"damage":6,"enemies":"Lagavulin","floor":7,"turns":7},{"damage":0,"enemies":"2 Louse","floor":8,"turns":2},{"damage":5,"enemies":"Looter","floor":13,"turns":4},{"damage":13,"enemies":"Large Slime","floor":14,"turns":6},{"damage":47,"enemies":"Hexaghost","floor":16,"turns":10},{"damage":27,"enemies":"Chosen","floor":18,"turns":5},{"damage":15,"enemies":"2 Thieves","floor":20,"turns":5},{"damage":38,"enemies":"Sentry and Sphere","floor":21,"turns":8},{"damage":15,"enemies":"Centurion and Healer","floor":24,"turns":6},{"damage":77,"enemies":"Slavers","floor":25,"turns":4}],"seed_played":"-4342785434086294498","potions_obtained":[{"floor":1,"key":"Energy Potion"},{"floor":7,"key":"Fire Potion"},{"floor":20,"key":"SneckoOil"}],"is_trial":false,"path_per_floor":["M","M","?","?","?","R","E","M","T","R","?","?","M","M","R","B",null,"M","$","M","M","?","R","M","E"],"character_chosen":"DEFECT","items_purchased":["Apotheosis"],"campfire_rested":0,"item_purchase_floors":[19],"current_hp_per_floor":[74,64,49,49,49,49,43,43,43,43,40,65,67,68,68,35,75,62,62,75,64,64,75,75,0],"gold":136,"neow_bonus":"THREE_RARE_CARDS","is_prod":false,"is_daily":false,"chose_seed":false,"campfire_upgraded":4,"win_rate":0,"timestamp":1547008447,"path_taken":["M","?","?","?","?","R","E","M","T","R","?","?","M","M","R","BOSS","M","$","M","M","?","R","M","E"],"build_version":"2019-01-03v4","purchased_purges":0,"victory":false,"max_hp_per_floor":[75,75,75,75,75,75,75,75,75,75,75,75,75,75,75,75,75,75,75,75,75,75,75,75,75],"card_choices":[{"not_picked":["Machine Learning","Meteor Strike"],"picked":"Fission","floor":0},{"not_picked":["Aggregate","Gash"],"picked":"Darkness","floor":1},{"not_picked":["Sweeping Beam","Turbo"],"picked":"Leap","floor":2},{"not_picked":["Gash","Leap"],"picked":"Defragment","floor":7},{"not_picked":["Recycle","Stack"],"picked":"Self Repair","floor":8},{"not_picked":["Gash","Cold Snap"],"picked":"Self Repair","floor":13},{"not_picked":["Hello World","Sweeping Beam"],"picked":"Reinforced Body","floor":14},{"not_picked":["Core Surge","All For One"],"picked":"Multi-Cast","floor":16},{"not_picked":["Stack","Reinforced Body+1"],"picked":"Self Repair","floor":18},{"not_picked":["Static Discharge","Leap"],"picked":"Conserve Battery","floor":20},{"not_picked":["Steam Power","Turbo","Coolheaded"],"picked":"SKIP","floor":21},{"not_picked":["Gash","Scrape"],"picked":"Redo","floor":24}],"player_experience":695058,"relics_obtained":[{"floor":7,"key":"Anchor"},{"floor":9,"key":"Happy Flower"}],"event_choices":[{"damage_healed":0,"gold_gain":0,"player_choice":"Entered Light","damage_taken":15,"max_hp_gain":0,"max_hp_loss":0,"event_name":"Shining Light","floor":3,"gold_loss":0,"cards_upgraded":["Leap","Defend_B"]},{"damage_healed":0,"gold_gain":0,"player_choice":"Left Gold","damage_taken":0,"max_hp_gain":0,"max_hp_loss":0,"event_name":"World of Goop","floor":4,"gold_loss":24},{"damage_healed":0,"gold_gain":0,"player_choice":"Ignored","damage_taken":0,"max_hp_gain":0,"max_hp_loss":0,"event_name":"Liars Game","floor":5,"gold_loss":0},{"damage_healed":0,"gold_gain":0,"player_choice":"Success","damage_taken":3,"relics_obtained":["Vajra"],"max_hp_gain":0,"max_hp_loss":0,"event_name":"Scrap Ooze","floor":11,"gold_loss":0},{"damage_healed":25,"gold_gain":0,"player_choice":"Banana","damage_taken":0,"max_hp_gain":0,"max_hp_loss":0,"event_name":"Big Fish","floor":12,"gold_loss":0},{"damage_healed":0,"gold_gain":100,"player_choice":"Bet on Murderer","damage_taken":0,"max_hp_gain":0,"max_hp_loss":0,"event_name":"The Joust","floor":22,"gold_loss":50}],"is_beta":false,"boss_relics":[{"not_picked":["Calling Bell","FrozenCore"],"picked":"Eternal Feather"}],"items_purged_floors":[],"is_endless":false,"potions_floor_spawned":[1,7,20],"killed_by":"Slavers","ascension_level":1}