{"gold_per_floor":[213,67,80,94,108,108,138,138,216,242,242,269,269,269,269,374,374,387,407,104,117,137,137,52,52,52,81,81,81,6,6,6,109,109,129,52,68,123,140,140,151,151,151,151],"floor_reached":44,"playtime":2215,"items_purged":["Strike_R","Strike_R","Defend_R"],"score":583,"play_id":"c774c4d7-b3a6-4e69-8a93-212b060b3a02","local_time":"20190111174526","is_ascension_mode":true,"campfire_choices":[{"data":"Bash","floor":6,"key":"SMITH"},{"data":"Pommel Strike","floor":11,"key":"SMITH"},{"data":"Exhume","floor":13,"key":"SMITH"},{"floor":15,"key":"RECALL"},{"data":"True Grit","floor":23,"key":"SMITH"},{"data":"Uppercut","floor":25,"key":"SMITH"},{"data":"Demon Form","floor":29,"key":"SMITH"},{"floor":32,"key":"REST"},{"floor":40,"key":"REST"},{"data":"Pommel Strike","floor":42,"key":"SMITH"}],"neow_cost":"NONE","seed_source_timestamp":5611299155000,"circlet_count":0,"master_deck":["Strike_R","Defend_R","Defend_R","Defend_R","Bash+1","Shrug It Off","Feed+1","Pommel Strike+1","Headbutt","Exhume+1","True Grit+1","Spot Weakness","Demon Form+1","Pummel","Uppercut+1","Dual Wield+1","Impervious+1","Shrug It Off+1","Pommel Strike+1","Bloodletting+1","Parasite","Parasite"],"relics":["Burning Blood","FossilizedHelix","Happy Flower","Juzu Bracelet","Velvet Choker","Lee\u0027s Waffle","Bag of Preparation","Toxic Egg 2","Smiling Mask","Cursed Key","Calipers","Dodecahedron"],"potions_floor_usage":[7,16,38,39],"damage_taken":[{"damage":12,"enemies":"Jaw Worm","floor":1,"turns":3},{"damage":6,"enemies":"Cultist","floor":3,"turns":6},{"damage":0,"enemies":"2 Louse","floor":4,"turns":3},{"damage":30,"enemies":"Large Slime","floor":5,"turns":7},{"damage":39,"enemies":"3 Sentries","floor":7,"turns":9},{"damage":15,"enemies":"Gremlin Nob","floor":10,"turns":5},{"damage":12,"enemies":"Lagavulin","floor":12,"turns":6},{"damage":38,"enemies":"The Guardian","floor":16,"turns":12},{"damage":63,"enemies":"3 Byrds","floor":18,"turns":7},{"damage":21,"enemies":"Shell Parasite","floor":19,"turns":5},{"damage":5,"enemies":"Centurion and Healer","floor":21,"turns":8},{"damage":36,"enemies":"Shelled Parasite and Fungi","floor":22,"turns":6},{"damage":60,"enemies":"Slavers","floor":27,"turns":5},{"damage":44,"enemies":"Champ","floor":33,"turns":8},{"damage":0,"enemies":"Orb Walker","floor":35,"turns":3},{"damage":22,"enemies":"3 Darklings","floor":37,"turns":7},{"damage":80,"enemies":"2 Orb Walkers","floor":38,"turns":5},{"damage":30,"enemies":"Writhing Mass","floor":39,"turns":7},{"damage":15,"enemies":"Sphere and 2 Shapes","floor":41,"turns":7},{"damage":59,"enemies":"Reptomancer","floor":44,"turns":2}],"seed_played":"-9195681643349131258","potions_obtained":[{"floor":4,"key":"Weak Potion"},{"floor":5,"key":"Regen Potion"},{"floor":7,"key":"LiquidBronze"},{"floor":10,"key":"Regen Potion"},{"floor":12,"key":"Strength Potion"},{"floor":27,"key":"SpeedPotion"},{"floor":38,"key":"GamblersBrew"},{"floor":39,"key":"Ancient Potion"}],"is_trial":false,"path_per_floor":["M","$","M","M","M","R","E","?","T","E","R","E","R","?","R","B",null,"M","M","$","M","M","R","?","R","T","E","?","R","?","$","R","B",null,"M","$","M","?","M","R","M","R","T","E"],"character_chosen":"IRONCLAD","items_purchased":["Feed","Lee\u0027s Waffle","Pommel Strike"],"campfire_rested":2,"item_purchase_floors":[2,20,36],"current_hp_per_floor":[74,74,77,86,65,65,50,50,50,45,45,43,43,36,36,23,104,51,36,115,119,93,93,93,93,93,43,43,43,43,43,81,43,127,127,127,111,37,13,51,46,46,46,0],"gold":151,"neow_bonus":"HUNDRED_GOLD","is_prod":false,"is_daily":false,"chose_seed":false,"campfire_upgraded":7,"win_rate":0,"timestamp":1547228726,"path_taken":["M","$","M","M","M","R","E","?","T","E","R","E","R","?","R","BOSS","M","M","$","M","M","R","?","R","T","E","?","R","?","?","R","BOSS","M","?","M","?","M","R","M","R","T","E"],"build_version":"2019-01-10","purchased_purges":3,"victory":false,"max_hp_per_floor":[80,80,83,86,89,89,92,92,92,96,96,100,100,100,100,104,104,108,108,115,119,123,123,123,123,123,127,127,127,127,127,127,127,127,127,127,127,127,127,127,131,131,131,131],"card_choices":[{"not_picked":["Sword Boomerang","Hemokinesis"],"picked":"Shrug It Off","floor":1},{"not_picked":["Seeing Red","Blood for Blood"],"picked":"Pommel Strike","floor":3},{"not_picked":["Perfected Strike","Anger"],"picked":"Headbutt","floor":4},{"not_picked":["Dark Embrace","Carnage","Entrench"],"picked":"SKIP","floor":5},{"not_picked":["Burning Pact","Clash"],"picked":"Exhume","floor":7},{"not_picked":["Perfected Strike","Headbutt"],"picked":"True Grit","floor":10},{"not_picked":["Heavy Blade","Infernal Blade"],"picked":"Spot Weakness","floor":12},{"not_picked":["Dark Embrace","Feed"],"picked":"Demon Form","floor":16},{"not_picked":["True Grit","Wild Strike","Sword Boomerang+1"],"picked":"SKIP","floor":18},{"not_picked":["True Grit","Warcry+1"],"picked":"Pummel","floor":19},{"not_picked":["Flex","Havoc","Thunderclap"],"picked":"SKIP","floor":21},{"not_picked":["Power Through","True Grit"],"picked":"Uppercut","floor":22},{"not_picked":["Flex+1","Havoc+1"],"picked":"Dual Wield+1","floor":27},{"not_picked":["Limit Break+1","Double Tap+1"],"picked":"Impervious+1","floor":33},{"not_picked":["Sword Boomerang+1","Hemokinesis+1"],"picked":"Shrug It Off+1","floor":35},{"not_picked":["Infernal Blade+1","Rage+1","Anger"],"picked":"SKIP","floor":37},{"not_picked":["Flex+1","Twin Strike+1"],"picked":"Bloodletting+1","floor":38},{"not_picked":["Spot Weakness+1","Body Slam","Power Through+1"],"picked":"SKIP","floor":39},{"not_picked":["Sword Boomerang","Burning Pact+1","Body Slam"],"picked":"SKIP","floor":41}],"player_experience":85551,"relics_obtained":[{"floor":7,"key":"FossilizedHelix"},{"floor":10,"key":"Happy Flower"},{"floor":12,"key":"Juzu Bracelet"},{"floor":26,"key":"Toxic Egg 2"},{"floor":27,"key":"Smiling Mask"},{"floor":38,"key":"Calipers"},{"floor":43,"key":"Dodecahedron"}],"event_choices":[{"damage_healed":0,"gold_gain":0,"player_choice":"Upgraded","damage_taken":0,"max_hp_gain":0,"max_hp_loss":0,"event_name":"Upgrade Shrine","floor":8,"gold_loss":0,"cards_upgraded":["Feed"]},{"cards_removed":["Strike_R"],"damage_healed":0,"gold_gain":0,"player_choice":"Card Removal","damage_taken":7,"max_hp_gain":0,"max_hp_loss":0,"event_name":"Golden Wing","floor":14,"gold_loss":0},{"damage_healed":0,"gold_gain":0,"player_choice":"Obtained Relic","damage_taken":0,"relics_obtained":["Bag of Preparation"],"max_hp_gain":0,"max_hp_loss":0,"event_name":"Addict","floor":24,"gold_loss":85},{"damage_healed":0,"gold_gain":0,"player_choice":"Ignored","damage_taken":0,"max_hp_gain":0,"max_hp_loss":0,"event_name":"Ghosts","floor":28,"gold_loss":0},{"cards_removed":["Strike_R"],"damage_healed":0,"gold_gain":0,"player_choice":"Gave Gold","damage_taken":0,"max_hp_gain":0,"max_hp_loss":0,"event_name":"Beggar","floor":30,"gold_loss":75},{"damage_healed":0,"gold_gain":0,"player_choice":"Fight","damage_taken":0,"max_hp_gain":0,"max_hp_loss":0,"event_name":"Mysterious Sphere","floor":38,"gold_loss":0}],"is_beta":false,"boss_relics":[{"not_picked":["Mark of Pain","Philosopher\u0027s Stone"],"picked":"Velvet Choker"},{"not_picked":["Eternal Feather","Calling Bell"],"picked":"Cursed Key"}],"items_purged_floors":[2,20,36],"is_endless":false,"potions_floor_spawned":[4,5,7,10,12,27,33,35,38,39],"killed_by":"Reptomancer","ascension_level":4}