{"gold_per_floor":[111,127,52,52,67,103,128,128],"floor_reached":8,"playtime":635,"items_purged":["Defend_R"],"score":61,"play_id":"680b256a-0faf-42b0-95f7-a690341b563d","local_time":"20181226213843","is_ascension_mode":true,"campfire_choices":[],"neow_cost":"TEN_PERCENT_HP_LOSS","seed_source_timestamp":428694003123749,"circlet_count":0,"master_deck":["Strike_R","Strike_R","Strike_R","Strike_R","Strike_R","Defend_R","Defend_R","Defend_R","Bash","Brutality","Twin Strike","Dual Wield","Sword Boomerang+1"],"relics":["Burning Blood","Golden Idol","Molten Egg 2"],"potions_floor_usage":[6,8],"damage_taken":[{"damage":10,"enemies":"Cultist","floor":1,"turns":4},{"damage":17,"enemies":"Small Slimes","floor":2,"turns":4},{"damage":5,"enemies":"2 Louse","floor":5,"turns":3},{"damage":18,"enemies":"Gremlin Nob","floor":6,"turns":4},{"damage":16,"enemies":"Blue Slaver","floor":7,"turns":3},{"damage":40,"enemies":"3 Sentries","floor":8,"turns":4}],"seed_played":"7716621065350396902","potions_obtained":[{"floor":5,"key":"LiquidBronze"},{"floor":6,"key":"Regen Potion"}],"is_trial":false,"path_per_floor":["M","M","$","?","M","E","M","E"],"character_chosen":"IRONCLAD","items_purchased":[],"campfire_rested":0,"item_purchase_floors":[],"current_hp_per_floor":[68,57,57,39,40,28,18,0],"gold":128,"neow_bonus":"THREE_RARE_CARDS","is_prod":false,"is_daily":false,"chose_seed":false,"campfire_upgraded":0,"win_rate":0,"timestamp":1545872923,"path_taken":["M","M","$","?","M","E","M","E"],"build_version":"2018-12-20","purchased_purges":1,"victory":false,"max_hp_per_floor":[72,72,72,72,72,72,72,72],"card_choices":[{"not_picked":["Impervious","Bludgeon"],"picked":"Brutality","floor":0},{"not_picked":["Shrug It Off","Clash","Body Slam"],"picked":"SKIP","floor":1},{"not_picked":["Armaments","Anger"],"picked":"Twin Strike","floor":2},{"not_picked":["Headbutt","Shrug It Off","Second Wind"],"picked":"SKIP","floor":5},{"not_picked":["Perfected Strike","Reckless Charge"],"picked":"Dual Wield","floor":6},{"not_picked":["Armaments","Bloodletting"],"picked":"Sword Boomerang+1","floor":7}],"player_experience":57859,"relics_obtained":[{"floor":6,"key":"Molten Egg 2"}],"event_choices":[{"damage_healed":0,"gold_gain":0,"player_choice":"Take Damage","damage_taken":18,"relics_obtained":["Golden Idol"],"max_hp_gain":0,"max_hp_loss":0,"event_name":"Golden Idol","floor":4,"gold_loss":0}],"is_beta":false,"boss_relics":[],"items_purged_floors":[3],"is_endless":false,"potions_floor_spawned":[5,6],"killed_by":"3 Sentries","ascension_level":1}