{"gold_per_floor":[116,135,135,135,154,197,197,241,241,241,284,284,68,68,68,187,487,472,22,38,38,0,0,18,18,72,72,91,41,61,82,82,202,202,227,240,163,91,110,110,30,30,57,57,90,90,90,141,141,141],"floor_reached":51,"playtime":2236,"items_purged":["Strike_R","Doubt"],"score":889,"play_id":"f53d09e0-a2bb-46cb-9757-f942d6cdcb2c","local_time":"20190110183248","is_ascension_mode":true,"campfire_choices":[{"floor":7,"key":"REST"},{"floor":10,"key":"REST"},{"data":"Bash","floor":12,"key":"SMITH"},{"data":"Spot Weakness","floor":15,"key":"SMITH"},{"data":"Uppercut","floor":23,"key":"SMITH"},{"floor":25,"key":"REST"},{"floor":27,"key":"REST"},{"floor":32,"key":"RECALL"},{"data":"Shockwave","floor":40,"key":"SMITH"},{"data":"Pummel","floor":42,"key":"SMITH"},{"data":"Pummel","floor":44,"key":"SMITH"},{"floor":49,"key":"REST"}],"neow_cost":"NONE","seed_source_timestamp":339347339592600,"circlet_count":0,"master_deck":["Strike_R","Strike_R","Defend_R","Defend_R","Defend_R","Defend_R","Bash+1","Pummel+1","Cleave","Spot Weakness+1","Shockwave+1","Dual Wield","Offering","Feed","Uppercut+1","Armaments+1","Pummel+1","Heavy Blade","Pummel+1","Flame Barrier+1","Intimidate+1","Disarm+1","Impervious+1","Dark Shackles+1"],"relics":["Black Blood","Bag of Preparation","Golden Idol","Paper Frog","Blood Vial","Ancient Tea Set","Omamori","Calling Bell","Bag of Marbles","Toxic Egg 2","Old Coin","Vajra","Brimstone","Enchiridion","Orichalcum","Champion Belt","Happy Flower"],"potions_floor_usage":[6,33,50,50,50],"damage_taken":[{"damage":11,"enemies":"Small Slimes","floor":1,"turns":4},{"damage":12,"enemies":"Jaw Worm","floor":2,"turns":2},{"damage":1,"enemies":"Cultist","floor":5,"turns":3},{"damage":27,"enemies":"Gremlin Nob","floor":6,"turns":4},{"damage":30,"enemies":"3 Sentries","floor":8,"turns":6},{"damage":19,"enemies":"Gremlin Nob","floor":11,"turns":4},{"damage":27,"enemies":"The Guardian","floor":16,"turns":10},{"damage":27,"enemies":"2 Thieves","floor":18,"turns":4},{"damage":18,"enemies":"3 Byrds","floor":20,"turns":3},{"damage":34,"enemies":"Centurion and Healer","floor":24,"turns":4},{"damage":3,"enemies":"Snecko","floor":28,"turns":3},{"damage":6,"enemies":"Cultist and Chosen","floor":30,"turns":4},{"damage":19,"enemies":"Snake Plant","floor":31,"turns":2},{"damage":16,"enemies":"Collector","floor":33,"turns":3},{"damage":18,"enemies":"3 Shapes","floor":35,"turns":3},{"damage":6,"enemies":"3 Darklings","floor":36,"turns":2},{"damage":15,"enemies":"Spire Growth","floor":39,"turns":3},{"damage":66,"enemies":"Reptomancer","floor":45,"turns":4},{"damage":64,"enemies":"Awakened One","floor":50,"turns":8}],"seed_played":"-6136676114916110353","potions_obtained":[{"floor":5,"key":"AttackPotion"},{"floor":6,"key":"LiquidBronze"},{"floor":11,"key":"SneckoOil"},{"floor":24,"key":"Regen Potion"},{"floor":28,"key":"SteroidPotion"},{"floor":35,"key":"Ancient Potion"}],"is_trial":false,"path_per_floor":["M","M","?","?","M","E","R","E","T","R","E","R","$","?","R","B",null,"M","$","M","?","?","R","M","R","T","R","M","?","M","M","R","B",null,"M","M","$","$","M","R","$","R","T","R","E","?","?","T","R","B",null],"character_chosen":"IRONCLAD","items_purchased":["Offering","Vajra","Brimstone","Flame Barrier+1","Intimidate+1","Impervious+1"],"campfire_rested":5,"item_purchase_floors":[13,19,19,37,38,41],"current_hp_per_floor":[75,69,51,31,36,15,39,15,15,39,28,28,28,28,28,9,80,59,59,52,36,36,36,10,34,34,58,63,63,68,60,60,55,92,87,96,96,96,96,96,96,96,96,96,45,45,45,45,74,37],"gold":141,"neow_bonus":"REMOVE_CARD","is_prod":false,"is_daily":false,"chose_seed":false,"campfire_upgraded":6,"win_rate":0,"timestamp":1547145168,"path_taken":["M","M","?","?","?","E","R","E","T","R","E","R","?","?","R","BOSS","M","$","?","?","?","R","M","R","T","R","M","?","?","M","R","BOSS","M","M","?","$","?","R","$","R","T","R","E","?","?","?","R","BOSS"],"build_version":"2019-01-03v4","purchased_purges":2,"victory":true,"max_hp_per_floor":[80,80,80,80,80,80,80,80,80,80,80,80,80,80,80,80,80,80,80,83,83,83,83,83,83,83,83,83,83,86,89,89,92,92,95,98,98,98,101,101,101,101,101,101,104,99,99,99,99,99],"card_choices":[{"not_picked":["Armaments","Seeing Red"],"picked":"Pummel","floor":1},{"not_picked":["Warcry","Twin Strike"],"picked":"Cleave","floor":2},{"not_picked":["Rage","Combust","Wild Strike"],"picked":"SKIP","floor":5},{"not_picked":["Entrench","Anger"],"picked":"Spot Weakness","floor":6},{"not_picked":["Heavy Blade","Flex"],"picked":"Shockwave","floor":8},{"not_picked":["Havoc","Fiend Fire"],"picked":"Dual Wield","floor":11},{"not_picked":["Fiend Fire","Offering"],"picked":"Feed","floor":16},{"not_picked":["Sword Boomerang","Anger","Body Slam"],"picked":"SKIP","floor":18},{"not_picked":["Ghostly Armor+1","Offering+1"],"picked":"Uppercut","floor":20},{"not_picked":["Carnage","Wild Strike+1"],"picked":"Armaments+1","floor":24},{"not_picked":["Corruption","Iron Wave"],"picked":"Pummel","floor":28},{"not_picked":["Anger","Metallicize+1"],"picked":"Heavy Blade","floor":30},{"not_picked":["Cleave","Twin Strike+1","Body Slam"],"picked":"SKIP","floor":31},{"not_picked":["Headbutt","Entrench+1"],"picked":"Pummel+1","floor":35},{"not_picked":["Armaments+1","Body Slam","Clash"],"picked":"SKIP","floor":36},{"not_picked":["Dropkick","Havoc+1"],"picked":"Disarm+1","floor":39},{"not_picked":["Twin Strike","Headbutt+1","Heavy Blade"],"picked":"SKIP","floor":45},{"not_picked":["The Bomb+1","Madness+1"],"picked":"Dark Shackles+1","floor":47}],"player_experience":76528,"relics_obtained":[{"floor":6,"key":"Paper Frog"},{"floor":8,"key":"Blood Vial"},{"floor":9,"key":"Ancient Tea Set"},{"floor":11,"key":"Omamori"},{"floor":17,"key":"Bag of Marbles"},{"floor":17,"key":"Toxic Egg 2"},{"floor":17,"key":"Old Coin"},{"floor":21,"key":"Enchiridion"},{"floor":26,"key":"Orichalcum"},{"floor":45,"key":"Champion Belt"},{"floor":48,"key":"Happy Flower"}],"event_choices":[{"damage_healed":0,"gold_gain":0,"player_choice":"Success","damage_taken":18,"relics_obtained":["Bag of Preparation"],"max_hp_gain":0,"max_hp_loss":0,"event_name":"Scrap Ooze","floor":3,"gold_loss":0},{"damage_healed":0,"gold_gain":0,"player_choice":"Take Damage","damage_taken":20,"relics_obtained":["Golden Idol"],"max_hp_gain":0,"max_hp_loss":0,"event_name":"Golden Idol","floor":4,"gold_loss":0},{"cards_removed":["Strike_R"],"damage_healed":0,"gold_gain":0,"player_choice":"Purged","damage_taken":0,"max_hp_gain":0,"max_hp_loss":0,"event_name":"Purifier","floor":14,"gold_loss":0},{"damage_healed":0,"gold_gain":0,"player_choice":"Obtained Book","damage_taken":16,"max_hp_gain":0,"max_hp_loss":0,"event_name":"Cursed Tome","floor":21,"gold_loss":0},{"damage_healed":0,"gold_gain":0,"player_choice":"Paid Fearfully","damage_taken":0,"max_hp_gain":0,"max_hp_loss":0,"event_name":"Masked Bandits","floor":22,"gold_loss":38},{"damage_healed":0,"gold_gain":0,"player_choice":"Bet on Owner","damage_taken":0,"max_hp_gain":0,"max_hp_loss":0,"event_name":"The Joust","floor":29,"gold_loss":50},{"damage_healed":0,"gold_gain":0,"player_choice":"Max HP","damage_taken":0,"max_hp_gain":0,"max_hp_loss":5,"event_name":"Winding Halls","floor":46,"gold_loss":0},{"damage_healed":0,"gold_gain":0,"player_choice":"Memory 1","damage_taken":0,"max_hp_gain":0,"max_hp_loss":0,"event_name":"SensoryStone","floor":47,"gold_loss":0}],"is_beta":false,"boss_relics":[{"not_picked":["Empty Cage","Eternal Feather"],"picked":"Calling Bell"},{"not_picked":["Tiny House","Astrolabe"],"picked":"Black Blood"}],"items_purged_floors":[13,19],"is_endless":false,"potions_floor_spawned":[5,6,11,24,28,31,35,36],"ascension_level":3}