{"gold_per_floor":[111,124,124,137,137,173,29,75,75,90,90,104,122,136,136,257,257,270,288,2,16,31,70,70,89,89,89,42,42,55,95,95,216,216,231,246,246,59,74,115,140,140],"floor_reached":42,"playtime":3070,"items_purged":[],"score":524,"play_id":"dab2f913-04ab-450c-a671-40b73ec326db","local_time":"20190201164356","is_ascension_mode":true,"campfire_choices":[{"floor":11.0,"key":"REST"},{"floor":15.0,"key":"REST"},{"floor":24.0,"key":"REST"},{"floor":27.0,"key":"REST"},{"floor":29.0,"key":"RECALL"},{"floor":32,"key":"REST"}],"neow_cost":"NONE","seed_source_timestamp":0,"circlet_count":0,"master_deck":["Survivor","Neutralize","Wraith Form v2","Dagger Throw","Backstab","Escape Plan","Prepared","Glass Knife","Endless Agony","Terror","Crippling Poison","Crippling Poison","Burst","Dagger Throw","Corpse Explosion","Choke","Leg Sweep","Underhanded Strike","Bullet Time","Predator","Flying Knee","Finisher","Blade Dance","Unload","Calculated Gamble","Caltrops","Doppelganger","Finisher","Phantasmal Killer","Madness","Madness","Mayhem","Underhanded Strike+1"],"special_seed":0,"relics":["Ring of the Snake","Golden Idol","Oddly Smooth Stone","Blood Vial","Omamori","Snecko Eye","Vajra","Bag of Preparation","Bag of Marbles","Ancient Tea Set","Pandora\u0027s Box","Letter Opener"],"potions_floor_usage":[33,39,40],"damage_taken":[{"damage":2.0,"enemies":"Small Slimes","floor":1.0,"turns":5.0},{"damage":0.0,"enemies":"Jaw Worm","floor":2.0,"turns":5.0},{"damage":0.0,"enemies":"Cultist","floor":4.0,"turns":3.0},{"damage":37.0,"enemies":"Gremlin Nob","floor":6.0,"turns":6.0},{"damage":0.0,"enemies":"Looter","floor":10.0,"turns":2.0},{"damage":0.0,"enemies":"Gremlin Gang","floor":12.0,"turns":3.0},{"damage":0.0,"enemies":"3 Louse","floor":13.0,"turns":2.0},{"damage":0.0,"enemies":"Blue Slaver","floor":14.0,"turns":1.0},{"damage":33.0,"enemies":"The Guardian","floor":16.0,"turns":17.0},{"damage":10.0,"enemies":"Shell Parasite","floor":18.0,"turns":5.0},{"damage":0.0,"enemies":"3 Byrds","floor":19.0,"turns":5.0},{"damage":6.0,"enemies":"Centurion and Healer","floor":21.0,"turns":3.0},{"damage":8.0,"enemies":"Chosen and Byrds","floor":22.0,"turns":5.0},{"damage":32.0,"enemies":"Book of Stabbing","floor":23.0,"turns":5.0},{"damage":6.0,"enemies":"Snake Plant","floor":25.0,"turns":3.0},{"damage":2.0,"enemies":"3 Cultists","floor":30.0,"turns":3.0},{"damage":31.0,"enemies":"Gremlin Leader","floor":31.0,"turns":5.0},{"damage":21,"enemies":"Automaton","floor":33,"turns":10},{"damage":0,"enemies":"3 Shapes","floor":35,"turns":2},{"damage":0,"enemies":"3 Darklings","floor":36,"turns":2},{"damage":2,"enemies":"Transient","floor":39,"turns":5},{"damage":13,"enemies":"Nemesis","floor":40,"turns":5},{"damage":8,"enemies":"4 Shapes","floor":41,"turns":4},{"damage":55,"enemies":"Writhing Mass","floor":42,"turns":2}],"seed_played":"-3016468539562798149","potions_obtained":[{"floor":2.0,"key":"Block Potion"},{"floor":4.0,"key":"SpeedPotion"},{"floor":10.0,"key":"Ancient Potion"},{"floor":12.0,"key":"Explosive Potion"},{"floor":14.0,"key":"Ancient Potion"},{"floor":18.0,"key":"Poison Potion"},{"floor":21.0,"key":"SteroidPotion"},{"floor":22.0,"key":"PowerPotion"},{"floor":23.0,"key":"FearPotion"},{"floor":30.0,"key":"Energy Potion"},{"floor":36,"key":"SpeedPotion"},{"floor":41,"key":"FearPotion"}],"is_trial":false,"path_per_floor":["M","M","?","M","?","E","$","T","T","M","R","M","M","M","R","B",null,"M","M","$","M","M","E","R","M","T","R","$","R","M","E","R","B",null,"M","M","?","$","M","E","M","M"],"character_chosen":"THE_SILENT","items_purchased":["Glass Knife","Corpse Explosion","Vajra","Underhanded Strike","Mayhem"],"campfire_rested":5,"item_purchase_floors":[7,20,20,28,38],"current_hp_per_floor":[68,68,61,61,44,7,7,7,7,9,30,32,34,36,57,26,70,60,62,62,58,52,22,43,39,39,60,60,60,60,31,52,33,70,70,70,61,61,61,50,44,0],"gold":140,"neow_bonus":"ONE_RANDOM_RARE_CARD","is_prod":false,"is_daily":false,"chose_seed":false,"campfire_upgraded":0,"win_rate":0,"timestamp":1549007036,"path_taken":["M","M","?","M","?","E","$","?","T","M","R","M","M","M","R","BOSS","M","?","$","M","M","E","R","M","T","R","$","R","M","E","R","BOSS","M","M","?","$","M","E","M","M"],"build_version":"2019-01-23","purchased_purges":0,"victory":false,"max_hp_per_floor":[70,70,70,70,70,70,70,70,70,70,70,70,70,70,70,70,70,70,70,70,70,70,70,70,70,70,70,70,70,70,70,70,70,70,70,70,70,70,70,70,70,70],"card_choices":[{"not_picked":["Flying Knee","Acrobatics"],"picked":"Dagger Throw","floor":1.0},{"not_picked":["Bane","Blade Dance"],"picked":"Backstab","floor":2.0},{"not_picked":["Prepared","Dagger Throw"],"picked":"Escape Plan","floor":4.0},{"not_picked":["Reflex","Accuracy"],"picked":"Prepared","floor":6.0},{"not_picked":["Quick Slash","Sucker Punch"],"picked":"Endless Agony","floor":10.0},{"not_picked":["Flying Knee","Riddle With Holes"],"picked":"Terror","floor":12.0},{"not_picked":["Backflip","Catalyst"],"picked":"Crippling Poison","floor":13.0},{"not_picked":["PiercingWail","Bane"],"picked":"Crippling Poison","floor":14.0},{"not_picked":["Doppelganger","Phantasmal Killer"],"picked":"Burst","floor":16.0},{"not_picked":["Flying Knee","Quick Slash","Outmaneuver+1"],"picked":"SKIP","floor":18.0},{"not_picked":["Flying Knee","Outmaneuver"],"picked":"Dagger Throw","floor":19.0},{"not_picked":["Cloak And Dagger","Malaise"],"picked":"Choke","floor":21.0},{"not_picked":["Cloak And Dagger","Endless Agony","Outmaneuver"],"picked":"SKIP","floor":22.0},{"not_picked":["Die Die Die","Sucker Punch"],"picked":"Leg Sweep","floor":23.0},{"not_picked":["Blade Dance","Prepared","PiercingWail"],"picked":"SKIP","floor":25.0},{"not_picked":["Endless Agony","Well Laid Plans","Backstab"],"picked":"SKIP","floor":30.0},{"not_picked":["Cloak And Dagger","Quick Slash","Heel Hook+1"],"picked":"SKIP","floor":31.0},{"not_picked":["Die Die Die","Venomology"],"picked":"Bullet Time","floor":33},{"not_picked":["Bane","Blade Dance","Flying Knee"],"picked":"SKIP","floor":35},{"not_picked":["Deflect+1","Dagger Throw"],"picked":"Phantasmal Killer","floor":36},{"not_picked":["Tactician","Slice+1","Accuracy"],"picked":"SKIP","floor":39},{"not_picked":["Terror+1","Calculated Gamble","Deflect+1"],"picked":"SKIP","floor":40},{"not_picked":["All Out Attack","Dodge and Roll+1"],"picked":"Underhanded Strike+1","floor":41}],"player_experience":150188,"relics_obtained":[{"floor":6.0,"key":"Oddly Smooth Stone"},{"floor":8.0,"key":"Blood Vial"},{"floor":9.0,"key":"Omamori"},{"floor":23.0,"key":"Bag of Preparation"},{"floor":26.0,"key":"Bag of Marbles"},{"floor":31.0,"key":"Ancient Tea Set"},{"floor":40,"key":"Letter Opener"}],"event_choices":[{"cards_removed":["Strike_G"],"damage_healed":0.0,"max_hp_gain":0.0,"max_hp_loss":0.0,"gold_gain":0.0,"event_name":"Golden Wing","player_choice":"Card Removal","floor":3.0,"gold_loss":0.0,"damage_taken":7.0},{"damage_healed":0.0,"max_hp_gain":0.0,"max_hp_loss":0.0,"gold_gain":0.0,"event_name":"Golden Idol","player_choice":"Take Damage","floor":5.0,"gold_loss":0.0,"damage_taken":17.0,"relics_obtained":["Golden Idol"]},{"damage_healed":0,"gold_gain":0,"player_choice":"Embrace Madness","damage_taken":9,"max_hp_gain":0,"max_hp_loss":0,"event_name":"Winding Halls","floor":37,"gold_loss":0,"cards_obtained":["Madness","Madness"]}],"is_beta":false,"boss_relics":[{"not_picked":["Runic Pyramid","Runic Dome"],"picked":"Snecko Eye"},{"not_picked":["Orrery","Philosopher\u0027s Stone"],"picked":"Pandora\u0027s Box"}],"items_purged_floors":[],"is_endless":false,"potions_floor_spawned":[2,4,10,12,14,18,21,22,23,30,36,41],"killed_by":"Writhing Mass","ascension_level":1}