{"gold_per_floor":[114,129,199,214,41,56,86,86,111,141,156,186,201,216,216,216],"floor_reached":16,"playtime":988,"items_purged":[],"score":274,"play_id":"6dabec8d-38d2-4002-a32c-64b850f0ecd1","local_time":"20190127131522","daily_mods":["Insanity","ControlledChaos","Elite Swarm"],"is_ascension_mode":false,"campfire_choices":[{"floor":15,"key":"REST"}],"neow_cost":"","seed_source_timestamp":0,"circlet_count":0,"master_deck":["Flame Barrier","Entrench","Thunderclap","Pummel","Iron Wave","Anger","Twin Strike","Headbutt","Heavy Blade","Wild Strike","Warcry","Sever Soul","Power Through","Burning Pact","Pommel Strike","Thunderclap","True Grit","Shrug It Off","Armaments","Warcry","Flex","Bloodletting","Intimidate","Cleave","Iron Wave","Clothesline","Armaments","Twin Strike","Bloodletting","Cleave","Reckless Charge","Body Slam","Havoc","Anger","Clothesline","Wild Strike","Warcry","Battle Trance","Pummel","Heavy Blade","Combust","Corruption","Flex","Heavy Blade","Heavy Blade","Clash","Flex","True Grit","Entrench","Fire Breathing","Iron Wave","Flex","Perfected Strike","Inflame","Swift Strike","Fire Breathing","Double Tap","Barricade","Warcry","Iron Wave","Havoc"],"special_seed":17923,"relics":["Burning Blood","Frozen Eye","Mummified Hand","Art of War","Dodecahedron","Charon\u0027s Ashes"],"potions_floor_usage":[7,7,11,12,16],"damage_taken":[{"damage":11,"enemies":"Jaw Worm","floor":1,"turns":2},{"damage":0,"enemies":"2 Louse","floor":2,"turns":3},{"damage":3,"enemies":"Small Slimes","floor":4,"turns":3},{"damage":0,"enemies":"2 Fungi Beasts","floor":6,"turns":2},{"damage":21,"enemies":"Lagavulin","floor":7,"turns":3},{"damage":18,"enemies":"3 Sentries","floor":10,"turns":5},{"damage":0,"enemies":"Looter","floor":11,"turns":2},{"damage":15,"enemies":"Lagavulin","floor":12,"turns":3},{"damage":26,"enemies":"Exordium Thugs","floor":13,"turns":4},{"damage":15,"enemies":"Large Slime","floor":14,"turns":3},{"damage":52,"enemies":"The Guardian","floor":16,"turns":9}],"seed_played":"-4277099179774056171","potions_obtained":[{"floor":1,"key":"Explosive Potion"},{"floor":2,"key":"Block Potion"},{"floor":10,"key":"Poison Potion"},{"floor":13,"key":"SpeedPotion"}],"is_trial":false,"path_per_floor":["M","M","?","M","$","M","E","?","T","E","M","E","M","M","R","B"],"character_chosen":"IRONCLAD","items_purchased":["Inflame","Fire Potion","Swift Strike"],"campfire_rested":1,"item_purchase_floors":[5,5,5],"current_hp_per_floor":[75,80,80,80,80,80,65,65,65,53,59,50,30,21,45,0],"gold":216,"neow_bonus":"","is_prod":false,"is_daily":true,"chose_seed":false,"campfire_upgraded":0,"win_rate":0,"timestamp":1548623722,"path_taken":["M","M","?","M","$","M","E","?","T","E","M","E","M","M","R","BOSS"],"build_version":"2019-01-23","purchased_purges":0,"victory":false,"max_hp_per_floor":[80,80,80,80,80,80,80,80,80,80,80,80,80,80,80,80],"card_choices":[{"not_picked":["Shrug It Off","Shockwave"],"picked":"Iron Wave","floor":1},{"not_picked":["Clash","Warcry"],"picked":"Flex","floor":2},{"not_picked":["Armaments","Headbutt"],"picked":"Perfected Strike","floor":4},{"not_picked":["Anger","Feed"],"picked":"Fire Breathing","floor":6},{"not_picked":["Fiend Fire","Immolate"],"picked":"Double Tap","floor":7},{"not_picked":["Offering","Exhume"],"picked":"Barricade","floor":10},{"not_picked":["Spot Weakness","Searing Blow"],"picked":"Warcry","floor":11},{"not_picked":["Impervious","Bludgeon","Berserk"],"picked":"SKIP","floor":12},{"not_picked":["Uppercut","Pommel Strike"],"picked":"Iron Wave","floor":13},{"not_picked":["Headbutt","Searing Blow"],"picked":"Havoc","floor":14}],"player_experience":64565,"relics_obtained":[{"floor":7,"key":"Mummified Hand"},{"floor":9,"key":"Art of War"},{"floor":10,"key":"Dodecahedron"},{"floor":12,"key":"Charon\u0027s Ashes"}],"event_choices":[{"damage_healed":0,"gold_gain":70,"player_choice":"Gained Gold","damage_taken":0,"max_hp_gain":0,"max_hp_loss":0,"event_name":"Golden Wing","floor":3,"gold_loss":0},{"damage_healed":0,"gold_gain":0,"player_choice":"Leave","damage_taken":0,"max_hp_gain":0,"max_hp_loss":0,"event_name":"The Cleric","floor":8,"gold_loss":0}],"is_beta":false,"boss_relics":[],"items_purged_floors":[],"is_endless":false,"potions_floor_spawned":[1,2,10,13],"killed_by":"The Guardian","ascension_level":0}