{"gold_per_floor":[118,118,193,293,306,306,338,357,435,452,452,452,452,467,467,563,563,581,581],"floor_reached":19,"playtime":650,"items_purged":[],"score":167,"play_id":"f1e26d8b-30f7-4901-a5cc-1dc192d527f8","local_time":"20190125222442","is_ascension_mode":false,"campfire_choices":[{"data":"Bash","floor":6,"key":"SMITH"},{"floor":13,"key":"REST"},{"floor":15,"key":"REST"}],"neow_cost":"NONE","seed_source_timestamp":535113517712388,"circlet_count":0,"master_deck":["Strike_R","Strike_R","Strike_R","Strike_R","Defend_R","Defend_R","Defend_R","Bash+1"],"relics":["Burning Blood","Potion Belt","Bag of Preparation","Blood Vial","Pantograph"],"potions_floor_usage":[16,16,18,19],"damage_taken":[{"damage":5,"enemies":"Jaw Worm","floor":1,"turns":4},{"damage":5,"enemies":"2 Louse","floor":5,"turns":4},{"damage":45,"enemies":"3 Sentries","floor":7,"turns":13},{"damage":1,"enemies":"Cultist","floor":8,"turns":3},{"damage":23,"enemies":"Lots of Slimes","floor":10,"turns":5},{"damage":8,"enemies":"3 Louse","floor":14,"turns":4},{"damage":53,"enemies":"Slime Boss","floor":16,"turns":13},{"damage":46,"enemies":"Spheric Guardian","floor":18,"turns":7},{"damage":45,"enemies":"Shell Parasite","floor":19,"turns":7}],"seed_played":"-5333121189653365717","potions_obtained":[{"floor":5,"key":"SteroidPotion"},{"floor":8,"key":"Fire Potion"},{"floor":10,"key":"Energy Potion"},{"floor":16,"key":"PowerPotion"},{"floor":18,"key":"AttackPotion"}],"is_trial":false,"path_per_floor":["M","?","?","?","M","R","E","M","T","M","?","?","R","M","R","B",null,"M","M"],"character_chosen":"IRONCLAD","items_purchased":[],"campfire_rested":2,"item_purchase_floors":[],"current_hp_per_floor":[80,77,66,66,67,67,28,35,35,20,20,13,37,37,61,33,80,40,0],"gold":581,"neow_bonus":"RANDOM_COMMON_RELIC","is_prod":false,"is_daily":false,"chose_seed":false,"campfire_upgraded":1,"win_rate":0,"timestamp":1548467682,"path_taken":["M","?","?","?","M","R","E","?","T","?","?","?","R","M","R","BOSS","M","M"],"build_version":"2019-01-23","purchased_purges":0,"victory":false,"max_hp_per_floor":[80,80,80,80,80,80,80,80,80,80,80,80,80,80,80,80,80,80,80],"card_choices":[{"not_picked":["Twin Strike","Fire Breathing","Iron Wave"],"picked":"SKIP","floor":1},{"not_picked":["Second Wind","Shrug It Off","Shockwave"],"picked":"SKIP","floor":5},{"not_picked":["Inflame","Barricade","Spot Weakness"],"picked":"SKIP","floor":7},{"not_picked":["Anger","Seeing Red","Fire Breathing"],"picked":"SKIP","floor":8},{"not_picked":["Feel No Pain","Clothesline","Uppercut"],"picked":"SKIP","floor":10},{"not_picked":["Twin Strike","Searing Blow","Sever Soul"],"picked":"SKIP","floor":14},{"not_picked":["Anger","Thunderclap+1","Wild Strike"],"picked":"SKIP","floor":18}],"player_experience":216499,"relics_obtained":[{"floor":7,"key":"Blood Vial"},{"floor":9,"key":"Pantograph"}],"event_choices":[{"damage_healed":0,"gold_gain":0,"player_choice":"Success","damage_taken":3,"relics_obtained":["Bag of Preparation"],"max_hp_gain":0,"max_hp_loss":0,"event_name":"Scrap Ooze","floor":2,"gold_loss":0},{"damage_healed":0,"gold_gain":75,"player_choice":"Gather Gold","damage_taken":11,"max_hp_gain":0,"max_hp_loss":0,"event_name":"World of Goop","floor":3,"gold_loss":0},{"damage_healed":0,"gold_gain":100,"player_choice":"Gold","damage_taken":0,"max_hp_gain":0,"max_hp_loss":0,"event_name":"Wheel of Change","floor":4,"gold_loss":0},{"cards_removed":["Strike_R"],"damage_healed":0,"gold_gain":0,"player_choice":"Forget","damage_taken":0,"max_hp_gain":0,"max_hp_loss":0,"event_name":"Living Wall","floor":11,"gold_loss":0},{"cards_removed":["Defend_R"],"damage_healed":0,"gold_gain":0,"player_choice":"Card Removal","damage_taken":7,"max_hp_gain":0,"max_hp_loss":0,"event_name":"Golden Wing","floor":12,"gold_loss":0}],"is_beta":false,"boss_relics":[{"not_picked":["Eternal Feather","Cursed Key","Busted Crown"]}],"items_purged_floors":[],"is_endless":false,"potions_floor_spawned":[5,8,10,16,18],"killed_by":"Shell Parasite","ascension_level":0}