{"gold_per_floor":[115,115,129,141,151,176,12,22,22,22],"floor_reached":10,"playtime":565,"items_purged":[],"score":70,"play_id":"a94c9bed-3561-4601-bb3b-47bf7311db6f","local_time":"20190111192733","is_ascension_mode":false,"campfire_choices":[],"neow_cost":"NONE","seed_source_timestamp":26601685429610,"circlet_count":0,"master_deck":["Defend_G","Defend_G","Defend_G","Defend_G","Defend_G","Strike_G","Strike_G","Strike_G","Strike_G","Strike_G","Survivor","Neutralize+1","Strike_G","Heel Hook","Backflip","Dagger Throw","Corpse Explosion","Tactician"],"relics":["Ring of the Snake","Regal Pillow"],"potions_floor_usage":[6,6],"damage_taken":[{"damage":1,"enemies":"Jaw Worm","floor":1,"turns":6},{"damage":4,"enemies":"Cultist","floor":3,"turns":4},{"damage":0,"enemies":"Small Slimes","floor":4,"turns":4},{"damage":4,"enemies":"Looter","floor":5,"turns":3},{"damage":44,"enemies":"Lagavulin","floor":6,"turns":12},{"damage":1,"enemies":"2 Fungi Beasts","floor":8,"turns":3},{"damage":8,"enemies":"Lots of Slimes","floor":10,"turns":3}],"seed_played":"2127108009146911649","potions_obtained":[{"floor":1,"key":"GamblersBrew"},{"floor":3,"key":"GamblersBrew"},{"floor":4,"key":"LiquidBronze"}],"is_trial":false,"path_per_floor":["M","?","M","M","M","E","$","M","T","M"],"character_chosen":"THE_SILENT","items_purchased":["Corpse Explosion"],"campfire_rested":0,"item_purchase_floors":[7],"current_hp_per_floor":[69,69,65,65,61,17,17,16,16,8],"gold":22,"neow_bonus":"UPGRADE_CARD","is_prod":false,"is_daily":false,"chose_seed":false,"campfire_upgraded":0,"win_rate":0,"timestamp":1547227653,"path_taken":["M","?","M","M","M","E","?","M","T","?"],"build_version":"2019-01-10","purchased_purges":0,"victory":false,"max_hp_per_floor":[70,70,70,70,70,70,70,70,70,70],"card_choices":[{"not_picked":["Flechettes","Outmaneuver"],"picked":"Underhanded Strike","floor":1},{"not_picked":["Prepared","Slice"],"picked":"Heel Hook","floor":3},{"not_picked":["Expertise","Outmaneuver"],"picked":"Backflip","floor":4},{"not_picked":["Finisher","Deadly Poison"],"picked":"Dagger Throw","floor":5},{"not_picked":["Bane","Cloak And Dagger","Backstab"],"picked":"SKIP","floor":6},{"not_picked":["Poisoned Stab","Setup"],"picked":"Tactician","floor":8}],"player_experience":188213,"relics_obtained":[{"floor":6,"key":"Regal Pillow"}],"event_choices":[{"cards_removed":["Underhanded Strike"],"damage_healed":0,"gold_gain":0,"player_choice":"Took Card","damage_taken":0,"max_hp_gain":0,"max_hp_loss":0,"event_name":"NoteForYourself","floor":2,"gold_loss":0,"cards_obtained":["Strike_G"]}],"is_beta":false,"boss_relics":[],"items_purged_floors":[],"is_endless":false,"potions_floor_spawned":[1,3,4],"killed_by":"Lots of Slimes","ascension_level":0}