{"gold_per_floor":[110,110,129,50,50,106,123,123,169,204,304,321,332,346,346,446,446,466,478,478,494,494,528,528,551,563,575],"floor_reached":27,"playtime":1384,"items_purged":[],"score":243,"play_id":"e1c3bf9d-0c9a-4791-842c-49d7a684e1ab","local_time":"20181229130535","is_ascension_mode":false,"campfire_choices":[{"floor":8,"key":"REST"},{"floor":15,"key":"REST"},{"floor":24,"key":"REST"}],"neow_cost":"NONE","seed_source_timestamp":6981345360715,"circlet_count":0,"master_deck":["Strike_B","Strike_B","Strike_B","Defend_B","Defend_B","Defend_B","Zap","Dualcast","Ball Lightning","Ball Lightning","Go for the Eyes","Turbo","Auto Shields","Genetic Algorithm","Reprogram","FTL","Barrage","BootSequence","Rainbow","Aggregate","Beam Cell","Melter","Conserve Battery","Streamline","Ball Lightning+1","White Noise+1","Force Field","Skim"],"relics":["Cracked Core","Tiny Chest","Bag of Marbles","Bottled Lightning","Orrery","Dodecahedron","MawBank","Pantograph"],"potions_floor_usage":[16,16,21,23,23,27,27,27],"damage_taken":[{"damage":0,"enemies":"2 Louse","floor":1,"turns":1},{"damage":0,"enemies":"Cultist","floor":3,"turns":3},{"damage":21,"enemies":"3 Sentries","floor":6,"turns":5},{"damage":0,"enemies":"Small Slimes","floor":7,"turns":2},{"damage":24,"enemies":"Gremlin Nob","floor":10,"turns":4},{"damage":7,"enemies":"Looter","floor":12,"turns":3},{"damage":2,"enemies":"Gremlin Gang","floor":13,"turns":4},{"damage":0,"enemies":"2 Fungi Beasts","floor":14,"turns":3},{"damage":43,"enemies":"The Guardian","floor":16,"turns":9},{"damage":7,"enemies":"3 Byrds","floor":18,"turns":5},{"damage":0,"enemies":"Chosen","floor":19,"turns":4},{"damage":13,"enemies":"Shelled Parasite and Fungi","floor":21,"turns":6},{"damage":31,"enemies":"Colosseum Slavers","floor":22,"turns":6},{"damage":30,"enemies":"Gremlin Leader","floor":23,"turns":7},{"damage":32,"enemies":"Slavers","floor":27,"turns":3}],"seed_played":"-6216050341266882269","potions_obtained":[{"floor":6,"key":"PowerPotion"},{"floor":12,"key":"Fruit Juice"},{"floor":16,"key":"Energy Potion"},{"floor":18,"key":"Weak Potion"},{"floor":20,"key":"EntropicBrew"},{"floor":21,"key":"Weak Potion"}],"is_trial":false,"path_per_floor":["M","?","M","$","?","E","M","R","T","E","?","M","M","M","R","B",null,"M","M","?","M","?","E","R","T","T","E"],"character_chosen":"DEFECT","items_purchased":["Go for the Eyes","Turbo"],"campfire_rested":3,"item_purchase_floors":[4,4],"current_hp_per_floor":[82,82,82,82,75,54,54,78,78,54,54,47,45,45,69,31,87,80,80,80,67,36,6,32,32,32,0],"gold":575,"neow_bonus":"TEN_PERCENT_HP_BONUS","is_prod":false,"is_daily":false,"chose_seed":false,"campfire_upgraded":0,"win_rate":0.0,"timestamp":1546085135,"path_taken":["M","?","?","$","?","E","M","R","T","E","?","M","M","M","R","BOSS","M","?","?","?","?","E","R","?","T","E"],"build_version":"2018-12-20","purchased_purges":0,"victory":false,"max_hp_per_floor":[82,82,82,82,82,82,82,82,82,82,82,82,82,82,82,87,87,87,87,87,87,87,87,87,87,87,87],"card_choices":[{"not_picked":["Sweeping Beam","Rebound"],"picked":"Ball Lightning","floor":1},{"not_picked":["Hologram","Heatsinks"],"picked":"Ball Lightning","floor":3},{"not_picked":["Chill","All For One"],"picked":"Auto Shields","floor":6},{"not_picked":["Beam Cell","Rebound"],"picked":"Genetic Algorithm","floor":7},{"not_picked":["Defragment","Reboot"],"picked":"Reprogram","floor":10},{"not_picked":["Consume","Leap"],"picked":"FTL","floor":12},{"not_picked":["Steam","Gash"],"picked":"Barrage","floor":13},{"not_picked":["Steam","Consume"],"picked":"BootSequence","floor":14},{"not_picked":["Meteor Strike","Multi-Cast"],"picked":"Rainbow","floor":16},{"not_picked":["Cold Snap","Ball Lightning"],"picked":"Aggregate","floor":17},{"not_picked":["Coolheaded","Sweeping Beam"],"picked":"Beam Cell","floor":17},{"not_picked":["Leap","Auto Shields"],"picked":"Melter","floor":17},{"not_picked":["Beam Cell","Double Energy"],"picked":"Conserve Battery","floor":17},{"not_picked":["Rebound","Gash"],"picked":"Streamline","floor":17},{"not_picked":["Auto Shields","Reprogram"],"picked":"Ball Lightning+1","floor":18},{"not_picked":["Streamline","Barrage"],"picked":"White Noise+1","floor":19},{"not_picked":["Gash","Coolheaded"],"picked":"Force Field","floor":21},{"not_picked":["Creative AI","Conserve Battery"],"picked":"Skim","floor":23}],"player_experience":63805,"relics_obtained":[{"floor":6,"key":"Tiny Chest"},{"floor":9,"key":"Bag of Marbles"},{"floor":10,"key":"Bottled Lightning"},{"floor":23,"key":"Dodecahedron"},{"floor":25,"key":"MawBank"},{"floor":26,"key":"Pantograph"}],"event_choices":[{"cards_removed":["Defend_B"],"damage_healed":0,"gold_gain":0,"player_choice":"Offered Basic","damage_taken":0,"max_hp_gain":0,"max_hp_loss":0,"event_name":"Bonfire Elementals","floor":2,"gold_loss":0},{"cards_removed":["Strike_B"],"damage_healed":0,"gold_gain":0,"player_choice":"Card Removal","damage_taken":7,"max_hp_gain":0,"max_hp_loss":0,"event_name":"Golden Wing","floor":5,"gold_loss":0},{"damage_healed":0,"gold_gain":100,"player_choice":"Pray","damage_taken":0,"max_hp_gain":0,"max_hp_loss":0,"event_name":"Golden Shrine","floor":11,"gold_loss":0},{"damage_healed":0,"gold_gain":0,"player_choice":"Got Potions","damage_taken":0,"max_hp_gain":0,"max_hp_loss":0,"event_name":"Lab","floor":20,"gold_loss":0},{"damage_healed":0,"gold_gain":0,"player_choice":"Fight","damage_taken":0,"max_hp_gain":0,"max_hp_loss":0,"event_name":"Colosseum","floor":22,"gold_loss":0},{"damage_healed":0,"gold_gain":0,"player_choice":"Fled From Nobs","damage_taken":0,"max_hp_gain":0,"max_hp_loss":0,"event_name":"Colosseum","floor":22,"gold_loss":0}],"is_beta":false,"boss_relics":[{"not_picked":["Calling Bell","Coffee Dripper"],"picked":"Orrery"}],"items_purged_floors":[],"is_endless":false,"potions_floor_spawned":[6,12,16,18,21],"killed_by":"Slavers","ascension_level":0}