{"gold_per_floor":[118,118,135,135,148,173,173,248,248,263,263,319,352,102,102,206,206,216,216,216,141,61,87,87],"floor_reached":24,"playtime":3798,"items_purged":["Pain","Defend_R"],"score":231,"play_id":"553385bd-6325-4f11-ae02-2595441ad49b","local_time":"20181226212741","is_ascension_mode":true,"campfire_choices":[{"data":"Pommel Strike","floor":7,"key":"SMITH"},{"data":"True Grit","floor":11,"key":"SMITH"},{"data":"Deep Breath","floor":15,"key":"SMITH"}],"neow_cost":"PERCENT_DAMAGE","seed_source_timestamp":424867840083547,"circlet_count":0,"master_deck":["Strike_R","Strike_R","Strike_R","Strike_R","Defend_R","Defend_R","Bash","Warcry","Armaments","Pommel Strike+1","True Grit+1","Inflame","Demon Form","Pommel Strike","Deep Breath+1","True Grit","Rage","Barricade","Body Slam","Rampage","Warcry"],"relics":["Burning Blood","Charon\u0027s Ashes","WarpedTongs","Bottled Flame","The Courier","Happy Flower","Juzu Bracelet","Orrery","Orichalcum"],"potions_floor_usage":[13,16,20,23,24,24,24],"damage_taken":[{"damage":5,"enemies":"Small Slimes","floor":1,"turns":5},{"damage":4,"enemies":"Cultist","floor":3,"turns":4},{"damage":8,"enemies":"Jaw Worm","floor":5,"turns":4},{"damage":35,"enemies":"3 Sentries","floor":6,"turns":7},{"damage":1,"enemies":"Red Slaver","floor":10,"turns":4},{"damage":12,"enemies":"3 Sentries","floor":12,"turns":6},{"damage":5,"enemies":"Gremlin Nob","floor":13,"turns":4},{"damage":21,"enemies":"Slime Boss","floor":16,"turns":8},{"damage":23,"enemies":"Spheric Guardian","floor":18,"turns":5},{"damage":41,"enemies":"Slavers","floor":23,"turns":6},{"damage":31,"enemies":"Masked Bandits","floor":24,"turns":3}],"seed_played":"2991929255709032945","potions_obtained":[{"floor":10,"key":"Regen Potion"},{"floor":12,"key":"Regen Potion"},{"floor":16,"key":"Explosive Potion"},{"floor":20,"key":"Fruit Juice"},{"floor":20,"key":"Energy Potion"},{"floor":20,"key":"Dexterity Potion"},{"floor":23,"key":"Fire Potion"}],"is_trial":false,"path_per_floor":["M","?","M","?","M","E","R","?","T","M","R","?","E","$","R","B",null,"M","?","?","?","$","E","?"],"character_chosen":"IRONCLAD","items_purchased":["Pommel Strike","Deep Breath","True Grit","Rage"],"campfire_rested":0,"item_purchase_floors":[14,14,14,14],"current_hp_per_floor":[57,57,59,59,57,28,28,17,17,22,22,16,29,29,29,29,80,63,48,53,53,53,18,0],"gold":87,"neow_bonus":"ONE_RARE_RELIC","is_prod":false,"is_daily":false,"chose_seed":false,"campfire_upgraded":3,"win_rate":0,"timestamp":1545872261,"path_taken":["M","?","?","?","?","E","R","?","T","M","R","?","E","$","R","BOSS","M","?","?","?","$","E","?"],"build_version":"2018-12-20","purchased_purges":2,"victory":false,"max_hp_per_floor":[80,80,80,80,80,80,80,80,80,80,80,80,80,80,80,80,80,80,85,90,90,90,90,90],"card_choices":[{"not_picked":["Sword Boomerang","Headbutt"],"picked":"Warcry","floor":1},{"not_picked":["Clash","Ghostly Armor"],"picked":"Armaments","floor":3},{"not_picked":["Reckless Charge","Clash"],"picked":"Pommel Strike","floor":5},{"not_picked":["Heavy Blade","Pummel","Headbutt"],"picked":"SKIP","floor":6},{"not_picked":["Heavy Blade","Pummel","Headbutt"],"picked":"SKIP","floor":6},{"not_picked":["Uppercut","Whirlwind"],"picked":"True Grit","floor":10},{"not_picked":["Searing Blow","Blood for Blood"],"picked":"Inflame","floor":12},{"not_picked":["Perfected Strike","Feel No Pain"],"picked":"Demon Form","floor":13},{"not_picked":["Offering","Feed"],"picked":"Barricade","floor":16},{"not_picked":["Cleave","Clothesline"],"picked":"Body Slam","floor":17},{"not_picked":["Fire Breathing","Spot Weakness"],"picked":"Rampage","floor":17},{"not_picked":["Clash","Shrug It Off"],"picked":"Warcry","floor":17},{"not_picked":["Disarm","Clothesline+1","Corruption"],"picked":"SKIP","floor":18},{"not_picked":["Searing Blow+1","Headbutt+1","Flex"],"picked":"SKIP","floor":23}],"player_experience":54061,"relics_obtained":[{"floor":6,"key":"Bottled Flame"},{"floor":9,"key":"The Courier"},{"floor":12,"key":"Happy Flower"},{"floor":13,"key":"Juzu Bracelet"},{"floor":23,"key":"Orichalcum"}],"event_choices":[{"cards_removed":["Defend_R"],"damage_healed":0,"gold_gain":0,"player_choice":"Purged","damage_taken":0,"max_hp_gain":0,"max_hp_loss":0,"event_name":"Purifier","floor":2,"gold_loss":0},{"damage_healed":0,"gold_gain":0,"player_choice":"Rummage","damage_taken":0,"relics_obtained":["WarpedTongs"],"max_hp_gain":0,"max_hp_loss":0,"event_name":"Accursed Blacksmith","floor":4,"gold_loss":0,"cards_obtained":["Pain"]},{"damage_healed":0,"gold_gain":75,"player_choice":"Gather Gold","damage_taken":11,"max_hp_gain":0,"max_hp_loss":0,"event_name":"World of Goop","floor":8,"gold_loss":0},{"damage_healed":0,"gold_gain":0,"player_choice":"Searched \u00271\u0027 times","damage_taken":0,"max_hp_gain":0,"max_hp_loss":0,"event_name":"Dead Adventurer","floor":12,"gold_loss":0},{"damage_healed":0,"gold_gain":0,"player_choice":"Shed Blood","damage_taken":20,"max_hp_gain":5,"max_hp_loss":0,"event_name":"Forgotten Altar","floor":19,"gold_loss":0},{"damage_healed":0,"gold_gain":0,"player_choice":"Got Potions","damage_taken":0,"max_hp_gain":0,"max_hp_loss":0,"event_name":"Lab","floor":20,"gold_loss":0},{"cards_removed":["Strike_R"],"damage_healed":0,"gold_gain":0,"player_choice":"Gave Gold","damage_taken":0,"max_hp_gain":0,"max_hp_loss":0,"event_name":"Beggar","floor":21,"gold_loss":75},{"damage_healed":0,"gold_gain":0,"player_choice":"Fought Bandits","damage_taken":0,"max_hp_gain":0,"max_hp_loss":0,"event_name":"Masked Bandits","floor":24,"gold_loss":0}],"is_beta":false,"boss_relics":[{"not_picked":["White Beast Statue","Sozu"],"picked":"Orrery"}],"items_purged_floors":[14,22],"is_endless":false,"potions_floor_spawned":[10,12,16,23],"killed_by":"Masked Bandits","ascension_level":1}