{"gold_per_floor":[110,60,60,80,91,119,119,152,152,170,170],"floor_reached":11,"playtime":545,"items_purged":[],"score":116,"play_id":"d15975d4-dc3d-46fb-816c-e2c5abab9a7e","local_time":"20190121164438","is_ascension_mode":true,"campfire_choices":[{"data":"Bash","floor":7,"key":"SMITH"}],"neow_cost":"NONE","seed_source_timestamp":420422791087500,"circlet_count":0,"master_deck":["Strike_R","Strike_R","Strike_R","Strike_R","Defend_R","Defend_R","Defend_R","Defend_R","Bash+1","Clothesline","Sentinel","Battle Trance","Impervious","Sword Boomerang"],"relics":["Burning Blood","Strawberry","Paper Frog","Happy Flower","Juzu Bracelet"],"potions_floor_usage":[4,6,11,11,11],"damage_taken":[{"damage":9,"enemies":"Jaw Worm","floor":1,"turns":4},{"damage":1,"enemies":"2 Louse","floor":4,"turns":3},{"damage":16,"enemies":"Small Slimes","floor":5,"turns":5},{"damage":6,"enemies":"Gremlin Nob","floor":6,"turns":3},{"damage":36,"enemies":"Lagavulin","floor":8,"turns":7},{"damage":15,"enemies":"3 Louse","floor":10,"turns":5},{"damage":21,"enemies":"3 Sentries","floor":11,"turns":6}],"seed_played":"8326235607384248715","potions_obtained":[{"floor":0,"key":"Block Potion"},{"floor":0,"key":"Fruit Juice"},{"floor":0,"key":"EssenceOfSteel"},{"floor":4,"key":"AttackPotion"},{"floor":10,"key":"SteroidPotion"}],"is_trial":false,"path_per_floor":["M","?","?","M","M","E","R","E","T","M","E"],"character_chosen":"IRONCLAD","items_purchased":[],"campfire_rested":0,"item_purchase_floors":[],"current_hp_per_floor":[69,69,58,68,58,58,58,28,28,19,0],"gold":170,"neow_bonus":"THREE_SMALL_POTIONS","is_prod":false,"is_daily":false,"chose_seed":false,"campfire_upgraded":1,"win_rate":0,"timestamp":1548089078,"path_taken":["M","?","?","M","M","E","R","E","T","M","E"],"build_version":"2019-01-17v2","purchased_purges":0,"victory":false,"max_hp_per_floor":[80,80,87,92,92,92,92,92,92,92,92],"card_choices":[{"not_picked":["Perfected Strike","Heavy Blade"],"picked":"Clothesline","floor":1},{"not_picked":["Twin Strike","Burning Pact"],"picked":"Sentinel","floor":4},{"not_picked":["Armaments","Twin Strike","Perfected Strike"],"picked":"SKIP","floor":5},{"not_picked":["Anger","True Grit"],"picked":"Battle Trance","floor":6},{"not_picked":["Thunderclap","Flex"],"picked":"Impervious","floor":8},{"not_picked":["Heavy Blade","Anger"],"picked":"Sword Boomerang","floor":10}],"player_experience":143017,"relics_obtained":[{"floor":6,"key":"Paper Frog"},{"floor":8,"key":"Happy Flower"},{"floor":9,"key":"Juzu Bracelet"}],"event_choices":[{"cards_removed":["Strike_R"],"damage_healed":0,"gold_gain":0,"player_choice":"Card Removal","damage_taken":0,"max_hp_gain":0,"max_hp_loss":0,"event_name":"The Cleric","floor":2,"gold_loss":50},{"damage_healed":0,"gold_gain":0,"player_choice":"Success","damage_taken":18,"relics_obtained":["Strawberry"],"max_hp_gain":0,"max_hp_loss":0,"event_name":"Scrap Ooze","floor":3,"gold_loss":0}],"is_beta":false,"boss_relics":[],"items_purged_floors":[],"is_endless":false,"potions_floor_spawned":[4,10],"killed_by":"3 Sentries","ascension_level":8}