{"gold_per_floor":[109,184,194,69,85,118,118,136,136,136,150,150,167,67,67,145,145,121,121,135,54,54,54,0,0,0,0],"floor_reached":27,"playtime":809,"items_purged":["Strike_R","Strike_R"],"score":401,"play_id":"2787baaf-5df9-4c52-aa07-522684d34bf9","local_time":"20190108210054","is_ascension_mode":true,"campfire_choices":[{"data":"Armaments","floor":7,"key":"SMITH"},{"data":"Rampage","floor":15,"key":"SMITH"},{"data":"Demon Form","floor":23,"key":"SMITH"},{"data":"Body Slam","floor":25,"key":"SMITH"}],"neow_cost":"NONE","seed_source_timestamp":2755110649205121,"circlet_count":0,"master_deck":["AscendersBane","Strike_R","Strike_R","Strike_R","Defend_R","Defend_R","Defend_R","Defend_R","Bash","Body Slam+1","Armaments+1","Rampage+1","Headbutt","Spot Weakness+1","Parasite","Shockwave+1","Dark Embrace","Shame","Demon Form+1"],"relics":["Black Blood","NeowsBlessing","Toxic Egg 2","StoneCalendar","Calipers","Strawberry"],"potions_floor_usage":[18,27,27],"damage_taken":[{"damage":0,"enemies":"2 Louse","floor":1,"turns":1},{"damage":0,"enemies":"Jaw Worm","floor":3,"turns":1},{"damage":0,"enemies":"Cultist","floor":5,"turns":1},{"damage":56,"enemies":"Gremlin Nob","floor":6,"turns":5},{"damage":16,"enemies":"Lots of Slimes","floor":8,"turns":5},{"damage":13,"enemies":"Looter","floor":11,"turns":4},{"damage":5,"enemies":"3 Louse","floor":13,"turns":4},{"damage":56,"enemies":"The Guardian","floor":16,"turns":11},{"damage":28,"enemies":"2 Thieves","floor":18,"turns":4},{"damage":12,"enemies":"Chosen","floor":20,"turns":5},{"damage":58,"enemies":"Book of Stabbing","floor":27,"turns":4}],"seed_played":"8445525538720181954","potions_obtained":[{"floor":3,"key":"LiquidBronze"},{"floor":8,"key":"Fire Potion"},{"floor":20,"key":"BloodPotion"}],"is_trial":false,"path_per_floor":["M","?","M","$","M","E","R","M","T","?","M","?","M","$","R","B",null,"M","?","M","$","?","R","?","R","T","E"],"character_chosen":"IRONCLAD","items_purchased":["Armaments","Demon Form"],"campfire_rested":0,"item_purchase_floors":[4,21],"current_hp_per_floor":[74,63,69,69,75,25,25,15,15,33,26,75,75,75,75,25,63,45,45,43,43,43,43,43,43,50,0],"gold":0,"neow_bonus":"THREE_ENEMY_KILL","is_prod":false,"is_daily":false,"chose_seed":false,"campfire_upgraded":4,"win_rate":0,"timestamp":1546977654,"path_taken":["M","?","M","$","M","E","R","M","T","?","M","?","?","?","R","BOSS","M","?","M","$","?","R","?","R","T","E"],"build_version":"2019-01-03v4","purchased_purges":2,"victory":false,"max_hp_per_floor":[75,75,75,75,75,75,75,75,75,75,75,75,75,75,75,75,75,75,75,75,75,75,75,75,75,82,82],"card_choices":[{"not_picked":["Heavy Blade","Clothesline"],"picked":"Body Slam","floor":1},{"not_picked":["Wild Strike","Dual Wield","Iron Wave"],"picked":"SKIP","floor":3},{"not_picked":["Armaments","Havoc"],"picked":"Rampage","floor":5},{"not_picked":["Wild Strike","Pommel Strike"],"picked":"Headbutt","floor":6},{"not_picked":["Bludgeon","Clothesline"],"picked":"Spot Weakness+1","floor":8},{"not_picked":["Dual Wield+1","Sword Boomerang"],"picked":"Feel No Pain","floor":11},{"not_picked":["Flex+1","Uppercut"],"picked":"Shockwave+1","floor":13},{"not_picked":["Double Tap+1","Brutality"],"picked":"Dark Embrace","floor":16},{"not_picked":["Dropkick","Rupture","Sever Soul"],"picked":"SKIP","floor":18},{"not_picked":["Armaments+1","Blood for Blood","Hemokinesis"],"picked":"SKIP","floor":20}],"player_experience":688947,"relics_obtained":[{"floor":6,"key":"Toxic Egg 2"},{"floor":9,"key":"StoneCalendar"},{"floor":26,"key":"Strawberry"}],"event_choices":[{"damage_healed":0,"gold_gain":75,"player_choice":"Gather Gold","damage_taken":11,"max_hp_gain":0,"max_hp_loss":0,"event_name":"World of Goop","floor":2,"gold_loss":0},{"damage_healed":18,"gold_gain":0,"player_choice":"Healed and dodged fight","damage_taken":0,"max_hp_gain":0,"max_hp_loss":0,"event_name":"Mushrooms","floor":10,"gold_loss":0,"cards_obtained":["Parasite"]},{"cards_removed":["Feel No Pain"],"damage_healed":49,"gold_gain":0,"player_choice":"Offered Uncommon","damage_taken":0,"max_hp_gain":0,"max_hp_loss":0,"event_name":"Bonfire Elementals","floor":12,"gold_loss":0},{"damage_healed":0,"gold_gain":0,"player_choice":"Stole Relic","damage_taken":0,"relics_obtained":["Calipers"],"max_hp_gain":0,"max_hp_loss":0,"event_name":"Addict","floor":19,"gold_loss":0,"cards_obtained":["Shame"]},{"damage_healed":0,"gold_gain":0,"player_choice":"Ignored","damage_taken":0,"max_hp_gain":0,"max_hp_loss":0,"event_name":"Ghosts","floor":22,"gold_loss":0},{"damage_healed":0,"gold_gain":0,"player_choice":"Paid Fearfully","damage_taken":0,"max_hp_gain":0,"max_hp_loss":0,"event_name":"Masked Bandits","floor":24,"gold_loss":54}],"is_beta":false,"boss_relics":[{"not_picked":["Runic Cube","Lizard Tail"],"picked":"Black Blood"}],"items_purged_floors":[4,14],"is_endless":false,"potions_floor_spawned":[3,8,20],"killed_by":"Book of Stabbing","ascension_level":18}