{"gold_per_floor":[111,111,124,139,139,139,174,174,255,89,89,109,59,69,69,167,167,178,178,194,244,263,263,263],"floor_reached":24,"playtime":1100,"items_purged":[],"score":196,"play_id":"806c55e8-73a8-45b0-85af-256ba556c768","local_time":"20190129202155","is_ascension_mode":false,"campfire_choices":[{"floor":6,"key":"REST"},{"floor":11,"key":"REST"},{"floor":15,"key":"REST"},{"floor":23,"key":"REST"}],"neow_cost":"NONE","seed_source_timestamp":523941898127300,"circlet_count":0,"master_deck":["Defend_G+1","Defend_G+1","Defend_G+1","Defend_G+1","Defend_G+1","Strike_G+1","Strike_G+1","Strike_G+1","Strike_G+1","Strike_G+1","Survivor","Neutralize","Backflip","Flying Knee","Escape Plan","Chrysalis","Underhanded Strike","Envenom","Flying Knee","Underhanded Strike","Cloak And Dagger","Terror","Predator","Bouncing Flask","Cloak And Dagger","Deadly Poison"],"relics":["Fusion Hammer","Potion Belt","Ancient Tea Set","Shuriken","Orrery"],"potions_floor_usage":[16,16,20,22],"damage_taken":[{"damage":0,"enemies":"Jaw Worm","floor":1,"turns":4},{"damage":0,"enemies":"Cultist","floor":3,"turns":4},{"damage":2,"enemies":"2 Louse","floor":4,"turns":3},{"damage":12,"enemies":"Lagavulin","floor":7,"turns":9},{"damage":4,"enemies":"Blue Slaver","floor":12,"turns":4},{"damage":4,"enemies":"Red Slaver","floor":14,"turns":3},{"damage":37,"enemies":"The Guardian","floor":16,"turns":14},{"damage":24,"enemies":"2 Thieves","floor":18,"turns":4},{"damage":11,"enemies":"Spheric Guardian","floor":20,"turns":6},{"damage":20,"enemies":"Centurion and Healer","floor":22,"turns":6},{"damage":42,"enemies":"Book of Stabbing","floor":24,"turns":6}],"seed_played":"1569284751526831225","potions_obtained":[{"floor":3,"key":"Energy Potion"},{"floor":12,"key":"SkillPotion"},{"floor":20,"key":"Fruit Juice"}],"is_trial":false,"path_per_floor":["M","?","M","M","$","R","E","?","T","$","R","M","$","M","R","B",null,"M","?","M","?","M","R","E"],"character_chosen":"THE_SILENT","items_purchased":["Chrysalis","PowerPotion"],"campfire_rested":4,"item_purchase_floors":[10,13],"current_hp_per_floor":[70,70,70,68,68,70,58,58,58,58,70,66,66,62,70,33,70,46,46,35,35,20,42,0],"gold":263,"neow_bonus":"BOSS_RELIC","is_prod":false,"is_daily":false,"chose_seed":false,"campfire_upgraded":0,"win_rate":0,"timestamp":1548822115,"path_taken":["M","?","M","M","?","R","E","?","T","?","R","?","$","M","R","BOSS","M","?","M","?","?","R","E"],"build_version":"2019-01-23","purchased_purges":0,"victory":false,"max_hp_per_floor":[70,70,70,70,70,70,70,70,70,70,70,70,70,70,70,70,70,70,70,70,70,75,75,75],"card_choices":[{"not_picked":["PiercingWail","Eviscerate"],"picked":"Outmaneuver","floor":1},{"not_picked":["Accuracy","Noxious Fumes"],"picked":"Backflip","floor":3},{"not_picked":["Dodge and Roll","Heel Hook"],"picked":"Flying Knee","floor":4},{"not_picked":["Poisoned Stab","Backflip"],"picked":"Escape Plan","floor":7},{"not_picked":["Bouncing Flask","Bullet Time"],"picked":"Underhanded Strike","floor":12},{"not_picked":["Bane","Blur","Endless Agony"],"picked":"SKIP","floor":14},{"not_picked":["Malaise","Die Die Die"],"picked":"Envenom","floor":16},{"not_picked":["Dodge and Roll","All Out Attack"],"picked":"Flying Knee","floor":17},{"not_picked":["Slice","Quick Slash"],"picked":"Underhanded Strike","floor":17},{"not_picked":["Masterful Stab","Terror"],"picked":"Cloak And Dagger","floor":17},{"not_picked":["Reflex","Dagger Throw"],"picked":"Terror","floor":17},{"not_picked":["Reflex","Distraction"],"picked":"Predator","floor":17},{"not_picked":["Backflip","Bane+1"],"picked":"Bouncing Flask","floor":18},{"not_picked":["Deflect","Quick Slash"],"picked":"Cloak And Dagger","floor":20},{"not_picked":["Dagger Spray","Sucker Punch"],"picked":"Deadly Poison","floor":22}],"player_experience":72355,"relics_obtained":[{"floor":7,"key":"Ancient Tea Set"},{"floor":9,"key":"Shuriken"}],"event_choices":[{"cards_removed":["Outmaneuver"],"damage_healed":0,"gold_gain":0,"player_choice":"Gave Card","damage_taken":0,"relics_obtained":["Potion Belt"],"max_hp_gain":0,"max_hp_loss":0,"event_name":"WeMeetAgain","floor":2,"gold_loss":0},{"damage_healed":0,"gold_gain":0,"player_choice":"Ignored","damage_taken":0,"max_hp_gain":0,"max_hp_loss":0,"event_name":"Liars Game","floor":8,"gold_loss":0},{"damage_healed":0,"gold_gain":0,"player_choice":"Simplicity","damage_taken":0,"max_hp_gain":0,"max_hp_loss":0,"event_name":"Back to Basics","floor":19,"gold_loss":0,"cards_upgraded":["Defend_G","Defend_G","Defend_G","Defend_G","Defend_G","Strike_G","Strike_G","Strike_G","Strike_G","Strike_G"]},{"damage_healed":0,"gold_gain":100,"player_choice":"Bet on Murderer","damage_taken":0,"max_hp_gain":0,"max_hp_loss":0,"event_name":"The Joust","floor":21,"gold_loss":50}],"is_beta":false,"boss_relics":[{"not_picked":["Runic Dome","Ectoplasm"],"picked":"Orrery"}],"items_purged_floors":[],"is_endless":false,"potions_floor_spawned":[3,12,20],"killed_by":"Book of Stabbing","ascension_level":0}