{"gold_per_floor":[118,43,43,62,77,77,106,124,124,124,144,144,163,163,163,265,265,278,290,305,305],"floor_reached":21,"playtime":1223,"items_purged":["Strike_R"],"score":210,"play_id":"be97e9ae-eb36-4ad3-a16c-f887e9b5e6d5","local_time":"20180821231530","is_ascension_mode":true,"campfire_choices":[{"data":"True Grit","floor":6,"key":"SMITH"},{"floor":12,"key":"REST"},{"floor":15,"key":"REST"}],"neow_cost":"NONE","seed_source_timestamp":484157370037083,"circlet_count":0,"master_deck":["Defend_R","Defend_R","Defend_R","Defend_R","Bash","Intimidate","Inflame","True Grit+1","Cleave","True Grit+1","Headbutt","Shrug It Off+1","Limit Break+1","Pommel Strike+1"],"relics":["Burning Blood","Toxic Egg 2","Singing Bowl","Empty Cage"],"potions_floor_usage":[7,7,16,16],"damage_taken":[{"damage":6,"enemies":"2 Louse","floor":1,"turns":4},{"damage":8,"enemies":"Jaw Worm","floor":4,"turns":5},{"damage":0,"enemies":"Small Slimes","floor":5,"turns":4},{"damage":34,"enemies":"Gremlin Nob","floor":7,"turns":5},{"damage":6,"enemies":"Gremlin Gang","floor":8,"turns":4},{"damage":10,"enemies":"3 Louse","floor":11,"turns":4},{"damage":4,"enemies":"Large Slime","floor":13,"turns":8},{"damage":30,"enemies":"Hexaghost","floor":16,"turns":17},{"damage":2,"enemies":"Shell Parasite","floor":18,"turns":8},{"damage":52,"enemies":"3 Byrds","floor":19,"turns":5},{"damage":31,"enemies":"Shelled Parasite and Fungi","floor":20,"turns":14},{"damage":21,"enemies":"3 Cultists","floor":21,"turns":3}],"seed_played":"4497682554567920625","potions_obtained":[{"floor":1,"key":"EntropicBrew"},{"floor":5,"key":"Fire Potion"}],"is_trial":false,"path_per_floor":["M","$","?","M","M","R","E","M","T","?","M","R","M","?","R","B",null,"M","M","M"],"character_chosen":"IRONCLAD","items_purchased":[],"campfire_rested":2,"item_purchase_floors":[],"current_hp_per_floor":[80,80,80,78,80,80,52,52,52,45,41,65,69,74,87,63,87,89,43,20,0],"gold":305,"neow_bonus":"TRANSFORM_CARD","is_prod":false,"is_daily":false,"chose_seed":false,"campfire_upgraded":1,"win_rate":0,"timestamp":1534864530,"path_taken":["M","$","?","M","M","R","E","M","T","?","M","R","M","?","R","BOSS","M","?","M","M"],"build_version":"2018-08-16","purchased_purges":1,"victory":false,"max_hp_per_floor":[80,80,80,80,80,80,80,80,80,80,80,80,82,87,87,87,87,89,89,91,91],"card_choices":[{"not_picked":["Burning Pact","Havoc"],"picked":"Inflame","floor":1},{"not_picked":["Pommel Strike","Body Slam"],"picked":"True Grit","floor":4},{"not_picked":["Havoc","Body Slam"],"picked":"Cleave","floor":5},{"not_picked":["Pommel Strike","Battle Trance"],"picked":"True Grit","floor":7},{"not_picked":["Dual Wield+1","Twin Strike"],"picked":"Headbutt","floor":8},{"not_picked":["Sword Boomerang","Infernal Blade+1"],"picked":"Shrug It Off+1","floor":11},{"not_picked":["Flex+1","Perfected Strike","Clash"],"picked":"Singing Bowl","floor":13},{"not_picked":["Berserk","Fiend Fire"],"picked":"Limit Break+1","floor":16},{"not_picked":["Clash+1","Hemokinesis","Body Slam"],"picked":"Singing Bowl","floor":18},{"not_picked":["Armaments+1","Cleave"],"picked":"Pommel Strike+1","floor":19},{"not_picked":["Metallicize","Reckless Charge","Juggernaut"],"picked":"Singing Bowl","floor":20}],"player_experience":267880,"relics_obtained":[{"floor":7,"key":"Toxic Egg 2"},{"floor":9,"key":"Singing Bowl"}],"event_choices":[{"event_name":"Liars Game","player_choice":"disagreed","floor":3,"damage_taken":0},{"event_name":"Golden Wing","player_choice":"Card Removal","floor":10,"damage_taken":0},{"event_name":"Big Fish","player_choice":"Donut","floor":14,"damage_taken":0}],"is_beta":false,"boss_relics":[{"not_picked":["White Beast Statue","Runic Cube"],"picked":"Empty Cage"}],"items_purged_floors":[2],"is_endless":false,"potions_floor_spawned":[1,5,8],"killed_by":"3 Cultists","ascension_level":3}