{"gold_per_floor":[110,285,305,305,320,350,350,350,350,375,386,386,403,413,413,517,517,490,507,57,57,69,69],"floor_reached":23,"playtime":1452,"items_purged":["Doubt"],"score":203,"play_id":"bdd34be6-4456-4542-a47e-5b74faf350e8","local_time":"20190131180302","is_ascension_mode":false,"campfire_choices":[{"data":"Zap","floor":8,"key":"SMITH"},{"data":"Double Energy","floor":15,"key":"SMITH"}],"neow_cost":"TEN_PERCENT_HP_LOSS","seed_source_timestamp":191332046047637,"circlet_count":0,"master_deck":["Strike_B","Strike_B","Strike_B","Strike_B","Defend_B","Defend_B","Defend_B","Defend_B","Zap+1","Dualcast","Rebound+1","Conserve Battery+1","Leap","Auto Shields","Core Surge+1","Redo","Double Energy+1","Beam Cell","Echo Form","Hologram+1","Capacitor"],"relics":["Cracked Core","Mango","Sundial","Vajra","Busted Crown","Incense Burner"],"potions_floor_usage":[6,10,13],"damage_taken":[{"damage":0,"enemies":"Cultist","floor":1,"turns":3},{"damage":0,"enemies":"Small Slimes","floor":3,"turns":3},{"damage":0,"enemies":"2 Louse","floor":5,"turns":2},{"damage":27,"enemies":"Lagavulin","floor":6,"turns":11},{"damage":13,"enemies":"Gremlin Nob","floor":10,"turns":4},{"damage":0,"enemies":"Exordium Wildlife","floor":11,"turns":3},{"damage":1,"enemies":"Lots of Slimes","floor":13,"turns":4},{"damage":0,"enemies":"2 Fungi Beasts","floor":14,"turns":3},{"damage":32,"enemies":"The Guardian","floor":16,"turns":14},{"damage":20,"enemies":"2 Thieves","floor":18,"turns":5},{"damage":5,"enemies":"3 Byrds","floor":19,"turns":4},{"damage":16,"enemies":"Centurion and Healer","floor":22,"turns":7},{"damage":55,"enemies":"Gremlin Leader","floor":23,"turns":9}],"seed_played":"-3853866733815870366","potions_obtained":[{"floor":3,"key":"LiquidBronze"},{"floor":6,"key":"FearPotion"},{"floor":11,"key":"GamblersBrew"}],"is_trial":false,"path_per_floor":["M","?","M","?","M","E","?","R","T","E","M","?","M","M","R","B",null,"M","M","$","?","M","E"],"character_chosen":"DEFECT","items_purchased":["Incense Burner","Capacitor"],"campfire_rested":0,"item_purchase_floors":[20,20],"current_hp_per_floor":[82,82,82,66,66,39,59,59,59,46,46,46,45,45,45,13,82,62,57,57,57,41,0],"gold":69,"neow_bonus":"ONE_RARE_RELIC","is_prod":false,"is_daily":false,"chose_seed":false,"campfire_upgraded":2,"win_rate":0,"timestamp":1548925382,"path_taken":["M","?","M","?","M","E","?","R","T","E","?","?","M","M","R","BOSS","M","M","?","?","M","E"],"build_version":"2019-01-23","purchased_purges":1,"victory":false,"max_hp_per_floor":[82,82,82,82,82,82,82,82,82,82,82,82,82,82,82,82,82,82,82,82,79,79,79],"card_choices":[{"not_picked":["Compile Driver","Rip and Tear"],"picked":"Rebound","floor":1},{"not_picked":["Hologram","Go for the Eyes"],"picked":"Conserve Battery","floor":3},{"not_picked":["Streamline","Rip and Tear"],"picked":"Leap","floor":5},{"not_picked":["Coolheaded","Hologram"],"picked":"Auto Shields","floor":6},{"not_picked":["Coolheaded","Gash"],"picked":"Core Surge","floor":10},{"not_picked":["Turbo","Recycle"],"picked":"Redo","floor":11},{"not_picked":["Redo","Hologram"],"picked":"Double Energy","floor":13},{"not_picked":["Hologram","Cold Snap"],"picked":"Beam Cell","floor":14},{"not_picked":["Amplify","Meteor Strike"],"picked":"Echo Form","floor":16},{"not_picked":[],"picked":"Hologram+1","floor":18},{"not_picked":["Coolheaded"],"picked":"SKIP","floor":19},{"not_picked":["Leap"],"picked":"SKIP","floor":22}],"player_experience":135686,"relics_obtained":[{"floor":6,"key":"Sundial"},{"floor":10,"key":"Vajra"}],"event_choices":[{"damage_healed":0,"gold_gain":175,"player_choice":"AGREE","damage_taken":0,"max_hp_gain":0,"max_hp_loss":0,"event_name":"Liars Game","floor":2,"gold_loss":0,"cards_obtained":["Doubt"]},{"damage_healed":0,"gold_gain":0,"player_choice":"Entered Light","damage_taken":16,"max_hp_gain":0,"max_hp_loss":0,"event_name":"Shining Light","floor":4,"gold_loss":0,"cards_upgraded":["Conserve Battery","Rebound"]},{"damage_healed":20,"gold_gain":0,"player_choice":"Healed and dodged fight","damage_taken":0,"max_hp_gain":0,"max_hp_loss":0,"event_name":"Mushrooms","floor":7,"gold_loss":0,"cards_obtained":["Parasite"]},{"damage_healed":0,"gold_gain":0,"player_choice":"Upgraded","damage_taken":0,"max_hp_gain":0,"max_hp_loss":0,"event_name":"Upgrade Shrine","floor":12,"gold_loss":0,"cards_upgraded":["Core Surge"]},{"cards_removed":["Parasite"],"damage_healed":0,"gold_gain":0,"player_choice":"Removed Curses","damage_taken":0,"max_hp_gain":0,"max_hp_loss":0,"event_name":"Fountain of Cleansing","floor":21,"gold_loss":0}],"is_beta":false,"boss_relics":[{"not_picked":["Coffee Dripper","Calling Bell"],"picked":"Busted Crown"}],"items_purged_floors":[20],"is_endless":false,"potions_floor_spawned":[3,6,11],"killed_by":"Gremlin Leader","ascension_level":0}