{"gold_per_floor":[363,35,48,48,63,63,91,366,366,377,377,397,417,271,271,271],"floor_reached":16,"playtime":591,"items_purged":["Regret"],"score":102,"play_id":"a7e017a4-efc4-49d5-8ccb-94e9cd7dd3ad","local_time":"20181211233306","is_ascension_mode":false,"campfire_choices":[{"data":"Fusion","floor":6,"key":"SMITH"},{"data":"White Noise","floor":11,"key":"SMITH"},{"data":"Reinforced Body","floor":15,"key":"SMITH"}],"neow_cost":"TEN_PERCENT_HP_LOSS","seed_source_timestamp":345273078239417,"circlet_count":0,"master_deck":["Strike_B","Strike_B","Strike_B","Strike_B","Defend_B","Defend_B","Defend_B","Defend_B","Zap","Dualcast","Fusion+1","White Noise+1","Leap","Self Repair","Steam","Reinforced Body+1","Self Repair"],"relics":["Cracked Core","Meat on the Bone","Bottled Lightning"],"potions_floor_usage":[7,16],"damage_taken":[{"damage":1,"enemies":"Cultist","floor":1,"turns":3},{"damage":6,"enemies":"2 Louse","floor":3,"turns":2},{"damage":15,"enemies":"Small Slimes","floor":5,"turns":3},{"damage":20,"enemies":"Gremlin Nob","floor":7,"turns":4},{"damage":3,"enemies":"2 Fungi Beasts","floor":10,"turns":4},{"damage":3,"enemies":"Blue Slaver","floor":12,"turns":4},{"damage":16,"enemies":"Large Slime","floor":13,"turns":5},{"damage":20,"enemies":"Hexaghost","floor":16,"turns":10}],"seed_played":"-8131477533933626787","potions_obtained":[{"floor":1,"key":"SteroidPotion"},{"floor":5,"key":"PowerPotion"},{"floor":7,"key":"PowerPotion"},{"floor":12,"key":"Energy Potion"}],"is_trial":false,"path_per_floor":["M","$","M","?","M","R","E","?","T","M","R","M","M","$","R","B"],"character_chosen":"DEFECT","items_purchased":["Meat on the Bone","Fusion","Self Repair"],"campfire_rested":0,"item_purchase_floors":[2,2,14],"current_hp_per_floor":[67,67,61,61,46,46,38,38,38,42,42,46,49,49,49,29],"gold":271,"neow_bonus":"TWO_FIFTY_GOLD","is_prod":false,"is_daily":false,"chose_seed":false,"campfire_upgraded":3,"win_rate":0,"timestamp":1544567586,"path_taken":["M","$","M","?","M","R","E","?","T","?","R","M","M","$","R","BOSS"],"build_version":"2018-12-06","purchased_purges":1,"victory":false,"max_hp_per_floor":[68,68,68,68,68,68,68,68,68,68,68,68,68,68,68,68],"card_choices":[{"not_picked":["Chill","Compile Driver","Heatsinks"],"picked":"SKIP","floor":1},{"not_picked":["Go for the Eyes","Tempest"],"picked":"White Noise","floor":3},{"not_picked":["Stack","Defragment"],"picked":"Leap","floor":5},{"not_picked":["Darkness","Barrage"],"picked":"Self Repair","floor":7},{"not_picked":["Coolheaded","Sweeping Beam"],"picked":"Steam","floor":10},{"not_picked":["Compile Driver","Static Discharge","Steam"],"picked":"SKIP","floor":12},{"not_picked":["Defragment","Barrage"],"picked":"Reinforced Body","floor":13}],"player_experience":588346,"relics_obtained":[{"floor":7,"key":"Bottled Lightning"}],"event_choices":[{"damage_healed":0,"gold_gain":0,"player_choice":"Leave","damage_taken":0,"max_hp_gain":0,"max_hp_loss":0,"event_name":"The Cleric","floor":4,"gold_loss":0},{"damage_healed":0,"gold_gain":275,"player_choice":"Desecrate","damage_taken":0,"max_hp_gain":0,"max_hp_loss":0,"event_name":"Golden Shrine","floor":8,"gold_loss":0,"cards_obtained":["Regret"]}],"is_beta":false,"boss_relics":[],"items_purged_floors":[14],"is_endless":false,"potions_floor_spawned":[1,5,7,12,13],"killed_by":"Hexaghost","ascension_level":0}