{"gold_per_floor":[119,69,69,85,10,35,35,60,60,60,78,94,94,110,110,213,213,227,70,70,70,87,87,87],"floor_reached":24,"playtime":1561,"items_purged":["Strike_R"],"score":224,"play_id":"860b2a19-2c96-4ca4-ab3e-3a9b9b66af31","local_time":"20190117120313","is_ascension_mode":true,"campfire_choices":[{"floor":7,"key":"REST"},{"data":"Armaments","floor":10,"key":"SMITH"},{"data":"Body Slam","floor":13,"key":"SMITH"},{"floor":15,"key":"REST"},{"floor":23,"key":"REST"}],"neow_cost":"NONE","seed_source_timestamp":4367505272736,"circlet_count":0,"master_deck":["Strike_R","Strike_R","Defend_R","Defend_R","Defend_R","Bash","Hemokinesis","Shockwave","Combust","Sentinel","Heavy Blade","Armaments+1","Body Slam+1","Fiend Fire","Entrench","Writhe"],"relics":["Burning Blood","Mummified Hand","Nunchaku","Bottled Lightning","Busted Crown","Strawberry"],"potions_floor_usage":[16,24],"damage_taken":[{"damage":3,"enemies":"Small Slimes","floor":1,"turns":3},{"damage":7,"enemies":"Jaw Worm","floor":4,"turns":5},{"damage":46,"enemies":"Lagavulin","floor":6,"turns":8},{"damage":20,"enemies":"Gremlin Nob","floor":8,"turns":4},{"damage":4,"enemies":"Cultist","floor":11,"turns":4},{"damage":6,"enemies":"Exordium Wildlife","floor":12,"turns":4},{"damage":29,"enemies":"2 Fungi Beasts","floor":14,"turns":4},{"damage":55,"enemies":"The Guardian","floor":16,"turns":10},{"damage":14,"enemies":"Shell Parasite","floor":18,"turns":5},{"damage":35,"enemies":"Spheric Guardian","floor":22,"turns":5},{"damage":80,"enemies":"Book of Stabbing","floor":24,"turns":7}],"seed_played":"-7616324872995652054","potions_obtained":[{"floor":6,"key":"LiquidBronze"},{"floor":11,"key":"EssenceOfSteel"},{"floor":12,"key":"BloodPotion"}],"is_trial":false,"path_per_floor":["M","?","?","M","$","E","R","E","T","R","M","M","R","M","R","B",null,"M","$","?","?","M","R","E"],"character_chosen":"IRONCLAD","items_purchased":["Regen Potion","Entrench"],"campfire_rested":3,"item_purchase_floors":[5,19],"current_hp_per_floor":[80,80,80,79,79,39,63,49,49,49,51,51,51,28,52,11,80,72,72,72,79,50,76,0],"gold":87,"neow_bonus":"TRANSFORM_CARD","is_prod":false,"is_daily":false,"chose_seed":false,"campfire_upgraded":2,"win_rate":0,"timestamp":1547744593,"path_taken":["M","?","?","M","?","E","R","E","T","R","M","M","R","M","R","BOSS","M","$","?","?","M","R","E"],"build_version":"2019-01-10","purchased_purges":1,"victory":false,"max_hp_per_floor":[80,80,80,80,80,80,80,80,80,80,80,80,80,80,80,80,80,80,80,80,87,87,87,87],"card_choices":[{"not_picked":["Flex","Cleave"],"picked":"Shockwave","floor":1},{"not_picked":["Anger","Perfected Strike"],"picked":"Sentinel","floor":4},{"not_picked":["Wild Strike","Combust"],"picked":"Heavy Blade","floor":6},{"not_picked":["Sentinel","Thunderclap"],"picked":"Armaments","floor":8},{"not_picked":["Whirlwind","Combust","Heavy Blade"],"picked":"SKIP","floor":11},{"not_picked":["Searing Blow","Shrug It Off"],"picked":"Body Slam","floor":12},{"not_picked":["Carnage","Evolve","Thunderclap"],"picked":"SKIP","floor":14},{"not_picked":["Berserk","Exhume"],"picked":"Fiend Fire","floor":16},{"not_picked":["Flex"],"picked":"SKIP","floor":18},{"not_picked":["Armaments"],"picked":"SKIP","floor":22}],"player_experience":63806,"relics_obtained":[{"floor":6,"key":"Mummified Hand"},{"floor":8,"key":"Nunchaku"},{"floor":9,"key":"Bottled Lightning"}],"event_choices":[{"cards_removed":["Strike_R"],"damage_healed":0,"gold_gain":0,"player_choice":"Card Removal","damage_taken":0,"max_hp_gain":0,"max_hp_loss":0,"event_name":"The Cleric","floor":2,"gold_loss":50},{"damage_healed":0,"gold_gain":0,"cards_transformed":["Defend_R"],"player_choice":"Change","damage_taken":0,"max_hp_gain":0,"max_hp_loss":0,"event_name":"Living Wall","floor":3,"gold_loss":0,"cards_obtained":["Combust"]},{"damage_healed":0,"gold_gain":0,"player_choice":"Ignored","damage_taken":0,"max_hp_gain":0,"max_hp_loss":0,"event_name":"Beggar","floor":20,"gold_loss":0},{"damage_healed":0,"gold_gain":0,"player_choice":"Opened","damage_taken":0,"relics_obtained":["Strawberry"],"max_hp_gain":0,"max_hp_loss":0,"event_name":"The Mausoleum","floor":21,"gold_loss":0,"cards_obtained":["Writhe"]}],"is_beta":false,"boss_relics":[{"not_picked":["Calling Bell","Mark of Pain"],"picked":"Busted Crown"}],"items_purged_floors":[19],"is_endless":false,"potions_floor_spawned":[6,11,12],"killed_by":"Book of Stabbing","ascension_level":2}