{"path_per_floor":["M","M","M","M","M","E","R","?","T","$","M","E","?","M","R","B",null,"M","?","M","M","M","R","E","R","T","E","$","R","?","M","R","B",null,"M","M","?","$","M","R","E","R","T","?","?","R","?","?","R","B"],"character_chosen":"IRONCLAD","items_purchased":["Metallicize","Heavy Blade","Oddly Smooth Stone","Fire Breathing","Demon Form","Seeing Red"],"gold_per_floor":[17,35,47,66,82,114,114,84,132,6,25,59,59,70,70,168,168,186,186,200,212,229,229,260,260,260,295,58,58,58,77,77,172,172,188,202,254,32,46,46,71,71,94,0,0,0,0,0,0,0],"floor_reached":51,"campfire_rested":7,"playtime":4306,"item_purchase_floors":[10,10,28,28,38,38],"current_hp_per_floor":[80,77,77,62,52,20,44,44,44,44,49,39,39,46,70,79,80,80,80,77,72,80,80,76,76,76,19,19,43,69,59,59,68,80,72,80,42,42,49,73,38,62,62,62,69,80,70,70,80,15],"items_purged":[],"gold":0,"score":1075,"play_id":"04ff42b1-9fee-43c0-9188-bab611befaeb","local_time":"20180615014806","is_prod":false,"is_daily":false,"chose_seed":false,"is_ascension_mode":false,"campfire_upgraded":3,"win_rate":0.0,"timestamp":1529020086,"campfire_choices":[{"floor":7,"key":"REST"},{"floor":15,"key":"REST"},{"data":"Heavy Blade","floor":23,"key":"SMITH"},{"data":"Heavy Blade","floor":25,"key":"SMITH"},{"floor":29,"key":"REST"},{"data":"Juggernaut","floor":32,"key":"SMITH"},{"floor":40,"key":"REST"},{"floor":42,"key":"REST"},{"floor":46,"key":"REST"},{"floor":49,"key":"REST"}],"path_taken":["M","M","M","M","M","E","R","?","T","$","M","E","?","M","R","BOSS","M","?","M","M","M","R","E","R","T","E","$","R","?","M","R","BOSS","M","M","?","?","M","R","E","R","T","?","?","R","?","?","R","BOSS"],"build_version":"2018-06-07v3","seed_source_timestamp":602989157419410,"purchased_purges":0,"victory":true,"master_deck":["Strike_R","Strike_R","Strike_R","Strike_R","Defend_R","Defend_R","Defend_R","Defend_R","Bash","Barricade+1","Heavy Blade+1","Clash","Iron Wave","Shrug It Off","Iron Wave","Cleave","Metallicize","Heavy Blade+1","Clash","Impervious","Ghostly Armor","Juggernaut+1","Iron Wave","Metallicize","Armaments+1","Metallicize","Shrug It Off+1","Heavy Blade+1","Perfected Strike+1","Fire Breathing","Impervious","Demon Form","Heavy Blade+1","Iron Wave+1","Berserk","Demon Form","Seeing Red","Rage+1","Flame Barrier+1","Madness","Madness"],"max_hp_per_floor":[80,80,80,80,80,80,80,80,80,80,80,80,80,80,80,80,80,80,80,80,80,80,80,80,80,80,80,80,80,80,80,80,80,80,80,80,80,80,80,80,80,80,80,80,80,80,80,80,80,80],"relics":["Burning Blood","Magic Flower","Happy Flower","Bottled Lightning","Velvet Choker","Vajra","Molten Egg 2","Juzu Bracelet","Oddly Smooth Stone","Lizard Tail","Thread and Needle","Paper Frog","Orichalcum","Red Mask","Champion Belt"],"card_choices":[{"not_picked":["Reaper","Offering"],"picked":"Barricade","floor":0},{"not_picked":["Twin Strike","Carnage"],"picked":"Heavy Blade","floor":1},{"not_picked":["True Grit","Pommel Strike"],"picked":"Clash","floor":2},{"not_picked":["Body Slam","Warcry"],"picked":"Iron Wave","floor":3},{"not_picked":["Clothesline","Impervious"],"picked":"Shrug It Off","floor":4},{"not_picked":["Carnage","Shrug It Off"],"picked":"Iron Wave","floor":5},{"not_picked":["Fiend Fire","Reckless Charge"],"picked":"Cleave","floor":6},{"not_picked":["Feel No Pain","Anger"],"picked":"Clash","floor":11},{"not_picked":["True Grit","Blood for Blood"],"picked":"Impervious","floor":12},{"not_picked":["Blood for Blood","Battle Trance"],"picked":"Ghostly Armor","floor":14},{"not_picked":["Fiend Fire","Barricade"],"picked":"Juggernaut","floor":16},{"not_picked":["Combust","Battle Trance+1"],"picked":"Iron Wave","floor":18},{"not_picked":["Corruption+1","Anger"],"picked":"Armaments+1","floor":20},{"not_picked":["Body Slam","Rampage+1"],"picked":"Metallicize","floor":21},{"not_picked":["Body Slam","Pummel"],"picked":"Shrug It Off+1","floor":22},{"not_picked":["Combust","Pommel Strike"],"picked":"Heavy Blade+1","floor":24},{"not_picked":["Twin Strike+1","Thunderclap+1"],"picked":"Perfected Strike+1","floor":27},{"not_picked":["True Grit","Anger+1"],"picked":"Impervious","floor":31},{"not_picked":["Impervious","Fiend Fire+1"],"picked":"Demon Form","floor":33},{"not_picked":["Seeing Red","True Grit+1"],"picked":"Heavy Blade+1","floor":35},{"not_picked":["Armaments","Pommel Strike+1"],"picked":"Iron Wave+1","floor":36},{"not_picked":["Pommel Strike+1","Shrug It Off"],"picked":"Berserk","floor":37},{"not_picked":["Headbutt+1","Seeing Red+1","Perfected Strike+1"],"picked":"SKIP","floor":39},{"not_picked":["Twin Strike+1","Cleave+1"],"picked":"Rage+1","floor":41},{"not_picked":["Impervious","True Grit+1"],"picked":"Flame Barrier+1","floor":45}],"player_experience":11103,"potions_floor_usage":[5,12,12,22,22,24,24,24,27,27,50,50,50],"damage_taken":[{"damage":6,"enemies":"Jaw Worm","floor":1,"turns":6},{"damage":9,"enemies":"Cultist","floor":2,"turns":4},{"damage":6,"enemies":"2 Louse","floor":3,"turns":3},{"damage":21,"enemies":"Large Slime","floor":4,"turns":9},{"damage":16,"enemies":"Gremlin Gang","floor":5,"turns":7},{"damage":38,"enemies":"Lagavulin","floor":6,"turns":9},{"damage":4,"enemies":"2 Fungi Beasts","floor":11,"turns":4},{"damage":19,"enemies":"3 Sentries","floor":12,"turns":8},{"damage":2,"enemies":"Exordium Thugs","floor":14,"turns":7},{"damage":0,"enemies":"Slime Boss","floor":16,"turns":19},{"damage":0,"enemies":"Chosen","floor":18,"turns":4},{"damage":12,"enemies":"Spheric Guardian","floor":20,"turns":6},{"damage":14,"enemies":"Snake Plant","floor":21,"turns":6},{"damage":0,"enemies":"Chosen and Byrds","floor":22,"turns":8},{"damage":13,"enemies":"Book of Stabbing","floor":24,"turns":7},{"damage":66,"enemies":"Gremlin Leader","floor":27,"turns":8},{"damage":19,"enemies":"Sentry and Sphere","floor":31,"turns":6},{"damage":0,"enemies":"Automaton","floor":33,"turns":13},{"damage":17,"enemies":"Orb Walker","floor":35,"turns":5},{"damage":0,"enemies":"3 Shapes","floor":36,"turns":6},{"damage":47,"floor":37,"turns":7},{"damage":2,"enemies":"Maw","floor":39,"turns":9},{"damage":44,"enemies":"2 Orb Walkers","floor":41,"turns":9},{"damage":2,"floor":45,"turns":8},{"damage":74,"enemies":"Awakened One","floor":50,"turns":12}],"relics_obtained":[{"floor":6,"key":"Magic Flower"},{"floor":9,"key":"Happy Flower"},{"floor":12,"key":"Bottled Lightning"},{"floor":24,"key":"Vajra"},{"floor":26,"key":"Molten Egg 2"},{"floor":27,"key":"Juzu Bracelet"},{"floor":37,"key":"Thread and Needle"},{"floor":41,"key":"Paper Frog"},{"floor":43,"key":"Orichalcum"},{"floor":45,"key":"Champion Belt"}],"event_choices":[{"event_name":"The Woman in Blue","player_choice":"Bought 2 Potions","floor":8,"damage_taken":0},{"event_name":"Living Wall","player_choice":"Grow","floor":13,"damage_taken":0},{"event_name":"Transmorgrifier","player_choice":"Transform","floor":19,"damage_taken":0},{"event_name":"The Library","player_choice":"Heal","floor":30,"damage_taken":0},{"event_name":"Mysterious Sphere","player_choice":"Fight","floor":37,"damage_taken":0},{"event_name":"Tomb of Lord Red Mask","player_choice":"Paid","floor":44,"damage_taken":0},{"event_name":"MindBloom","player_choice":"Fight","floor":45,"damage_taken":0},{"event_name":"Winding Halls","player_choice":"Embrace Madness","floor":47,"damage_taken":0},{"event_name":"Duplicator","player_choice":"Ignored","floor":48,"damage_taken":0}],"boss_relics":[{"not_picked":["Black Blood","Astrolabe"],"picked":"Velvet Choker"},{"not_picked":["Cursed Key","Mark of Pain"],"picked":"Lizard Tail"}],"items_purged_floors":[],"potions_floor_spawned":[4,6,11,12,14,21,22,31,35,37],"seed_played":"-462340597099585900","ascension_level":0,"potions_obtained":[{"floor":4,"key":"SpeedPotion"},{"floor":6,"key":"SpeedPotion"},{"floor":8,"key":"Poison Potion"},{"floor":8,"key":"EntropicBrew"},{"floor":12,"key":"Explosive Potion"},{"floor":14,"key":"PowerPotion"},{"floor":22,"key":"Ancient Potion"},{"floor":31,"key":"Poison Potion"},{"floor":35,"key":"FearPotion"},{"floor":37,"key":"Strength Potion"}],"is_trial":false}