{"gold_per_floor":[117,129,129,129,129,129,158,158,211,25,86,104,104,137,137,236,236,252,50,64,98,114,114,90,90,136,154,167,202,214,226,238,250],"floor_reached":33,"playtime":2697,"items_purged":[],"score":285,"play_id":"67ee201d-6e7d-4230-8c3d-d74f126a7879","local_time":"20181114012646","is_ascension_mode":true,"campfire_choices":[{"floor":6,"key":"REST"},{"floor":8,"key":"REST"},{"floor":13,"key":"REST"},{"floor":15,"key":"REST"},{"floor":23,"key":"REST"},{"floor":30,"key":"REST"},{"data":"Poisoned Stab","floor":32,"key":"SMITH"}],"neow_cost":"NONE","seed_source_timestamp":554954978391101,"circlet_count":0,"master_deck":["Defend_G","Defend_G","Defend_G+1","Defend_G","Defend_G","Strike_G","Strike_G","Strike_G","Strike_G","Strike_G","Survivor","Neutralize","Backflip","Deadly Poison+1","Cloak And Dagger","Footwork","Blade Dance","Leg Sweep","Tools of the Trade","Leg Sweep","Infinite Blades","Cloak And Dagger","Dodge and Roll","Blade Dance","Bane","Deadly Poison+1","Endless Agony+1","Acrobatics+1","Poisoned Stab+1","Backflip+1"],"relics":["Ring of the Snake","Tingsha","Dodecahedron","Nunchaku","Vajra","Snake Skull","Ninja Scroll","Meat on the Bone","Tiny Chest","Red Mask","Dream Catcher","MawBank"],"potions_floor_usage":[16,16,21,27,29,33],"damage_taken":[{"damage":0,"enemies":"Jaw Worm","floor":1,"turns":5},{"damage":3,"enemies":"Small Slimes","floor":2,"turns":3},{"damage":30,"enemies":"Lagavulin","floor":7,"turns":6},{"damage":13,"enemies":"3 Sentries","floor":11,"turns":11},{"damage":1,"enemies":"2 Louse","floor":12,"turns":2},{"damage":35,"enemies":"Gremlin Nob","floor":14,"turns":4},{"damage":17,"enemies":"Hexaghost","floor":16,"turns":10},{"damage":0,"enemies":"Shell Parasite","floor":18,"turns":5},{"damage":9,"enemies":"Spheric Guardian","floor":20,"turns":5},{"damage":43,"enemies":"Masked Bandits","floor":21,"turns":5},{"damage":7,"enemies":"Shelled Parasite and Fungi","floor":22,"turns":9},{"damage":29,"enemies":"Cultist and Chosen","floor":27,"turns":8},{"damage":10,"enemies":"Centurion and Healer","floor":28,"turns":7},{"damage":13,"enemies":"Book of Stabbing","floor":29,"turns":6},{"damage":76,"enemies":"Collector","floor":33,"turns":6}],"seed_played":"4853843091492380519","potions_obtained":[{"floor":7,"key":"Strength Potion"},{"floor":11,"key":"SneckoOil"},{"floor":12,"key":"AttackPotion"},{"floor":14,"key":"Energy Potion"},{"floor":21,"key":"Swift Potion"},{"floor":27,"key":"Block Potion"},{"floor":28,"key":"SpeedPotion"}],"is_trial":false,"path_per_floor":["M","M","?","?","?","R","E","R","T","$","?","M","R","E","R","B",null,"M","$","M","?","M","R","$","?","T","M","M","E","R","?","R","B"],"character_chosen":"THE_SILENT","items_purchased":["Snake Skull","Footwork","Tiny Chest","Infinite Blades","Bane"],"campfire_rested":6,"item_purchase_floors":[10,10,19,19,24],"current_hp_per_floor":[77,74,71,56,56,77,47,70,70,70,57,56,77,42,65,48,77,77,77,68,37,42,65,65,65,65,48,50,49,72,72,72,0],"gold":250,"neow_bonus":"TEN_PERCENT_HP_BONUS","is_prod":false,"is_daily":false,"chose_seed":false,"campfire_upgraded":1,"win_rate":0,"timestamp":1542187606,"path_taken":["M","M","?","?","?","R","E","R","T","$","?","M","R","E","R","BOSS","M","$","M","?","M","R","$","?","T","?","M","E","R","?","R","BOSS"],"build_version":"2018-11-08","purchased_purges":0,"victory":false,"max_hp_per_floor":[77,77,77,77,77,77,77,77,77,77,77,77,77,77,77,77,77,77,77,77,77,77,77,77,77,77,77,77,77,77,77,77,77],"card_choices":[{"not_picked":["Bane","Heel Hook"],"picked":"Backflip","floor":1},{"not_picked":["Bane","Backflip"],"picked":"Deadly Poison","floor":2},{"not_picked":["Choke","Deadly Poison"],"picked":"Cloak And Dagger","floor":7},{"not_picked":["PiercingWail","Quick Slash"],"picked":"Blade Dance","floor":11},{"not_picked":["Backflip","Bane"],"picked":"Leg Sweep","floor":12},{"not_picked":["Underhanded Strike","Reflex","Masterful Stab"],"picked":"SKIP","floor":14},{"not_picked":["Doppelganger","Glass Knife"],"picked":"Tools of the Trade","floor":16},{"not_picked":["Outmaneuver","Quick Slash"],"picked":"Leg Sweep","floor":18},{"not_picked":["Backflip","Caltrops"],"picked":"Cloak And Dagger","floor":20},{"not_picked":["Prepared","Flechettes"],"picked":"Dodge and Roll","floor":21},{"not_picked":["Underhanded Strike+1","Dagger Spray"],"picked":"Blade Dance","floor":22},{"not_picked":["Eviscerate+1","Calculated Gamble+1"],"picked":"Endless Agony+1","floor":27},{"not_picked":["Glass Knife","Underhanded Strike"],"picked":"Acrobatics+1","floor":28},{"not_picked":["Acrobatics+1","Sucker Punch"],"picked":"Poisoned Stab","floor":29},{"not_picked":["Dagger Spray","Acrobatics"],"picked":"Backflip+1","floor":30}],"player_experience":43626,"relics_obtained":[{"floor":7,"key":"Nunchaku"},{"floor":9,"key":"Vajra"},{"floor":11,"key":"Ninja Scroll"},{"floor":14,"key":"Meat on the Bone"},{"floor":21,"key":"Red Mask"},{"floor":26,"key":"Dream Catcher"},{"floor":29,"key":"MawBank"}],"event_choices":[{"damage_healed":0,"gold_gain":0,"player_choice":"Success","damage_taken":3,"relics_obtained":["Tingsha"],"max_hp_gain":0,"max_hp_loss":0,"event_name":"Scrap Ooze","floor":3,"gold_loss":0},{"damage_healed":0,"gold_gain":0,"player_choice":"Entered Light","damage_taken":15,"max_hp_gain":0,"max_hp_loss":0,"event_name":"Shining Light","floor":4,"gold_loss":0,"cards_upgraded":["Deadly Poison","Defend_G"]},{"damage_healed":0,"gold_gain":0,"player_choice":"Box","damage_taken":0,"relics_obtained":["Dodecahedron"],"max_hp_gain":0,"max_hp_loss":0,"event_name":"Big Fish","floor":5,"gold_loss":0,"cards_obtained":["Regret"]},{"damage_healed":0,"gold_gain":30,"player_choice":"Searched \u00272\u0027 times","damage_taken":0,"max_hp_gain":0,"max_hp_loss":0,"event_name":"Dead Adventurer","floor":11,"gold_loss":0},{"damage_healed":0,"gold_gain":0,"player_choice":"Fought Bandits","damage_taken":0,"max_hp_gain":0,"max_hp_loss":0,"event_name":"Masked Bandits","floor":21,"gold_loss":0},{"damage_healed":0,"gold_gain":0,"player_choice":"Copied","damage_taken":0,"max_hp_gain":0,"max_hp_loss":0,"event_name":"Duplicator","floor":25,"gold_loss":0,"cards_obtained":["Deadly Poison"]},{"cards_removed":["Regret"],"damage_healed":0,"gold_gain":0,"player_choice":"Card Removal","damage_taken":0,"max_hp_gain":0,"max_hp_loss":0,"event_name":"Wheel of Change","floor":31,"gold_loss":0}],"is_beta":false,"boss_relics":[{"not_picked":["Runic Dome","Fusion Hammer","Coffee Dripper"]}],"items_purged_floors":[],"is_endless":false,"potions_floor_spawned":[7,11,12,14,21,27,28],"killed_by":"Collector","ascension_level":1}