{"gold_per_floor":[118,130,144,154,154,184,184,199,222,54,54,54,54,54,54,54],"floor_reached":16,"playtime":336,"items_purged":["Regret"],"score":100,"play_id":"88fd014b-0262-4f15-a73d-674418ddf4a8","local_time":"20190120213506","is_ascension_mode":false,"campfire_choices":[{"data":"Cleave","floor":7,"key":"SMITH"},{"data":"Thunderclap","floor":11,"key":"SMITH"},{"floor":15,"key":"REST"}],"neow_cost":"NONE","seed_source_timestamp":100451729284452,"circlet_count":0,"master_deck":["Strike_R","Strike_R","Strike_R","Strike_R","Defend_R","Defend_R","Defend_R","Defend_R","Cleave+1","Sword Boomerang","Thunderclap+1","Purity+1"],"relics":["Burning Blood","NeowsBlessing","Toxic Egg 2","Bag of Preparation"],"potions_floor_usage":[6],"damage_taken":[{"damage":0,"enemies":"Cultist","floor":1,"turns":1},{"damage":0,"enemies":"Small Slimes","floor":2,"turns":1},{"damage":0,"enemies":"Jaw Worm","floor":3,"turns":1},{"damage":26,"enemies":"Large Slime","floor":4,"turns":8},{"damage":28,"enemies":"Gremlin Nob","floor":6,"turns":4},{"damage":10,"enemies":"Exordium Wildlife","floor":8,"turns":5},{"damage":49,"enemies":"The Guardian","floor":16,"turns":9}],"seed_played":"-5652568501811288613","potions_obtained":[{"floor":3,"key":"FearPotion"},{"floor":4,"key":"SteroidPotion"}],"is_trial":false,"path_per_floor":["M","M","M","M","?","E","R","M","T","$","R","?","?","$","R","B"],"character_chosen":"IRONCLAD","items_purchased":["Purity+1"],"campfire_rested":1,"item_purchase_floors":[10],"current_hp_per_floor":[80,80,80,60,60,38,38,34,34,34,34,27,27,27,51,2],"gold":54,"neow_bonus":"THREE_ENEMY_KILL","is_prod":false,"is_daily":false,"chose_seed":false,"campfire_upgraded":2,"win_rate":0,"timestamp":1548032706,"path_taken":["M","M","?","?","?","E","R","?","T","$","R","?","?","?","R","BOSS"],"build_version":"2019-01-17v2","purchased_purges":1,"victory":false,"max_hp_per_floor":[80,80,80,80,80,80,80,80,80,80,80,80,80,80,80,80],"card_choices":[{"not_picked":["Armaments","Combust","Clothesline"],"picked":"SKIP","floor":1},{"not_picked":["Armaments","Body Slam","Havoc"],"picked":"SKIP","floor":2},{"not_picked":["Blood for Blood","Rage"],"picked":"Cleave","floor":3},{"not_picked":["Perfected Strike","Rupture","Warcry"],"picked":"SKIP","floor":4},{"not_picked":["Double Tap","Headbutt"],"picked":"Sword Boomerang","floor":6},{"not_picked":["Clothesline","Thunderclap","Cleave"],"picked":"SKIP","floor":8},{"not_picked":["Clothesline","Cleave"],"picked":"Thunderclap","floor":8}],"player_experience":204440,"relics_obtained":[{"floor":6,"key":"Toxic Egg 2"},{"floor":9,"key":"Bag of Preparation"}],"event_choices":[{"damage_healed":0,"gold_gain":0,"player_choice":"1 cards matched","damage_taken":0,"max_hp_gain":0,"max_hp_loss":0,"event_name":"Match and Keep!","floor":5,"gold_loss":0,"cards_obtained":["Regret"]},{"cards_removed":["Bash"],"damage_healed":0,"gold_gain":0,"player_choice":"Card Removal","damage_taken":7,"max_hp_gain":0,"max_hp_loss":0,"event_name":"Golden Wing","floor":12,"gold_loss":0},{"cards_removed":["Strike_R"],"damage_healed":0,"gold_gain":0,"player_choice":"Forget","damage_taken":0,"max_hp_gain":0,"max_hp_loss":0,"event_name":"Living Wall","floor":13,"gold_loss":0}],"is_beta":false,"boss_relics":[],"items_purged_floors":[10],"is_endless":false,"potions_floor_spawned":[3,4],"killed_by":"The Guardian","ascension_level":0}