{"gold_per_floor":[118,118,118,134,59,85,85,85,85,96,114,130,130,142,142,142],"floor_reached":16,"playtime":564,"items_purged":["Defend_R"],"score":102,"play_id":"647fd6db-f381-4097-a4d7-5f02e2f40bf5","local_time":"20190126195854","is_ascension_mode":false,"campfire_choices":[{"floor":7,"key":"REST"},{"data":"Shrug It Off","floor":13,"key":"SMITH"},{"data":"Bash","floor":15,"key":"SMITH"}],"neow_cost":"NONE","seed_source_timestamp":612850561184568,"circlet_count":0,"master_deck":["Strike_R+1","Strike_R+1","Strike_R+1","Defend_R+1","Defend_R","Defend_R","Bash+1","Shrug It Off+1"],"relics":["Burning Blood","Whetstone","The Courier"],"potions_floor_usage":[16,16,16],"damage_taken":[{"damage":6,"enemies":"Jaw Worm","floor":1,"turns":4},{"damage":0,"enemies":"Cultist","floor":4,"turns":4},{"damage":46,"enemies":"Lagavulin","floor":6,"turns":7},{"damage":0,"enemies":"2 Louse","floor":10,"turns":3},{"damage":15,"enemies":"Exordium Wildlife","floor":11,"turns":4},{"damage":5,"enemies":"3 Louse","floor":12,"turns":4},{"damage":8,"enemies":"Large Slime","floor":14,"turns":5},{"damage":51,"enemies":"Slime Boss","floor":16,"turns":16}],"seed_played":"6960119203031172351","potions_obtained":[{"floor":6,"key":"SteroidPotion"},{"floor":10,"key":"GamblersBrew"},{"floor":11,"key":"PowerPotion"}],"is_trial":false,"path_per_floor":["M","?","?","M","$","E","R","$","T","M","M","M","R","M","R","B"],"character_chosen":"IRONCLAD","items_purchased":[],"campfire_rested":1,"item_purchase_floors":[],"current_hp_per_floor":[80,64,64,70,70,30,54,54,54,60,51,52,52,50,50,0],"gold":142,"neow_bonus":"REMOVE_CARD","is_prod":false,"is_daily":false,"chose_seed":false,"campfire_upgraded":2,"win_rate":0,"timestamp":1548545334,"path_taken":["M","?","?","M","$","E","R","$","T","?","?","M","R","M","R","BOSS"],"build_version":"2019-01-23","purchased_purges":1,"victory":false,"max_hp_per_floor":[80,80,80,80,80,80,80,80,80,80,80,80,80,80,80,80],"card_choices":[{"not_picked":["Clothesline","Combust","Cleave"],"picked":"SKIP","floor":1},{"not_picked":["Uppercut","Infernal Blade","Clothesline"],"picked":"SKIP","floor":4},{"not_picked":["Feel No Pain","Battle Trance","Twin Strike"],"picked":"SKIP","floor":6},{"not_picked":["Shockwave","Wild Strike","Sword Boomerang"],"picked":"SKIP","floor":10},{"not_picked":["Flex","Wild Strike","Disarm"],"picked":"SKIP","floor":11},{"not_picked":["Flame Barrier","Body Slam"],"picked":"Shrug It Off","floor":12},{"not_picked":["Rupture","Anger","Entrench"],"picked":"SKIP","floor":14}],"player_experience":233732,"relics_obtained":[{"floor":6,"key":"Whetstone"},{"floor":9,"key":"The Courier"}],"event_choices":[{"damage_healed":0,"gold_gain":0,"player_choice":"Entered Light","damage_taken":16,"max_hp_gain":0,"max_hp_loss":0,"event_name":"Shining Light","floor":2,"gold_loss":0,"cards_upgraded":["Defend_R","Strike_R"]},{"cards_removed":["Strike_R"],"damage_healed":0,"gold_gain":0,"player_choice":"Offered Basic","damage_taken":0,"max_hp_gain":0,"max_hp_loss":0,"event_name":"Bonfire Elementals","floor":3,"gold_loss":0}],"is_beta":false,"boss_relics":[],"items_purged_floors":[5],"is_endless":false,"potions_floor_spawned":[6,10,11],"killed_by":"Slime Boss","ascension_level":0}