{"gold_per_floor":[118,293,293,75,87,87,87,117,117,127,146,146,157,185,185,290,290,255,267,285,298,198,198,217,292,317,317],"floor_reached":27,"playtime":868,"items_purged":["Doubt","Defend_R"],"score":250,"play_id":"277c31df-314a-4ca7-8ffd-db4cfdec3390","local_time":"20190125221340","is_ascension_mode":false,"campfire_choices":[{"data":"Bash","floor":6,"key":"SMITH"},{"data":"Strike_R","floor":15,"key":"SMITH"},{"floor":23,"key":"REST"}],"neow_cost":"NONE","seed_source_timestamp":534233190857801,"circlet_count":0,"master_deck":["Strike_R+1","Strike_R+1","Strike_R","Defend_R+1","Defend_R+1","Bash+1","Impervious+1","Burning Pact+1","Shockwave+1","Cleave+1"],"relics":["Burning Blood","NeowsBlessing","War Paint","Unceasing Top","Sundial","Bronze Scales","Astrolabe","Whetstone"],"potions_floor_usage":[16,16,21,24],"damage_taken":[{"damage":0,"enemies":"Small Slimes","floor":1,"turns":1},{"damage":0,"enemies":"2 Louse","floor":5,"turns":1},{"damage":0,"enemies":"3 Sentries","floor":8,"turns":2},{"damage":6,"enemies":"Cultist","floor":10,"turns":3},{"damage":0,"enemies":"Large Slime","floor":11,"turns":5},{"damage":14,"enemies":"Lots of Slimes","floor":13,"turns":7},{"damage":39,"enemies":"Lagavulin","floor":14,"turns":6},{"damage":35,"enemies":"Hexaghost","floor":16,"turns":12},{"damage":38,"enemies":"2 Thieves","floor":18,"turns":5},{"damage":18,"enemies":"Spheric Guardian","floor":19,"turns":6},{"damage":4,"enemies":"Chosen and Byrds","floor":20,"turns":7},{"damage":31,"enemies":"Centurion and Healer","floor":21,"turns":9},{"damage":25,"enemies":"3 Cultists","floor":24,"turns":6},{"damage":22,"enemies":"Sentry and Sphere","floor":27,"turns":5}],"seed_played":"6977359235816966593","potions_obtained":[{"floor":5,"key":"SpeedPotion"},{"floor":10,"key":"Block Potion"},{"floor":11,"key":"Fire Potion"},{"floor":18,"key":"AttackPotion"},{"floor":21,"key":"BloodPotion"}],"is_trial":false,"path_per_floor":["M","?","?","$","M","R","$","E","T","M","M","?","M","E","R","B",null,"M","M","M","M","$","R","M","?","T","M"],"character_chosen":"IRONCLAD","items_purchased":["War Paint"],"campfire_rested":1,"item_purchase_floors":[4],"current_hp_per_floor":[80,80,80,80,80,80,80,80,80,80,80,80,72,39,39,10,80,48,36,38,13,13,37,26,18,18,0],"gold":317,"neow_bonus":"THREE_ENEMY_KILL","is_prod":false,"is_daily":false,"chose_seed":false,"campfire_upgraded":2,"win_rate":0,"timestamp":1548467020,"path_taken":["M","?","?","$","?","R","$","E","T","M","M","?","M","E","R","BOSS","M","?","M","?","$","R","M","?","T","?"],"build_version":"2019-01-23","purchased_purges":2,"victory":false,"max_hp_per_floor":[80,80,80,80,80,80,80,80,80,80,80,80,80,80,80,80,80,80,80,80,80,80,80,80,80,80,80],"card_choices":[{"not_picked":["Perfected Strike","Entrench","Iron Wave"],"picked":"SKIP","floor":1},{"not_picked":["Entrench","Havoc","Inflame"],"picked":"SKIP","floor":5},{"not_picked":["Entrench","Havoc","Inflame"],"picked":"SKIP","floor":5},{"not_picked":["Berserk","Armaments","Clash"],"picked":"SKIP","floor":8},{"not_picked":["Sever Soul","Wild Strike","Dropkick"],"picked":"SKIP","floor":10},{"not_picked":["Burning Pact","Wild Strike","True Grit"],"picked":"SKIP","floor":11},{"not_picked":["Wild Strike","Clothesline","Intimidate"],"picked":"SKIP","floor":13},{"not_picked":["Searing Blow","Barricade","Pommel Strike"],"picked":"SKIP","floor":14},{"not_picked":["Heavy Blade+1","Iron Wave","True Grit+1"],"picked":"SKIP","floor":18},{"not_picked":["Iron Wave","Twin Strike","Sentinel+1"],"picked":"SKIP","floor":19},{"not_picked":["Clothesline+1","Combust","Sever Soul"],"picked":"SKIP","floor":20},{"not_picked":["Twin Strike","Perfected Strike+1","Body Slam"],"picked":"SKIP","floor":21},{"not_picked":["Rage+1","Reckless Charge"],"picked":"Cleave","floor":24}],"player_experience":215631,"relics_obtained":[{"floor":8,"key":"Unceasing Top"},{"floor":9,"key":"Sundial"},{"floor":14,"key":"Bronze Scales"},{"floor":26,"key":"Whetstone"}],"event_choices":[{"damage_healed":0,"gold_gain":175,"player_choice":"AGREE","damage_taken":0,"max_hp_gain":0,"max_hp_loss":0,"event_name":"Liars Game","floor":2,"gold_loss":0,"cards_obtained":["Doubt"]},{"damage_healed":0,"gold_gain":0,"player_choice":"Full Heal","damage_taken":0,"max_hp_gain":0,"max_hp_loss":0,"event_name":"Wheel of Change","floor":3,"gold_loss":0},{"damage_healed":0,"gold_gain":0,"player_choice":"0 cards matched","damage_taken":0,"max_hp_gain":0,"max_hp_loss":0,"event_name":"Match and Keep!","floor":12,"gold_loss":0,"cards_obtained":[]},{"damage_healed":0,"gold_gain":75,"player_choice":"Touch","damage_taken":8,"max_hp_gain":0,"max_hp_loss":0,"event_name":"FaceTrader","floor":25,"gold_loss":0}],"is_beta":false,"boss_relics":[{"not_picked":["Philosopher\u0027s Stone","Mark of Pain"],"picked":"Astrolabe"}],"items_purged_floors":[4,22],"is_endless":false,"potions_floor_spawned":[5,10,11,18,21],"killed_by":"Sentry and Sphere","ascension_level":0}