{"gold_per_floor":[113,131,148,148,148,174,174,202,202,202,221,240,307,332,332,430,430,449,460,73,173,173,173,205,205,257,285,285,316,51,71,71,171,221,239,239,256,356,1,1,20,30,30,64,64,90,100,114,114,114],"floor_reached":51,"playtime":3647,"items_purged":["Strike_R"],"score":948,"play_id":"b2c7ca25-077a-4dc3-869a-c3104d935d0f","local_time":"20190203015637","is_ascension_mode":true,"campfire_choices":[{"data":"Bash","floor":7.0,"key":"SMITH"},{"data":"Demon Form","floor":10.0,"key":"SMITH"},{"data":"Carnage","floor":15,"key":"SMITH"},{"floor":23,"key":"REST"},{"data":"Seeing Red","floor":25,"key":"SMITH"},{"floor":32,"key":"REST"},{"data":"Metamorphosis","floor":40,"key":"SMITH"},{"data":"True Grit","floor":45,"key":"SMITH"},{"floor":49,"key":"REST"}],"neow_cost":"NONE","seed_source_timestamp":0,"circlet_count":0,"master_deck":["Strike_R","Strike_R+1","Defend_R","Defend_R","Defend_R","Bash+1","Battle Trance","Dropkick+1","Iron Wave","Demon Form+1","Pommel Strike","True Grit+1","Carnage+1","Cleave","Demon Form+1","Anger+1","Seeing Red+1","Shrug It Off","RitualDagger","Sword Boomerang","Impervious","Limit Break","Metamorphosis+1","Infernal Blade+1","True Grit+1"],"special_seed":0,"relics":["Burning Blood","Self Forming Clay","Orichalcum","Odd Mushroom","The Courier","Whetstone","Busted Crown","Singing Bowl","Bag of Marbles","Champion Belt","Question Card","Juzu Bracelet","Potion Belt","Omamori","Bronze Scales","Gremlin Horn","Tiny House","StoneCalendar","Kunai","Darkstone Periapt","Art of War","Pantograph"],"potions_floor_usage":[21,24,35,41,44,50,50,50],"damage_taken":[{"damage":7.0,"enemies":"Small Slimes","floor":1.0,"turns":5.0},{"damage":0.0,"enemies":"2 Louse","floor":2.0,"turns":3.0},{"damage":1.0,"enemies":"Cultist","floor":3.0,"turns":3.0},{"damage":16.0,"enemies":"Gremlin Nob","floor":6.0,"turns":4.0},{"damage":4.0,"enemies":"The Mushroom Lair","floor":8.0,"turns":3.0},{"damage":14.0,"enemies":"Exordium Thugs","floor":11.0,"turns":4.0},{"damage":8.0,"enemies":"2 Fungi Beasts","floor":12.0,"turns":5.0},{"damage":14,"enemies":"Lagavulin","floor":14,"turns":4},{"damage":35,"enemies":"The Guardian","floor":16,"turns":7},{"damage":16,"enemies":"Shell Parasite","floor":18,"turns":5},{"damage":12,"enemies":"3 Byrds","floor":19,"turns":5},{"damage":21,"enemies":"Colosseum Slavers","floor":21,"turns":3},{"damage":18,"enemies":"Colosseum Nobs","floor":21,"turns":4},{"damage":9,"enemies":"Slavers","floor":24,"turns":6},{"damage":9,"enemies":"Gremlin Leader","floor":27,"turns":5},{"damage":43,"enemies":"Book of Stabbing","floor":29,"turns":5},{"damage":0,"enemies":"Centurion and Healer","floor":31,"turns":4},{"damage":15,"enemies":"Champ","floor":33,"turns":7},{"damage":9,"enemies":"3 Shapes","floor":35,"turns":6},{"damage":12,"enemies":"3 Darklings","floor":37,"turns":4},{"damage":0,"enemies":"Mind Bloom Boss Battle","floor":38,"turns":4},{"damage":14,"enemies":"Writhing Mass","floor":41,"turns":4},{"damage":19,"enemies":"Transient","floor":42,"turns":5},{"damage":0,"enemies":"Nemesis","floor":44,"turns":3},{"damage":19,"enemies":"Giant Head","floor":46,"turns":7},{"damage":20,"enemies":"Maw","floor":47,"turns":7},{"damage":18,"enemies":"4 Shapes","floor":48,"turns":4},{"damage":59,"enemies":"Awakened One","floor":50,"turns":7}],"seed_played":"-5295766999270061974","potions_obtained":[{"floor":1.0,"key":"Poison Potion"},{"floor":2.0,"key":"Regen Potion"},{"floor":3.0,"key":"AttackPotion"},{"floor":12,"key":"Poison Potion"},{"floor":19,"key":"EssenceOfSteel"},{"floor":29,"key":"AttackPotion"},{"floor":31,"key":"Fire Potion"},{"floor":33,"key":"FearPotion"},{"floor":34,"key":"AttackPotion"},{"floor":44,"key":"BloodPotion"},{"floor":47,"key":"Energy Potion"},{"floor":48,"key":"LiquidBronze"}],"is_trial":false,"path_per_floor":["M","M","M","?","?","E","R","?","T","R","M","M","?","E","R","B",null,"M","M","$","?","?","R","E","R","T","E","?","E","$","M","R","B",null,"M","?","M","?","$","R","M","M","T","E","R","E","M","M","R","B",null],"character_chosen":"IRONCLAD","items_purchased":["Singing Bowl","Bag of Marbles","Seeing Red","Gremlin Horn","Metamorphosis","Kunai"],"campfire_rested":3,"item_purchase_floors":[20,20,20,30,39,39],"current_hp_per_floor":[79,80,80,80,68,70,70,72,72,72,64,62,62,54,54,25,80,70,64,64,39,39,63,62,62,62,59,53,16,16,22,47,38,91,90,90,86,94,94,94,86,75,75,81,81,70,58,48,79,61],"gold":114,"neow_bonus":"REMOVE_CARD","is_prod":false,"is_daily":false,"chose_seed":false,"campfire_upgraded":6,"win_rate":0,"timestamp":1549126597,"path_taken":["M","M","M","?","?","E","R","?","T","R","M","M","?","E","R","BOSS","M","M","$","?","?","R","E","R","T","E","?","E","$","M","R","BOSS","M","?","M","?","$","R","M","M","T","E","R","E","M","M","R","BOSS"],"build_version":"2019-01-23","purchased_purges":1,"victory":true,"max_hp_per_floor":[80,80,80,80,80,80,80,80,80,80,80,80,80,80,80,80,80,80,80,80,82,82,82,84,84,84,84,84,84,84,84,84,84,91,93,93,95,97,97,97,97,99,99,99,99,101,103,105,105,105],"card_choices":[{"not_picked":["Power Through","Whirlwind"],"picked":"Battle Trance","floor":1.0},{"not_picked":["Sentinel","Heavy Blade"],"picked":"Dropkick","floor":2.0},{"not_picked":["Wild Strike","Twin Strike"],"picked":"Iron Wave","floor":3.0},{"not_picked":["Pummel","True Grit"],"picked":"Demon Form","floor":6.0},{"not_picked":["Bloodletting","Wild Strike"],"picked":"Pommel Strike","floor":8.0},{"not_picked":["Havoc","Clash"],"picked":"True Grit","floor":11.0},{"not_picked":["Metallicize","Brutality"],"picked":"Carnage","floor":12},{"not_picked":["Rupture","Havoc"],"picked":"Cleave","floor":14},{"not_picked":["Impervious","Dark Embrace"],"picked":"Demon Form","floor":16},{"not_picked":[],"picked":"Anger","floor":18},{"not_picked":["Armaments"],"picked":"SKIP","floor":19},{"not_picked":["Sever Soul"],"picked":"Singing Bowl","floor":21},{"not_picked":["Iron Wave","Thunderclap"],"picked":"Singing Bowl","floor":24},{"not_picked":["Pommel Strike"],"picked":"Shrug It Off","floor":27},{"not_picked":["Burning Pact"],"picked":"Sword Boomerang","floor":29},{"not_picked":["Anger+1"],"picked":"Impervious","floor":31},{"not_picked":["Dark Embrace"],"picked":"Limit Break","floor":33},{"not_picked":["Second Wind+1","Rampage"],"picked":"Singing Bowl","floor":34},{"not_picked":["Perfected Strike","Clothesline+1"],"picked":"Singing Bowl","floor":35},{"not_picked":["Metallicize","Corruption"],"picked":"Singing Bowl","floor":37},{"not_picked":["Hemokinesis+1","Bloodletting"],"picked":"Singing Bowl","floor":38},{"not_picked":["Sever Soul"],"picked":"Infernal Blade+1","floor":41},{"not_picked":["Body Slam+1","Hemokinesis"],"picked":"Singing Bowl","floor":42},{"not_picked":["Bloodletting+1"],"picked":"True Grit+1","floor":44},{"not_picked":["Body Slam","Metallicize"],"picked":"Singing Bowl","floor":46},{"not_picked":["Pommel Strike+1","Sentinel+1"],"picked":"Singing Bowl","floor":47},{"not_picked":["Armaments","Thunderclap"],"picked":"Singing Bowl","floor":48}],"player_experience":165034,"relics_obtained":[{"floor":6.0,"key":"Orichalcum"},{"floor":8.0,"key":"Odd Mushroom"},{"floor":9.0,"key":"The Courier"},{"floor":14,"key":"Whetstone"},{"floor":21,"key":"Champion Belt"},{"floor":21,"key":"Question Card"},{"floor":24,"key":"Juzu Bracelet"},{"floor":26,"key":"Potion Belt"},{"floor":27,"key":"Omamori"},{"floor":29,"key":"Bronze Scales"},{"floor":38,"key":"StoneCalendar"},{"floor":43,"key":"Darkstone Periapt"},{"floor":44,"key":"Art of War"},{"floor":46,"key":"Pantograph"}],"event_choices":[{"cards_removed":["Strike_R"],"damage_healed":0.0,"max_hp_gain":0.0,"max_hp_loss":0.0,"gold_gain":0.0,"event_name":"Living Wall","player_choice":"Forget","floor":4.0,"gold_loss":0.0,"damage_taken":0.0},{"damage_healed":0.0,"max_hp_gain":0.0,"max_hp_loss":0.0,"gold_gain":0.0,"event_name":"Scrap Ooze","player_choice":"Success","floor":5.0,"gold_loss":0.0,"damage_taken":12.0,"relics_obtained":["Self Forming Clay"]},{"damage_healed":0.0,"max_hp_gain":0.0,"max_hp_loss":0.0,"gold_gain":0.0,"event_name":"Mushrooms","player_choice":"Fought Mushrooms","floor":8.0,"gold_loss":0.0,"damage_taken":0.0},{"damage_healed":0,"gold_gain":67,"player_choice":"Gained Gold","damage_taken":0,"max_hp_gain":0,"max_hp_loss":0,"event_name":"Golden Wing","floor":13,"gold_loss":0},{"damage_healed":0,"gold_gain":0,"player_choice":"Fight","damage_taken":0,"max_hp_gain":0,"max_hp_loss":0,"event_name":"Colosseum","floor":21,"gold_loss":0},{"damage_healed":0,"gold_gain":0,"player_choice":"Fought Nobs","damage_taken":0,"max_hp_gain":0,"max_hp_loss":0,"event_name":"Colosseum","floor":21,"gold_loss":0},{"damage_healed":0,"gold_gain":0,"player_choice":"Upgraded","damage_taken":0,"max_hp_gain":0,"max_hp_loss":0,"event_name":"Upgrade Shrine","floor":22,"gold_loss":0,"cards_upgraded":["Anger"]},{"damage_healed":0,"gold_gain":0,"player_choice":"Joined the Cult","damage_taken":6,"max_hp_gain":0,"max_hp_loss":0,"event_name":"Nest","floor":28,"gold_loss":0,"cards_obtained":["RitualDagger"]},{"cards_removed":["Defend_R"],"damage_healed":0,"gold_gain":0,"player_choice":"Removed Skill","damage_taken":0,"max_hp_gain":0,"max_hp_loss":0,"event_name":"Falling","floor":36,"gold_loss":0},{"damage_healed":0,"gold_gain":0,"player_choice":"Fight","damage_taken":0,"max_hp_gain":0,"max_hp_loss":0,"event_name":"MindBloom","floor":38,"gold_loss":0}],"is_beta":false,"boss_relics":[{"not_picked":["Eternal Feather","Coffee Dripper"],"picked":"Busted Crown"},{"not_picked":["Snecko Eye","Runic Dome"],"picked":"Tiny House"}],"items_purged_floors":[30],"is_endless":false,"potions_floor_spawned":[1,2,3,12,19,21,29,31,33,44,47,48],"ascension_level":4}