{"gold_per_floor":[119,119,130,150,225,225,175,203,203,218,71,71,86,86,86,188,188,200,200,216,216,216,216,37,37,113,130,55,73,73,73],"floor_reached":31,"playtime":1321,"items_purged":["Strike_R","Strike_R"],"score":233,"play_id":"5e18c396-20b8-4e5f-b06a-78c763423703","local_time":"20180722232110","is_ascension_mode":false,"campfire_choices":[{"data":"Armaments","floor":6,"key":"SMITH"},{"data":"Bash","floor":12,"key":"SMITH"},{"floor":15,"key":"REST"},{"floor":23,"key":"REST"},{"data":"Searing Blow","floor":25,"key":"SMITH"}],"neow_cost":"NONE","seed_source_timestamp":647579791393477,"circlet_count":0,"master_deck":["Strike_R","Defend_R","Defend_R","Defend_R","Defend_R","Bash+1","Armaments+1","Battle Trance+1","Inflame+1","Evolve+1","Searing Blow+1"],"relics":["Burning Blood","Frozen Egg 2","Anchor","Black Star","Mummified Hand"],"potions_floor_usage":[27,29,29],"damage_taken":[{"damage":6,"enemies":"Jaw Worm","floor":1,"turns":3},{"damage":0,"enemies":"Small Slimes","floor":3,"turns":3},{"damage":1,"enemies":"Cultist","floor":4,"turns":3},{"damage":25,"enemies":"Gremlin Nob","floor":8,"turns":4},{"damage":2,"enemies":"3 Louse","floor":10,"turns":3},{"damage":4,"enemies":"Exordium Wildlife","floor":13,"turns":7},{"damage":55,"enemies":"The Guardian","floor":16,"turns":14},{"damage":10,"enemies":"Chosen","floor":18,"turns":8},{"damage":36,"enemies":"Shell Parasite","floor":20,"turns":6},{"damage":22,"enemies":"Snake Plant","floor":27,"turns":5},{"damage":5,"enemies":"Snecko","floor":29,"turns":3},{"damage":48,"enemies":"3 Cultists","floor":31,"turns":6}],"seed_played":"4494193519586358213","potions_obtained":[{"floor":1,"key":"Block Potion"},{"floor":3,"key":"Swift Potion"},{"floor":13,"key":"Swift Potion"}],"is_trial":false,"path_per_floor":["M","?","M","M","?","R","?","E","T","M","$","R","M","?","R","B",null,"M","?","M","?","?","R","$","R","T","M","?","M","$"],"character_chosen":"IRONCLAD","items_purchased":["Evolve+1","Searing Blow"],"campfire_rested":2,"item_purchase_floors":[11,24],"current_hp_per_floor":[80,80,80,80,69,69,69,50,50,54,54,54,56,56,80,31,80,76,68,38,38,30,54,54,54,54,38,38,39,39,0],"gold":73,"neow_bonus":"THREE_CARDS","is_prod":false,"is_daily":false,"chose_seed":false,"campfire_upgraded":3,"win_rate":0.0,"timestamp":1532272870,"path_taken":["M","?","M","M","?","R","?","E","T","?","$","R","M","?","R","BOSS","M","?","M","?","?","R","$","R","T","?","?","M","$","M"],"build_version":"2018-07-19v2","purchased_purges":2,"victory":false,"max_hp_per_floor":[80,80,80,80,80,80,80,80,80,80,80,80,80,80,80,80,80,80,80,80,80,80,80,80,80,80,80,80,80,80,80],"card_choices":[{"not_picked":["Shockwave","Sentinel"],"picked":"Armaments","floor":1},{"not_picked":["True Grit","Seeing Red","Thunderclap"],"picked":"SKIP","floor":3},{"not_picked":["Iron Wave","Power Through"],"picked":"Battle Trance","floor":4},{"not_picked":["Whirlwind","True Grit"],"picked":"Inflame","floor":8},{"not_picked":["Seeing Red","Battle Trance","Clothesline"],"picked":"SKIP","floor":10},{"not_picked":["Seeing Red","Carnage","Perfected Strike"],"picked":"SKIP","floor":13},{"not_picked":["Heavy Blade","Pommel Strike+1","Bloodletting+1"],"picked":"SKIP","floor":18},{"not_picked":["Dropkick","Burning Pact","Second Wind"],"picked":"SKIP","floor":20},{"not_picked":["Pommel Strike","Heavy Blade","Burning Pact"],"picked":"SKIP","floor":27},{"not_picked":["Intimidate","Pommel Strike","True Grit"],"picked":"SKIP","floor":29}],"player_experience":62730,"relics_obtained":[{"floor":8,"key":"Frozen Egg 2"},{"floor":9,"key":"Anchor"},{"floor":26,"key":"Mummified Hand"}],"event_choices":[{"event_name":"Liars Game","player_choice":"disagreed","floor":2,"damage_taken":0},{"event_name":"World of Goop","player_choice":"Gather Gold","floor":5,"damage_taken":0},{"event_name":"The Cleric","player_choice":"Card Removal","floor":7,"damage_taken":0},{"event_name":"The Woman in Blue","player_choice":"Bought 0 Potions","floor":14,"damage_taken":0},{"event_name":"Knowing Skull","player_choice":"","floor":19,"damage_taken":0},{"event_name":"Upgrade Shrine","player_choice":"Upgraded","floor":21,"damage_taken":0},{"event_name":"Wheel of Change","player_choice":"Damage","floor":22,"damage_taken":0},{"event_name":"Beggar","player_choice":"Gave Gold","floor":28,"damage_taken":0}],"is_beta":false,"boss_relics":[{"not_picked":["Fusion Hammer","Ectoplasm"],"picked":"Black Star"}],"items_purged_floors":[11,24],"is_endless":false,"potions_floor_spawned":[1,3,13,16,20],"killed_by":"3 Cultists","ascension_level":0}