{"gold_per_floor":[115,115,125,135,48,74,74,104,104,104,28,0,29,29,29,106,156,172,172,172,97,0,0,20,31,31,31,31,31,31],"floor_reached":30,"playtime":827,"items_purged":["Strike_R+1"],"score":448,"play_id":"efd21137-4d5c-4af8-893a-de61809b9a5e","local_time":"20190102201106","is_ascension_mode":true,"campfire_choices":[{"data":"Armaments","floor":7,"key":"SMITH"},{"data":"Carnage","floor":10,"key":"SMITH"},{"data":"Clash","floor":15,"key":"SMITH"},{"data":"Corruption","floor":23,"key":"SMITH"}],"neow_cost":"NONE","seed_source_timestamp":2233713071191972,"circlet_count":0,"master_deck":["AscendersBane","Strike_R+1","Strike_R+1","Strike_R+1","Defend_R+1","Defend_R+1","Defend_R+1","Defend_R+1","Clash","Corruption+1","Clash+1","Feel No Pain","Armaments+1","Carnage+1","Rage","Ghostly Armor","Bludgeon+1","Seeing Red","Flame Barrier","Flame Barrier","Carnage"],"relics":["Burning Blood","NeowsBlessing","Regal Pillow","Mango","Paper Frog","Bronze Scales","Tiny House","MutagenicStrength","Gremlin Horn"],"potions_floor_usage":[8,16,16],"damage_taken":[{"damage":0,"enemies":"Jaw Worm","floor":1,"turns":1},{"damage":0,"enemies":"Cultist","floor":3,"turns":1},{"damage":0,"enemies":"Small Slimes","floor":4,"turns":1},{"damage":44,"enemies":"3 Sentries","floor":6,"turns":13},{"damage":27,"enemies":"Gremlin Nob","floor":8,"turns":4},{"damage":12,"enemies":"Lagavulin","floor":13,"turns":6},{"damage":29,"enemies":"The Guardian","floor":16,"turns":8},{"damage":31,"enemies":"2 Thieves","floor":18,"turns":5},{"damage":19,"enemies":"Spheric Guardian","floor":24,"turns":4},{"damage":32,"enemies":"3 Cultists","floor":25,"turns":6},{"damage":13,"enemies":"Book of Stabbing","floor":30,"turns":2}],"seed_played":"6746577792600061016","potions_obtained":[{"floor":1,"key":"Energy Potion"},{"floor":3,"key":"Regen Potion"},{"floor":13,"key":"SkillPotion"},{"floor":16,"key":"Weak Potion"},{"floor":17,"key":"Poison Potion"},{"floor":25,"key":"Energy Potion"}],"is_trial":false,"path_per_floor":["M","?","M","M","$","E","R","E","T","R","$","?","E","?","R","B",null,"M","?","?","$","?","R","M","M","T","$","$","?","E"],"character_chosen":"IRONCLAD","items_purchased":["Feel No Pain","Rage"],"campfire_rested":0,"item_purchase_floors":[5,11],"current_hp_per_floor":[74,74,75,75,75,37,37,39,39,39,39,39,33,33,33,10,74,49,49,49,49,49,49,36,10,10,10,10,10,0],"gold":31,"neow_bonus":"THREE_ENEMY_KILL","is_prod":false,"is_daily":false,"chose_seed":false,"campfire_upgraded":4,"win_rate":0,"timestamp":1546456266,"path_taken":["M","?","?","M","$","E","R","E","T","R","$","?","E","?","R","BOSS","M","?","?","$","?","R","M","?","T","?","$","?","E"],"build_version":"2018-12-20","purchased_purges":1,"victory":false,"max_hp_per_floor":[75,75,75,75,75,75,75,89,89,89,89,89,89,89,89,89,94,94,94,94,94,94,94,94,94,94,94,94,94,94],"card_choices":[{"not_picked":["Sentinel","Blood for Blood"],"picked":"Clash","floor":1},{"not_picked":["Cleave","Thunderclap"],"picked":"Corruption","floor":3},{"not_picked":["Clothesline","Flex"],"picked":"Clash","floor":4},{"not_picked":["Inflame","Spot Weakness"],"picked":"Armaments","floor":6},{"not_picked":["Entrench","Rupture"],"picked":"Carnage","floor":8},{"not_picked":["Clothesline","Seeing Red"],"picked":"Ghostly Armor","floor":13},{"not_picked":["Double Tap","Fiend Fire"],"picked":"Bludgeon","floor":16},{"not_picked":["Power Through","Clothesline"],"picked":"Seeing Red","floor":18},{"not_picked":["Armaments","Anger"],"picked":"Flame Barrier","floor":24},{"not_picked":["Clothesline","Shrug It Off"],"picked":"Flame Barrier","floor":25}],"player_experience":663691,"relics_obtained":[{"floor":6,"key":"Regal Pillow"},{"floor":8,"key":"Mango"},{"floor":9,"key":"Paper Frog"},{"floor":13,"key":"Bronze Scales"},{"floor":26,"key":"Gremlin Horn"}],"event_choices":[{"cards_removed":["Strike_R"],"damage_healed":0,"gold_gain":0,"player_choice":"Purged","damage_taken":0,"max_hp_gain":0,"max_hp_loss":0,"event_name":"Purifier","floor":2,"gold_loss":0},{"damage_healed":0,"gold_gain":0,"player_choice":"Left Gold","damage_taken":0,"max_hp_gain":0,"max_hp_loss":0,"event_name":"World of Goop","floor":12,"gold_loss":28},{"damage_healed":0,"gold_gain":0,"player_choice":"Fled","damage_taken":0,"max_hp_gain":0,"max_hp_loss":0,"event_name":"Scrap Ooze","floor":14,"gold_loss":0},{"damage_healed":0,"gold_gain":0,"player_choice":"Simplicity","damage_taken":0,"max_hp_gain":0,"max_hp_loss":0,"event_name":"Back to Basics","floor":19,"gold_loss":0,"cards_upgraded":["Strike_R","Strike_R","Strike_R","Strike_R","Defend_R","Defend_R","Defend_R","Defend_R"]},{"damage_healed":0,"gold_gain":0,"player_choice":"Inject Mutagens","damage_taken":0,"relics_obtained":["MutagenicStrength"],"max_hp_gain":0,"max_hp_loss":0,"event_name":"Drug Dealer","floor":20,"gold_loss":0},{"damage_healed":0,"gold_gain":0,"player_choice":"Paid Fearfully","damage_taken":0,"max_hp_gain":0,"max_hp_loss":0,"event_name":"Masked Bandits","floor":22,"gold_loss":97},{"damage_healed":0,"gold_gain":0,"cards_transformed":["Bash"],"player_choice":"Transformed","damage_taken":0,"max_hp_gain":0,"max_hp_loss":0,"event_name":"Transmorgrifier","floor":29,"gold_loss":0,"cards_obtained":["Carnage"]}],"is_beta":false,"boss_relics":[{"not_picked":["Astrolabe","Snecko Eye"],"picked":"Tiny House"}],"items_purged_floors":[21],"is_endless":false,"potions_floor_spawned":[1,3,13,16,25],"killed_by":"Book of Stabbing","ascension_level":17}