{"gold_per_floor":[119,119,139,89,89,89,99,132,132,148,37,37,48,63,63,162,162,177,1,1,21,21,21,49,49,49,62,12,22,22,37,37,37],"floor_reached":33,"playtime":1655,"items_purged":["Strike_G","Strike_G"],"score":399,"play_id":"d915b518-d13e-4129-8b11-1234bd541da2","local_time":"20190120212839","is_ascension_mode":true,"campfire_choices":[{"data":"Neutralize","floor":6.0,"key":"SMITH"},{"data":"Finisher","floor":12,"key":"SMITH"},{"data":"Infinite Blades","floor":15,"key":"SMITH"},{"data":"Cloak And Dagger","floor":23,"key":"SMITH"},{"data":"Blade Dance","floor":25,"key":"SMITH"},{"floor":32,"key":"REST"}],"neow_cost":"PERCENT_DAMAGE","seed_source_timestamp":37139622521043,"circlet_count":0,"master_deck":["Defend_G","Defend_G","Defend_G","Defend_G","Defend_G","Survivor","Neutralize+1","Terror","Slice","Backflip","Finisher+1","All Out Attack+1","Backstab+1","Infinite Blades+1","All Out Attack+1","Storm of Steel","Dagger Throw+1","Cloak And Dagger+1","Blade Dance+1","Quick Slash+1","Eviscerate+1","Crippling Poison","Backstab+1"],"special_seed":0,"relics":["Ring of the Snake","Ornamental Fan","Potion Belt","Molten Egg 2","Eternal Feather","Smiling Mask","Anchor"],"potions_floor_usage":[8,8,24,33],"damage_taken":[{"damage":15.0,"enemies":"Jaw Worm","floor":1.0,"turns":8.0},{"damage":3.0,"enemies":"Small Slimes","floor":3.0,"turns":4.0},{"damage":2.0,"enemies":"2 Louse","floor":7.0,"turns":3.0},{"damage":9,"enemies":"Gremlin Nob","floor":8,"turns":4},{"damage":1,"enemies":"2 Fungi Beasts","floor":10,"turns":3},{"damage":0,"enemies":"Looter","floor":13,"turns":2},{"damage":0,"enemies":"Large Slime","floor":14,"turns":5},{"damage":9,"enemies":"Hexaghost","floor":16,"turns":9},{"damage":22,"enemies":"2 Thieves","floor":18,"turns":4},{"damage":15,"enemies":"Spheric Guardian","floor":21,"turns":4},{"damage":3,"enemies":"Gremlin Leader","floor":24,"turns":6},{"damage":15,"enemies":"Centurion and Healer","floor":27,"turns":5},{"damage":6,"enemies":"Snake Plant","floor":29,"turns":3},{"damage":11,"enemies":"Snecko","floor":31,"turns":4},{"damage":59,"enemies":"Automaton","floor":33,"turns":6}],"seed_played":"736498203354911696","potions_obtained":[{"floor":1.0,"key":"GamblersBrew"},{"floor":3.0,"key":"GamblersBrew"},{"floor":21,"key":"Strength Potion"},{"floor":24,"key":"Ancient Potion"},{"floor":27,"key":"Dexterity Potion"}],"is_trial":false,"path_per_floor":["M","?","M","?","?","R","M","E","T","M","$","R","M","M","R","B",null,"M","$","?","M","?","R","E","R","T","M","$","M","?","M","R","B"],"character_chosen":"THE_SILENT","items_purchased":["All Out Attack+1","Backstab+1","Cloak And Dagger","Blade Dance"],"campfire_rested":1,"item_purchase_floors":[11,11,19,19],"current_hp_per_floor":[44,41,38,38,43,43,41,32,32,31,31,31,31,31,31,22,72,50,50,33,18,18,30,27,39,39,24,24,18,18,7,47,0],"gold":37,"neow_bonus":"TWENTY_PERCENT_HP_BONUS","is_prod":false,"is_daily":false,"chose_seed":false,"campfire_upgraded":5,"win_rate":0,"timestamp":1547980119,"path_taken":["M","?","M","?","?","R","?","E","T","M","$","R","M","M","R","BOSS","M","$","?","M","?","R","E","R","T","M","$","M","?","M","R","BOSS"],"build_version":"2019-01-17v2","purchased_purges":2,"victory":false,"max_hp_per_floor":[84,84,84,84,89,89,89,89,89,89,89,89,89,89,89,89,89,89,89,94,94,94,94,94,94,94,94,94,94,94,94,94,94],"card_choices":[{"not_picked":["Prepared","Underhanded Strike"],"picked":"Terror","floor":1.0},{"not_picked":["Bane","Dodge and Roll"],"picked":"Slice","floor":3.0},{"not_picked":["Underhanded Strike","Flechettes"],"picked":"Backflip","floor":7.0},{"not_picked":["Footwork","Poisoned Stab"],"picked":"Finisher","floor":8},{"not_picked":["Skewer+1","Bane+1","Acrobatics"],"picked":"SKIP","floor":10},{"not_picked":["Acrobatics","Noxious Fumes"],"picked":"Infinite Blades","floor":13},{"not_picked":["Calculated Gamble","Bouncing Flask"],"picked":"All Out Attack+1","floor":14},{"not_picked":["Adrenaline","Envenom"],"picked":"Storm of Steel","floor":16},{"not_picked":["Eviscerate+1","Concentrate+1"],"picked":"Dagger Throw+1","floor":18},{"not_picked":["Flying Knee+1","Prepared+1"],"picked":"Quick Slash+1","floor":21},{"not_picked":["Noxious Fumes+1","PiercingWail","Footwork"],"picked":"SKIP","floor":24},{"not_picked":["Masterful Stab+1","PiercingWail+1","Dagger Throw+1"],"picked":"SKIP","floor":27},{"not_picked":["Deadly Poison+1","Endless Agony+1","Slice+1"],"picked":"SKIP","floor":29},{"not_picked":["Footwork+1","After Image"],"picked":"Backstab+1","floor":31}],"player_experience":670879,"relics_obtained":[{"floor":8,"key":"Potion Belt"},{"floor":9,"key":"Molten Egg 2"},{"floor":24,"key":"Smiling Mask"},{"floor":26,"key":"Anchor"}],"event_choices":[{"damage_healed":0.0,"max_hp_gain":0.0,"max_hp_loss":0.0,"gold_gain":0.0,"event_name":"Scrap Ooze","player_choice":"Success","floor":2.0,"gold_loss":0.0,"damage_taken":3.0,"relics_obtained":["Ornamental Fan"]},{"cards_removed":["Strike_G"],"damage_healed":0.0,"max_hp_gain":0.0,"max_hp_loss":0.0,"gold_gain":0.0,"event_name":"The Cleric","player_choice":"Card Removal","floor":4.0,"gold_loss":50.0,"damage_taken":0.0},{"damage_healed":0.0,"max_hp_gain":5.0,"max_hp_loss":0.0,"gold_gain":0.0,"event_name":"Big Fish","player_choice":"Donut","floor":5.0,"gold_loss":0.0,"damage_taken":0.0},{"damage_healed":0,"gold_gain":0,"player_choice":"Shed Blood","damage_taken":22,"max_hp_gain":5,"max_hp_loss":0,"event_name":"Forgotten Altar","floor":20,"gold_loss":0},{"damage_healed":0,"gold_gain":0,"cards_transformed":["Strike_G","Strike_G"],"player_choice":"Became Test Subject","damage_taken":0,"max_hp_gain":0,"max_hp_loss":0,"event_name":"Drug Dealer","floor":22,"gold_loss":0,"cards_obtained":["Eviscerate","Crippling Poison"]},{"damage_healed":0,"gold_gain":0,"player_choice":"Ignored","damage_taken":0,"max_hp_gain":0,"max_hp_loss":0,"event_name":"Ghosts","floor":30,"gold_loss":0}],"is_beta":false,"boss_relics":[{"not_picked":["Tiny House","Empty Cage"],"picked":"Eternal Feather"}],"items_purged_floors":[19,28],"is_endless":false,"potions_floor_spawned":[1,3,21,24,27],"killed_by":"Automaton","ascension_level":8}