{"gold_per_floor":[118,118,137,11,11,36,36,63,63,63,75,75,92,92,92,92],"floor_reached":16,"playtime":403,"items_purged":[],"score":271,"play_id":"d826cc3a-e982-4f1a-bb93-21cb5b2620af","local_time":"20190103043343","is_ascension_mode":true,"campfire_choices":[{"data":"Rampage","floor":7,"key":"SMITH"},{"data":"Carnage","floor":10,"key":"SMITH"},{"data":"Searing Blow","floor":15,"key":"SMITH"}],"neow_cost":"NONE","seed_source_timestamp":2264289543654407,"circlet_count":0,"master_deck":["AscendersBane","Strike_R","Strike_R","Strike_R","Defend_R","Defend_R","Defend_R","Defend_R","Bash","Dropkick","Fire Breathing","Rampage+1","Metallicize","Headbutt","Carnage+1","Searing Blow+1","Whirlwind"],"relics":["Burning Blood","NeowsBlessing","StoneCalendar","Strawberry","Mango","Blue Candle"],"potions_floor_usage":[16],"damage_taken":[{"damage":0,"enemies":"2 Louse","floor":1,"turns":1},{"damage":0,"enemies":"Cultist","floor":3,"turns":1},{"damage":0,"enemies":"Lagavulin","floor":6,"turns":1},{"damage":40,"enemies":"3 Sentries","floor":8,"turns":7},{"damage":0,"enemies":"Small Slimes","floor":11,"turns":2},{"damage":11,"enemies":"3 Louse","floor":13,"turns":4},{"damage":39,"enemies":"The Guardian","floor":16,"turns":7}],"seed_played":"-8611573718643906361","potions_obtained":[{"floor":1,"key":"EssenceOfSteel"},{"floor":3,"key":"SmokeBomb"}],"is_trial":false,"path_per_floor":["M","?","M","$","?","E","R","E","T","R","M","?","M","?","R","B"],"character_chosen":"IRONCLAD","items_purchased":["Rampage","Metallicize"],"campfire_rested":0,"item_purchase_floors":[4,4],"current_hp_per_floor":[74,74,75,75,75,75,75,48,62,62,68,61,56,38,38,0],"gold":92,"neow_bonus":"THREE_ENEMY_KILL","is_prod":false,"is_daily":false,"chose_seed":false,"campfire_upgraded":3,"win_rate":0,"timestamp":1546486423,"path_taken":["M","?","?","$","?","E","R","E","T","R","M","?","M","?","R","BOSS"],"build_version":"2018-12-20","purchased_purges":0,"victory":false,"max_hp_per_floor":[75,75,75,75,75,75,75,82,96,96,96,96,96,96,96,96],"card_choices":[{"not_picked":["Pummel","Armaments","Havoc"],"picked":"SKIP","floor":1},{"not_picked":["Pummel","Clothesline"],"picked":"Fire Breathing","floor":3},{"not_picked":["Uppercut","Infernal Blade"],"picked":"Headbutt","floor":6},{"not_picked":["Rage","Uppercut"],"picked":"Carnage","floor":8},{"not_picked":["Perfected Strike","Wild Strike"],"picked":"Searing Blow","floor":11},{"not_picked":["Flex","Pommel Strike"],"picked":"Whirlwind","floor":13}],"player_experience":667546,"relics_obtained":[{"floor":6,"key":"StoneCalendar"},{"floor":8,"key":"Strawberry"},{"floor":9,"key":"Mango"}],"event_choices":[{"damage_healed":0,"gold_gain":0,"cards_transformed":["Strike_R"],"player_choice":"Transformed","damage_taken":0,"max_hp_gain":0,"max_hp_loss":0,"event_name":"Transmorgrifier","floor":2,"gold_loss":0,"cards_obtained":["Dropkick"]},{"damage_healed":0,"gold_gain":0,"player_choice":"Ignored","damage_taken":0,"max_hp_gain":0,"max_hp_loss":0,"event_name":"Liars Game","floor":5,"gold_loss":0},{"cards_removed":["Strike_R"],"damage_healed":0,"gold_gain":0,"player_choice":"Card Removal","damage_taken":7,"max_hp_gain":0,"max_hp_loss":0,"event_name":"Golden Wing","floor":12,"gold_loss":0},{"damage_healed":0,"gold_gain":0,"player_choice":"Success","damage_taken":18,"relics_obtained":["Blue Candle"],"max_hp_gain":0,"max_hp_loss":0,"event_name":"Scrap Ooze","floor":14,"gold_loss":0}],"is_beta":false,"boss_relics":[],"items_purged_floors":[],"is_endless":false,"potions_floor_spawned":[1,3,11],"killed_by":"The Guardian","ascension_level":17}