{"gold_per_floor":[109,123,137,137,69,99,110,123,148,148,164,196,271,271,271,368,368,383,42,42,42,58,58,58,85,85,95,45,61,61,81,81,81],"floor_reached":33,"playtime":1311,"items_purged":["Regret","Writhe"],"score":282,"play_id":"637d97c9-60ce-4274-bf92-5f3867bd8a0e","local_time":"20181210143433","is_ascension_mode":false,"campfire_choices":[{"data":"White Noise","floor":10,"key":"SMITH"},{"data":"Coolheaded","floor":15,"key":"SMITH"},{"data":"Buffer","floor":23,"key":"SMITH"},{"floor":30,"key":"REST"},{"data":"Dualcast","floor":32,"key":"SMITH"}],"neow_cost":"NONE","seed_source_timestamp":225840349494651,"circlet_count":0,"master_deck":["Defend_B","Defend_B","Defend_B","Defend_B","Zap","Dualcast+1","Go for the Eyes","Reinforced Body","FTL","White Noise+1","Coolheaded+1","Beam Cell+1","Amplify","Buffer+1","Stack","Bite","Bite","Bite","Bite","Bite","Darkness","Conserve Battery"],"relics":["Cracked Core","NeowsBlessing","PreservedInsect","Bag of Preparation","Whetstone","Black Star","Pantograph","Art of War","Smiling Mask","Torii"],"potions_floor_usage":[6,12,16,33,33],"damage_taken":[{"damage":0,"enemies":"Cultist","floor":1,"turns":1},{"damage":0,"enemies":"Jaw Worm","floor":2,"turns":1},{"damage":0,"enemies":"2 Louse","floor":3,"turns":1},{"damage":14,"enemies":"Gremlin Nob","floor":6,"turns":3},{"damage":9,"enemies":"Looter","floor":7,"turns":3},{"damage":12,"enemies":"3 Louse","floor":8,"turns":4},{"damage":6,"enemies":"Blue Slaver","floor":11,"turns":3},{"damage":11,"enemies":"Lagavulin","floor":12,"turns":5},{"damage":11,"enemies":"Slime Boss","floor":16,"turns":6},{"damage":45,"enemies":"Spheric Guardian","floor":18,"turns":6},{"damage":19,"enemies":"Chosen","floor":22,"turns":5},{"damage":2,"enemies":"Snake Plant","floor":27,"turns":4},{"damage":33,"enemies":"Shelled Parasite and Fungi","floor":29,"turns":8},{"damage":8,"enemies":"Snecko","floor":31,"turns":6},{"damage":64,"enemies":"Collector","floor":33,"turns":7}],"seed_played":"-7650130950377846543","potions_obtained":[{"floor":3,"key":"Fire Potion"},{"floor":6,"key":"SteroidPotion"},{"floor":12,"key":"Fire Potion"},{"floor":27,"key":"FocusPotion"},{"floor":29,"key":"LiquidBronze"}],"is_trial":false,"path_per_floor":["M","M","M","?","$","E","M","M","T","R","M","E","?","?","R","B",null,"M","$","?","?","M","R","?","T","T","M","$","M","R","M","R","B"],"character_chosen":"DEFECT","items_purchased":["FTL","Pantograph","Stack"],"campfire_rested":1,"item_purchase_floors":[5,19,19],"current_hp_per_floor":[75,75,75,75,75,61,52,40,40,40,34,23,12,12,12,1,75,30,30,30,30,23,23,23,23,23,27,27,8,23,25,25,0],"gold":81,"neow_bonus":"THREE_ENEMY_KILL","is_prod":false,"is_daily":false,"chose_seed":false,"campfire_upgraded":4,"win_rate":0,"timestamp":1544448873,"path_taken":["M","?","M","?","?","E","?","M","T","R","M","E","?","?","R","BOSS","M","$","?","?","M","R","?","?","T","?","?","?","R","M","R","BOSS"],"build_version":"2018-12-06","purchased_purges":2,"victory":false,"max_hp_per_floor":[75,75,75,75,75,75,75,75,75,75,75,75,75,75,75,75,75,75,75,75,52,52,52,52,52,52,52,52,52,52,52,52,52],"card_choices":[{"not_picked":["Compile Driver","Stack"],"picked":"Go for the Eyes","floor":1},{"not_picked":["Rebound","Fusion"],"picked":"Reinforced Body","floor":2},{"not_picked":["Compile Driver","Heatsinks","Leap"],"picked":"SKIP","floor":3},{"not_picked":["Capacitor","Leap"],"picked":"White Noise","floor":6},{"not_picked":["Sweeping Beam","Rebound"],"picked":"Coolheaded","floor":7},{"not_picked":["Cold Snap","Ball Lightning"],"picked":"Beam Cell","floor":8},{"not_picked":["Barrage","Leap","Turbo"],"picked":"SKIP","floor":11},{"not_picked":["Turbo","Coolheaded"],"picked":"Amplify","floor":12},{"not_picked":["Core Surge","Amplify"],"picked":"Buffer","floor":16},{"not_picked":["Hologram","Auto Shields","Chaos"],"picked":"SKIP","floor":18},{"not_picked":["Gash","Turbo+1","Coolheaded"],"picked":"SKIP","floor":22},{"not_picked":["Sweeping Beam","BootSequence"],"picked":"Darkness","floor":27},{"not_picked":["Reboot","Leap"],"picked":"Conserve Battery","floor":29},{"not_picked":["FTL","Blizzard","Redo"],"picked":"SKIP","floor":31}],"player_experience":579115,"relics_obtained":[{"floor":6,"key":"Bag of Preparation"},{"floor":12,"key":"Whetstone"},{"floor":25,"key":"Smiling Mask"},{"floor":26,"key":"Torii"}],"event_choices":[{"damage_healed":0,"gold_gain":0,"player_choice":"Box","damage_taken":0,"relics_obtained":["PreservedInsect"],"max_hp_gain":0,"max_hp_loss":0,"event_name":"Big Fish","floor":4,"gold_loss":0,"cards_obtained":["Regret"]},{"damage_healed":0,"gold_gain":75,"player_choice":"Gather Gold","damage_taken":11,"max_hp_gain":0,"max_hp_loss":0,"event_name":"World of Goop","floor":13,"gold_loss":0},{"damage_healed":0,"gold_gain":0,"player_choice":"Ignored","damage_taken":0,"max_hp_gain":0,"max_hp_loss":0,"event_name":"Shining Light","floor":14,"gold_loss":0},{"damage_healed":0,"gold_gain":0,"player_choice":"Opened","damage_taken":0,"relics_obtained":["Art of War"],"max_hp_gain":0,"max_hp_loss":0,"event_name":"The Mausoleum","floor":20,"gold_loss":0,"cards_obtained":["Writhe"]},{"damage_healed":0,"gold_gain":0,"player_choice":"Became a vampire","damage_taken":0,"max_hp_gain":0,"max_hp_loss":23,"event_name":"Vampires","floor":21,"gold_loss":0,"cards_obtained":["Bite","Bite","Bite","Bite","Bite"]},{"damage_healed":0,"gold_gain":0,"player_choice":"Ignored","damage_taken":0,"max_hp_gain":0,"max_hp_loss":0,"event_name":"Ghosts","floor":24,"gold_loss":0}],"is_beta":false,"boss_relics":[{"not_picked":["Fusion Hammer","Inserter"],"picked":"Black Star"}],"items_purged_floors":[19,28],"is_endless":false,"potions_floor_spawned":[3,6,12,27,29],"killed_by":"Collector","ascension_level":0}