{"gold_per_floor":[110,130,55,68,78,78,96,96,96,123,123,123,123,143,143,143],"floor_reached":16,"playtime":722,"items_purged":["Strike_R"],"score":117,"play_id":"6b535f9a-42af-42a7-8aa6-f0416310438e","local_time":"20180822142708","is_ascension_mode":true,"campfire_choices":[{"data":"Whirlwind","floor":6,"key":"SMITH"},{"data":"Barricade","floor":8,"key":"SMITH"},{"data":"True Grit","floor":12,"key":"SMITH"},{"floor":15,"key":"REST"}],"neow_cost":"NONE","seed_source_timestamp":539356754248777,"circlet_count":0,"master_deck":["Strike_R","Strike_R","Strike_R","Defend_R","Defend_R","Defend_R","Defend_R","Bash","Whirlwind+1","Barricade+1","True Grit+1","True Grit"],"relics":["Burning Blood","Pen Nib","Nunchaku","Sundial"],"potions_floor_usage":[16],"damage_taken":[{"damage":1,"enemies":"Cultist","floor":1,"turns":3},{"damage":4,"enemies":"2 Louse","floor":2,"turns":3},{"damage":5,"enemies":"Small Slimes","floor":4,"turns":3},{"damage":7,"enemies":"2 Fungi Beasts","floor":5,"turns":4},{"damage":0,"enemies":"3 Louse","floor":7,"turns":1},{"damage":57,"enemies":"Lagavulin","floor":10,"turns":11},{"damage":2,"enemies":"Blue Slaver","floor":14,"turns":7},{"damage":77,"enemies":"Hexaghost","floor":16,"turns":16}],"seed_played":"4434406277289273866","potions_obtained":[{"floor":5,"key":"Swift Potion"},{"floor":7,"key":"GamblersBrew"},{"floor":14,"key":"Poison Potion"}],"is_trial":false,"path_per_floor":["M","M","$","M","M","R","M","R","T","E","?","R","?","M","R"],"character_chosen":"IRONCLAD","items_purchased":[],"campfire_rested":1,"item_purchase_floors":[],"current_hp_per_floor":[80,80,80,80,79,79,80,80,80,29,55,55,48,52,76,0],"gold":143,"neow_bonus":"RANDOM_COMMON_RELIC","is_prod":false,"is_daily":false,"chose_seed":false,"campfire_upgraded":3,"win_rate":0,"timestamp":1534919228,"path_taken":["M","M","$","M","M","R","?","R","T","E","?","R","?","?","R","BOSS"],"build_version":"2018-08-16","purchased_purges":1,"victory":false,"max_hp_per_floor":[80,80,80,80,80,80,80,80,80,80,80,80,80,80,80,80],"card_choices":[{"not_picked":["Wild Strike","Sword Boomerang","Clash"],"picked":"SKIP","floor":1},{"not_picked":["Anger","Perfected Strike"],"picked":"Whirlwind","floor":2},{"not_picked":["Perfected Strike","Anger","Cleave"],"picked":"SKIP","floor":4},{"not_picked":["Twin Strike","Entrench","Clothesline"],"picked":"SKIP","floor":5},{"not_picked":["Twin Strike","Heavy Blade"],"picked":"Barricade","floor":7},{"not_picked":["Clash","Wild Strike"],"picked":"True Grit","floor":10},{"not_picked":["Sword Boomerang","Pommel Strike"],"picked":"True Grit","floor":14}],"player_experience":271759,"relics_obtained":[{"floor":9,"key":"Nunchaku"},{"floor":10,"key":"Sundial"}],"event_choices":[{"event_name":"Big Fish","player_choice":"Banana","floor":11,"damage_taken":0},{"event_name":"Golden Wing","player_choice":"Card Removal","floor":13,"damage_taken":0}],"is_beta":false,"boss_relics":[],"items_purged_floors":[3],"is_endless":false,"potions_floor_spawned":[5,7,14],"killed_by":"Hexaghost","ascension_level":3}