{"path_per_floor":["M","?","M","M","?","E","R","M","T","M","R","?","M","E","R"],"character_chosen":"DEFECT","items_purchased":[],"gold_per_floor":[109,109,120,138,138,163,163,178,247,265,265,327,345,371,371,371],"floor_reached":16,"campfire_rested":0,"playtime":1179,"item_purchase_floors":[],"current_hp_per_floor":[70,70,70,69,74,32,32,19,19,31,31,36,48,43,43,0],"items_purged":[],"gold":371,"score":112,"play_id":"4df61a6f-e689-478b-9ab4-9fe3b4f5d970","local_time":"20180601180651","is_prod":false,"is_daily":false,"chose_seed":false,"is_ascension_mode":false,"campfire_upgraded":3,"win_rate":0.0,"timestamp":1527869211,"campfire_choices":[{"data":"Buffer","floor":7,"key":"SMITH"},{"data":"Zap","floor":11,"key":"SMITH"},{"data":"Electrodynamics","floor":15,"key":"SMITH"}],"path_taken":["M","?","M","?","?","E","R","M","T","?","R","?","M","E","R","BOSS"],"build_version":"2018-05-31","seed_source_timestamp":196242403331694,"purchased_purges":0,"victory":false,"master_deck":["Strike_B","Strike_B+1","Strike_B+1","Strike_B","Defend_B","Defend_B","Defend_B","Defend_B","Zap+1","Dualcast","Streamline","Redo","Buffer+1","Chill","Sweeping Beam","Electrodynamics+1"],"max_hp_per_floor":[75,75,75,75,80,80,80,80,80,80,80,80,80,85,85,85],"relics":["Cracked Core","Girya","Meat on the Bone","Whetstone","Lantern"],"card_choices":[{"not_picked":["Reinforced Body","Hologram"],"picked":"Streamline","floor":1},{"not_picked":["Conserve Battery","Darkness"],"picked":"Redo","floor":3},{"not_picked":["Auto Shields","Beam Cell"],"picked":"Buffer","floor":4},{"not_picked":["Barrage","Streamline","Conserve Battery"],"picked":"SKIP","floor":6},{"not_picked":["Redo","Storm"],"picked":"Chill","floor":8},{"not_picked":["Redo","Stack","Aggregate"],"picked":"SKIP","floor":10},{"not_picked":["Conserve Battery","Heatsinks"],"picked":"Sweeping Beam","floor":13},{"not_picked":["Rainbow","Self Repair"],"picked":"Electrodynamics","floor":14}],"player_experience":429874,"potions_floor_usage":[8,14],"damage_taken":[{"damage":5,"enemies":"Jaw Worm","floor":1,"turns":4},{"damage":0,"enemies":"2 Louse","floor":3,"turns":2},{"damage":1,"enemies":"Cultist","floor":4,"turns":3},{"damage":42,"enemies":"Lagavulin","floor":6,"turns":7},{"damage":13,"enemies":"2 Fungi Beasts","floor":8,"turns":3},{"damage":0,"enemies":"Looter","floor":10,"turns":4},{"damage":7,"enemies":"3 Sentries","floor":12,"turns":15},{"damage":0,"enemies":"Red Slaver","floor":13,"turns":3},{"damage":10,"enemies":"3 Sentries","floor":14,"turns":7},{"damage":45,"enemies":"Hexaghost","floor":16,"turns":7}],"relics_obtained":[{"floor":6,"key":"Girya"},{"floor":9,"key":"Meat on the Bone"},{"floor":12,"key":"Whetstone"},{"floor":14,"key":"Lantern"}],"event_choices":[{"event_name":"Liars Game","player_choice":"disagreed","floor":2,"damage_taken":0},{"event_name":"Big Fish","player_choice":"Donut","floor":5,"damage_taken":0},{"event_name":"Dead Adventurer","player_choice":"Searched \u00271\u0027 times","floor":12,"damage_taken":0}],"boss_relics":[],"items_purged_floors":[],"potions_floor_spawned":[1,4,12,13],"seed_played":"7555952614787440833","killed_by":"Hexaghost","ascension_level":0,"potions_obtained":[{"floor":1,"key":"FearPotion"},{"floor":4,"key":"LiquidBronze"},{"floor":12,"key":"GamblersBrew"},{"floor":13,"key":"Fruit Juice"}],"is_trial":false}