{"gold_per_floor":[113,4,18,18,35,35,64,64,64,34,34,50,63,81,81,183,183,197,216,227,227,227],"floor_reached":22,"playtime":1123,"items_purged":["Strike_G"],"score":216,"play_id":"5d55b5ae-07b7-44f3-87a2-047455f11f1f","local_time":"20180827023418","is_ascension_mode":true,"campfire_choices":[{"data":"Noxious Fumes","floor":6,"key":"SMITH"},{"data":"Footwork","floor":8,"key":"SMITH"},{"floor":15,"key":"REST"}],"neow_cost":"","seed_source_timestamp":928167054594556,"circlet_count":0,"master_deck":["Defend_G","Defend_G","Defend_G","Defend_G","Defend_G","Strike_G","Strike_G","Strike_G","Strike_G","Survivor+1","Neutralize","Escape Plan","Noxious Fumes+1","Footwork+1","Dodge and Roll","Injury","Infinite Blades","Terror","Deflect","Corpse Explosion","PiercingWail","Bane","Noxious Fumes+1"],"relics":["Ring of the Snake","Kunai","Shuriken","Black Star"],"potions_floor_usage":[12,22],"damage_taken":[{"damage":0,"enemies":"Small Slimes","floor":1,"turns":3},{"damage":0,"enemies":"2 Louse","floor":3,"turns":3},{"damage":0,"enemies":"Cultist","floor":5,"turns":5},{"damage":22,"enemies":"Lagavulin","floor":7,"turns":10},{"damage":0,"enemies":"Looter","floor":10,"turns":4},{"damage":0,"enemies":"Lots of Slimes","floor":12,"turns":6},{"damage":9,"enemies":"Exordium Wildlife","floor":13,"turns":6},{"damage":0,"enemies":"Exordium Thugs","floor":14,"turns":6},{"damage":24,"enemies":"Hexaghost","floor":16,"turns":10},{"damage":13,"enemies":"Spheric Guardian","floor":18,"turns":6},{"damage":28,"enemies":"3 Byrds","floor":19,"turns":5},{"damage":27,"enemies":"Centurion and Healer","floor":20,"turns":7},{"damage":4,"enemies":"Snecko","floor":22,"turns":2}],"seed_played":"1394595901582405089","potions_obtained":[{"floor":5,"key":"FearPotion"},{"floor":7,"key":"SkillPotion"},{"floor":13,"key":"LiquidBronze"},{"floor":14,"key":"Ancient Potion"}],"is_trial":false,"path_per_floor":["M","$","M","?","M","R","E","R","T","M","?","M","M","M","R","B",null,"M","M","M","?"],"character_chosen":"THE_SILENT","items_purchased":["Escape Plan"],"campfire_rested":1,"item_purchase_floors":[2],"current_hp_per_floor":[70,70,70,70,70,70,48,48,48,48,48,48,39,39,60,36,70,57,29,2,2,0],"gold":227,"neow_bonus":"","is_prod":false,"is_daily":false,"chose_seed":false,"campfire_upgraded":2,"win_rate":0,"timestamp":1535308458,"path_taken":["M","$","M","?","M","R","E","R","T","?","?","M","M","M","R","BOSS","M","?","M","?","M"],"build_version":"2018-08-23v2","purchased_purges":1,"victory":false,"max_hp_per_floor":[70,70,70,70,70,70,70,70,70,70,70,70,70,70,70,70,70,70,70,70,70,70],"card_choices":[{"not_picked":["Outmaneuver","Expertise","Acrobatics"],"picked":"SKIP","floor":1},{"not_picked":["Bane","Underhanded Strike"],"picked":"Noxious Fumes","floor":3},{"not_picked":["Deadly Poison","Predator","Finisher"],"picked":"SKIP","floor":5},{"not_picked":["Crippling Poison","Tactician"],"picked":"Footwork","floor":7},{"not_picked":["Underhanded Strike","Dagger Throw"],"picked":"Dodge and Roll","floor":10},{"not_picked":["Expertise","Riddle With Holes"],"picked":"Infinite Blades","floor":12},{"not_picked":["Burst","Poisoned Stab"],"picked":"Terror","floor":13},{"not_picked":["Quick Slash","Acrobatics"],"picked":"Deflect","floor":14},{"not_picked":["A Thousand Cuts","Storm of Steel"],"picked":"Corpse Explosion","floor":16},{"not_picked":["Dagger Spray+1","Terror"],"picked":"PiercingWail","floor":18},{"not_picked":["Choke","Predator","Reflex"],"picked":"SKIP","floor":19},{"not_picked":["Acrobatics","Deadly Poison"],"picked":"Bane","floor":20}],"player_experience":295972,"relics_obtained":[{"floor":7,"key":"Kunai"},{"floor":9,"key":"Shuriken"}],"event_choices":[{"event_name":"Liars Game","player_choice":"disagreed","floor":4,"damage_taken":0},{"event_name":"Accursed Blacksmith","player_choice":"Forge","floor":11,"damage_taken":0},{"event_name":"Duplicator","player_choice":"One dupe","floor":21,"damage_taken":0}],"is_beta":false,"boss_relics":[{"not_picked":["Coffee Dripper","Runic Dome"],"picked":"Black Star"}],"items_purged_floors":[2],"is_endless":false,"potions_floor_spawned":[5,7,13,14,19,20],"killed_by":"Snecko","ascension_level":3}