{"gold_per_floor":[119,46,66,84,94,94,105,105,128,139,139,64,74,105,105,209,259,272,195,206,206,218,218,231,261,261,261,271,171,189,208,208,307,307,324,324,341,216,216,216,216,236,259,259,259,259,274,285,285,285],"floor_reached":50,"playtime":3125,"items_purged":["Strike_R","Strike_R","Clash"],"score":519,"play_id":"13a895e8-ad61-4412-97ca-2aae81e06a18","local_time":"20180804131825","is_ascension_mode":true,"campfire_choices":[{"data":"Flame Barrier","floor":6.0,"key":"SMITH"},{"data":"Pummel","floor":8.0,"key":"SMITH"},{"data":"Shrug It Off","floor":11.0,"key":"SMITH"},{"data":"Limit Break","floor":15.0,"key":"SMITH"},{"data":"Inflame","floor":23.0,"key":"SMITH"},{"floor":27.0,"key":"REST"},{"floor":32.0,"key":"REST"},{"floor":40,"key":"REST"},{"floor":44,"key":"REST"},{"floor":46,"key":"REST"},{"floor":49,"key":"REST"}],"neow_cost":"NONE","seed_source_timestamp":0,"circlet_count":0,"master_deck":["Bash","Flame Barrier+1","Pummel+1","Inflame+1","Feed","Flex","Shrug It Off+1","Limit Break+1","Offering","Warcry","J.A.X.","Shrug It Off","Pummel+1","Armaments+1","Barricade","Cleave","Carnage","Bloodletting","Pommel Strike","Entrench","Headbutt+1","Madness","Madness","Heavy Blade+1"],"special_seed":0,"relics":["Burning Blood","Bag of Preparation","Omamori","Tiny House","Anchor","Question Card","Pandora\u0027s Box","Boot"],"potions_floor_usage":[39,50],"damage_taken":[{"damage":5.0,"enemies":"Small Slimes","floor":1.0,"turns":4.0},{"damage":0.0,"enemies":"2 Louse","floor":3.0,"turns":2.0},{"damage":5.0,"enemies":"Jaw Worm","floor":4.0,"turns":4.0},{"damage":14.0,"enemies":"Red Slaver","floor":5.0,"turns":6.0},{"damage":7.0,"enemies":"Blue Slaver","floor":7.0,"turns":4.0},{"damage":0.0,"enemies":"Looter","floor":10.0,"turns":2.0},{"damage":6.0,"enemies":"3 Louse","floor":13.0,"turns":2.0},{"damage":21.0,"enemies":"Lagavulin","floor":14.0,"turns":7.0},{"damage":34.0,"enemies":"The Guardian","floor":16.0,"turns":10.0},{"damage":15.0,"enemies":"3 Byrds","floor":18.0,"turns":5.0},{"damage":13.0,"enemies":"Shell Parasite","floor":20.0,"turns":4.0},{"damage":14.0,"enemies":"Centurion and Healer","floor":22.0,"turns":6.0},{"damage":13.0,"enemies":"Slaver and Parasite","floor":24.0,"turns":5.0},{"damage":28.0,"enemies":"Book of Stabbing","floor":25.0,"turns":5.0},{"damage":14.0,"enemies":"Snake Plant","floor":28.0,"turns":3.0},{"damage":3.0,"enemies":"Chosen and Byrds","floor":30.0,"turns":4.0},{"damage":27.0,"enemies":"3 Cultists","floor":31.0,"turns":5.0},{"damage":82.0,"enemies":"Collector","floor":33.0,"turns":6.0},{"damage":19.0,"enemies":"3 Darklings","floor":35.0,"turns":4.0},{"damage":36,"enemies":"Flame Bruiser 1 Orb","floor":37,"turns":6},{"damage":3,"enemies":"Maw","floor":39,"turns":2},{"damage":85,"enemies":"Transient","floor":42,"turns":5},{"damage":37,"enemies":"Spire Growth","floor":47,"turns":3},{"damage":23,"enemies":"3 Darklings","floor":48,"turns":4},{"damage":71,"enemies":"Donu and Deca","floor":50,"turns":4}],"seed_played":"-7680800250088012400","potions_obtained":[{"floor":1.0,"key":"Strength Potion"},{"floor":7.0,"key":"SteroidPotion"},{"floor":10.0,"key":"Dexterity Potion"},{"floor":33.0,"key":"SmokeBomb"},{"floor":35,"key":"Strength Potion"},{"floor":48,"key":"SteroidPotion"}],"is_trial":false,"path_per_floor":["M","$","M","M","M","R","M","R","T","M","R","$","M","E","R","B",null,"M","?","M","?","M","R","M","E","T","R","M","$","M","M","R","B",null,"M","?","M","$","M","R","?","M","T","R","?","R","M","M","R"],"character_chosen":"IRONCLAD","items_purchased":["Inflame"],"campfire_rested":6,"item_purchase_floors":[2],"current_hp_per_floor":[80,80,80,80,72,72,74,74,74,83,83,83,86,74,74,46,97,91,91,84,84,79,79,72,50,50,80,72,72,75,57,88,12,106,93,106,76,76,79,106,93,14,14,45,45,76,45,28,59,0],"gold":285,"neow_bonus":"THREE_CARDS","is_prod":false,"is_daily":false,"chose_seed":false,"campfire_upgraded":5,"win_rate":0,"timestamp":1533359905,"path_taken":["M","$","M","M","M","R","M","R","T","M","R","$","M","E","R","BOSS","M","?","?","?","M","R","M","E","T","R","?","$","M","M","R","BOSS","M","?","M","$","M","R","?","M","T","R","?","R","M","?","R","BOSS"],"build_version":"2018-08-02","purchased_purges":3,"victory":false,"max_hp_per_floor":[80,80,80,80,80,80,83,83,83,86,86,86,89,92,92,92,97,100,100,100,100,103,103,103,103,103,103,103,103,103,106,106,106,106,106,106,106,106,106,106,106,106,106,106,106,106,106,106,106,106],"card_choices":[{"not_picked":["Perfected Strike","Rampage"],"picked":"Flame Barrier","floor":0.0},{"not_picked":["Clash","Wild Strike"],"picked":"Pummel","floor":1.0},{"not_picked":["Clash","Hemokinesis","Uppercut"],"picked":"SKIP","floor":3.0},{"not_picked":["Headbutt","Twin Strike"],"picked":"Feed","floor":4.0},{"not_picked":["Carnage","Seeing Red"],"picked":"Inflame","floor":5.0},{"not_picked":["Shockwave","Blood for Blood"],"picked":"Flex","floor":7.0},{"not_picked":["Anger","Havoc"],"picked":"Shrug It Off","floor":10.0},{"not_picked":["Armaments","Burning Pact"],"picked":"Limit Break","floor":13.0},{"not_picked":["Clash","Inflame","Combust"],"picked":"SKIP","floor":14.0},{"not_picked":["Juggernaut","Exhume"],"picked":"Offering","floor":16.0},{"not_picked":["Flex","Body Slam"],"picked":"Warcry","floor":17.0},{"not_picked":["Feel No Pain","Clothesline+1","Intimidate+1"],"picked":"SKIP","floor":18.0},{"not_picked":["Infernal Blade","Iron Wave"],"picked":"Shrug It Off","floor":20.0},{"not_picked":["Anger+1","Cleave+1","Dark Embrace"],"picked":"SKIP","floor":22.0},{"not_picked":["Havoc","Rage+1","Perfected Strike"],"picked":"SKIP","floor":24.0},{"not_picked":["Perfected Strike+1","Flame Barrier"],"picked":"Pummel+1","floor":25.0},{"not_picked":["Inflame","Feel No Pain","Clash","Anger"],"picked":"SKIP","floor":28.0},{"not_picked":["Uppercut","Flame Barrier","Clash","Pommel Strike+1"],"picked":"SKIP","floor":30.0},{"not_picked":["Feel No Pain+1","Havoc","Anger"],"picked":"Armaments+1","floor":31.0},{"not_picked":["Dark Embrace","Brutality","Demon Form"],"picked":"Barricade","floor":33.0},{"not_picked":["Shockwave+1","Flame Barrier+1","Power Through+1"],"picked":"Headbutt+1","floor":35},{"not_picked":["Warcry","Feel No Pain+1","Armaments+1","Flame Barrier+1"],"picked":"SKIP","floor":37},{"not_picked":["Perfected Strike","Whirlwind+1","Clash"],"picked":"Heavy Blade+1","floor":42},{"not_picked":["Armaments","Intimidate+1","Havoc+1","Power Through"],"picked":"SKIP","floor":47},{"not_picked":["Bloodletting","Clothesline","Wild Strike+1","Sever Soul+1"],"picked":"SKIP","floor":48}],"player_experience":160550,"relics_obtained":[{"floor":9.0,"key":"Bag of Preparation"},{"floor":14.0,"key":"Omamori"},{"floor":25.0,"key":"Anchor"},{"floor":26.0,"key":"Question Card"},{"floor":43,"key":"Boot"}],"event_choices":[{"event_name":"Drug Dealer","player_choice":"Got JAXXED","floor":19.0,"damage_taken":0.0},{"event_name":"Cursed Tome","player_choice":"Ignored","floor":21.0,"damage_taken":0.0},{"event_name":"Bonfire Elementals","player_choice":"UNCOMMON","floor":36,"damage_taken":0},{"event_name":"Winding Halls","player_choice":"Embrace Madness","floor":41,"damage_taken":0},{"event_name":"Falling","player_choice":"Removed Power","floor":45,"damage_taken":0}],"is_beta":false,"boss_relics":[{"not_picked":["Black Star","Runic Pyramid"],"picked":"Tiny House"},{"not_picked":["Cursed Key","Calling Bell"],"picked":"Pandora\u0027s Box"}],"items_purged_floors":[12,29,38],"is_endless":false,"potions_floor_spawned":[1,7,10,13,18,22,33,35,37,48],"killed_by":"Donu and Deca","ascension_level":1}