{"gold_per_floor":[109,119,119,42,42,376,376,404,404,434,446,474,7,25,25,127,127,140,153,173,173,173,199,210,235,235,250,261,291,291,390,390,390],"floor_reached":33,"playtime":1423,"items_purged":[],"score":431,"play_id":"de2cbb3a-bc88-4272-b010-9d4142231fe4","local_time":"20190104222127","is_ascension_mode":true,"campfire_choices":[{"data":"Bash","floor":7.0,"key":"SMITH"},{"data":"Perfected Strike","floor":15.0,"key":"SMITH"},{"floor":32.0,"key":"REST"}],"neow_cost":"NONE","seed_source_timestamp":1373976912749763,"circlet_count":0,"master_deck":["Strike_R","Strike_R","Strike_R","Strike_R","Strike_R","Defend_R+1","Defend_R","Defend_R+1","Bash+1","Perfected Strike+1","Cleave","Perfected Strike","Clash","Flex","Metallicize","Impervious","Wild Strike","Hemokinesis","Uppercut","Headbutt","Demon Form","Perfected Strike","Clash","Metallicize","Twin Strike","Pommel Strike","Twin Strike","Flex+1","Flame Barrier+1","Bloodletting+1","Metallicize","Pommel Strike+1","Shrug It Off"],"special_seed":0,"relics":["Burning Blood","Happy Flower","Old Coin","Art of War","Ornamental Fan","Omamori","Lee\u0027s Waffle","Lantern","Orrery","Magic Flower","Pear","Letter Opener","Matryoshka","War Paint"],"potions_floor_usage":[33],"damage_taken":[{"damage":10.0,"enemies":"Cultist","floor":1.0,"turns":5.0},{"damage":7.0,"enemies":"2 Louse","floor":2.0,"turns":2.0},{"damage":25.0,"enemies":"Lagavulin","floor":6.0,"turns":5.0},{"damage":17.0,"enemies":"Gremlin Nob","floor":8.0,"turns":4.0},{"damage":0.0,"enemies":"Small Slimes","floor":11.0,"turns":2.0},{"damage":15.0,"enemies":"Lagavulin","floor":12.0,"turns":4.0},{"damage":4.0,"enemies":"Looter","floor":14.0,"turns":3.0},{"damage":26.0,"enemies":"The Guardian","floor":16.0,"turns":6.0},{"damage":11.0,"enemies":"Spheric Guardian","floor":18.0,"turns":3.0},{"damage":14.0,"enemies":"3 Byrds","floor":19.0,"turns":4.0},{"damage":31.0,"enemies":"Centurion and Healer","floor":20.0,"turns":5.0},{"damage":28.0,"enemies":"Book of Stabbing","floor":23.0,"turns":3.0},{"damage":3.0,"enemies":"Cultist and Chosen","floor":24.0,"turns":4.0},{"damage":20.0,"enemies":"Slavers","floor":25.0,"turns":6.0},{"damage":5.0,"enemies":"Chosen and Byrds","floor":27.0,"turns":4.0},{"damage":16.0,"enemies":"3 Cultists","floor":28.0,"turns":5.0},{"damage":13.0,"enemies":"Gremlin Leader","floor":29.0,"turns":5.0},{"damage":14.0,"enemies":"Colosseum Slavers","floor":30.0,"turns":3.0},{"damage":88,"enemies":"Collector","floor":33,"turns":10}],"seed_played":"-8717963664445786135","potions_obtained":[{"floor":1.0,"key":"Ancient Potion"},{"floor":12.0,"key":"Ancient Potion"},{"floor":16.0,"key":"Poison Potion"},{"floor":19.0,"key":"LiquidBronze"},{"floor":20.0,"key":"Regen Potion"},{"floor":25.0,"key":"EssenceOfSteel"},{"floor":28.0,"key":"SkillPotion"},{"floor":29.0,"key":"SteroidPotion"}],"is_trial":false,"path_per_floor":["M","M","?","$","?","E","R","E","T","?","M","E","$","M","R","B",null,"M","M","M","?","?","E","M","E","T","M","M","E","?","?","R","B"],"character_chosen":"IRONCLAD","items_purchased":["Clash","Flex","Lee\u0027s Waffle","Lantern","Strength Potion","Uppercut"],"campfire_rested":1,"item_purchase_floors":[4,4,13,13,13,13],"current_hp_per_floor":[76,75,68,68,56,37,37,26,26,26,32,23,87,87,87,67,82,77,69,44,44,44,49,55,44,44,48,41,37,32,32,61,0],"gold":390,"neow_bonus":"THREE_CARDS","is_prod":false,"is_daily":false,"chose_seed":false,"campfire_upgraded":2,"win_rate":0,"timestamp":1546669287,"path_taken":["M","M","?","$","?","E","R","E","T","?","M","E","?","?","R","BOSS","M","M","M","?","?","E","M","E","T","M","M","E","?","?","R","BOSS"],"build_version":"2019-01-03v4","purchased_purges":0,"victory":false,"max_hp_per_floor":[80,80,80,80,80,80,80,80,80,80,80,80,87,87,87,87,87,87,87,87,87,87,97,97,97,97,97,97,97,97,97,97,97],"card_choices":[{"not_picked":["Body Slam","Evolve"],"picked":"Perfected Strike","floor":0.0},{"not_picked":["Blood for Blood","Warcry"],"picked":"Cleave","floor":1.0},{"not_picked":["Shrug It Off","Iron Wave"],"picked":"Perfected Strike","floor":2.0},{"not_picked":["Dual Wield","Body Slam"],"picked":"Metallicize","floor":6.0},{"not_picked":["Spot Weakness","Sword Boomerang"],"picked":"Impervious","floor":8.0},{"not_picked":["Shrug It Off","Inflame"],"picked":"Wild Strike","floor":11.0},{"not_picked":["Anger","Offering"],"picked":"Hemokinesis","floor":12.0},{"not_picked":["Iron Wave","Whirlwind"],"picked":"Headbutt","floor":14.0},{"not_picked":["Immolate","Double Tap"],"picked":"Demon Form","floor":16.0},{"not_picked":["Clothesline","Flex"],"picked":"Perfected Strike","floor":17.0},{"not_picked":["Sword Boomerang","Headbutt"],"picked":"Clash","floor":17.0},{"not_picked":["Pummel","Heavy Blade"],"picked":"Metallicize","floor":17.0},{"not_picked":["Carnage","Rupture"],"picked":"Twin Strike","floor":17.0},{"not_picked":["Dropkick","Headbutt"],"picked":"Pommel Strike","floor":18.0},{"not_picked":["Searing Blow+1","Sword Boomerang","Metallicize"],"picked":"SKIP","floor":19.0},{"not_picked":["Sword Boomerang+1","Shrug It Off"],"picked":"Twin Strike","floor":20.0},{"not_picked":["Barricade","Fire Breathing"],"picked":"Flex+1","floor":23.0},{"not_picked":["Disarm+1","Rage+1"],"picked":"Flame Barrier+1","floor":24.0},{"not_picked":["Clash","Pummel"],"picked":"Bloodletting+1","floor":25.0},{"not_picked":["Anger","Entrench"],"picked":"Metallicize","floor":27.0},{"not_picked":["Flame Barrier+1","Fire Breathing"],"picked":"Pommel Strike+1","floor":28.0},{"not_picked":["Bludgeon","Feel No Pain"],"picked":"Shrug It Off","floor":29.0}],"player_experience":272677,"relics_obtained":[{"floor":6.0,"key":"Old Coin"},{"floor":8.0,"key":"Art of War"},{"floor":9.0,"key":"Ornamental Fan"},{"floor":12.0,"key":"Omamori"},{"floor":23.0,"key":"Pear"},{"floor":25.0,"key":"Letter Opener"},{"floor":26.0,"key":"Matryoshka"},{"floor":29.0,"key":"War Paint"}],"event_choices":[{"cards_removed":["Defend_R"],"damage_healed":0.0,"max_hp_gain":0.0,"max_hp_loss":0.0,"gold_gain":0.0,"event_name":"Golden Wing","player_choice":"Card Removal","floor":3.0,"gold_loss":0.0,"damage_taken":7.0},{"damage_healed":0.0,"max_hp_gain":0.0,"max_hp_loss":0.0,"gold_gain":0.0,"event_name":"Scrap Ooze","player_choice":"Success","floor":5.0,"gold_loss":0.0,"damage_taken":12.0,"relics_obtained":["Happy Flower"]},{"damage_healed":0.0,"max_hp_gain":0.0,"max_hp_loss":0.0,"gold_gain":30.0,"event_name":"Dead Adventurer","player_choice":"Searched \u00271\u0027 times","floor":10.0,"gold_loss":0.0,"damage_taken":0.0},{"damage_healed":0.0,"max_hp_gain":0.0,"max_hp_loss":0.0,"gold_gain":0.0,"event_name":"The Mausoleum","player_choice":"Opened","floor":21.0,"gold_loss":0.0,"damage_taken":0.0,"relics_obtained":["Magic Flower"],"cards_obtained":["Writhe"]},{"damage_healed":0.0,"max_hp_gain":0.0,"max_hp_loss":0.0,"gold_gain":0.0,"event_name":"Vampires","player_choice":"Ignored","floor":22.0,"gold_loss":0.0,"damage_taken":0.0},{"damage_healed":0.0,"max_hp_gain":0.0,"max_hp_loss":0.0,"gold_gain":0.0,"event_name":"Colosseum","player_choice":"Fight","floor":30.0,"gold_loss":0.0,"damage_taken":0.0},{"damage_healed":0.0,"max_hp_gain":0.0,"max_hp_loss":0.0,"gold_gain":0.0,"event_name":"Colosseum","player_choice":"Fled From Nobs","floor":30.0,"gold_loss":0.0,"damage_taken":0.0},{"damage_healed":0.0,"max_hp_gain":0.0,"max_hp_loss":0.0,"gold_gain":99.0,"event_name":"Nest","player_choice":"Stole From Cult","floor":31.0,"gold_loss":0.0,"damage_taken":0.0}],"is_beta":false,"boss_relics":[{"not_picked":["Busted Crown","Velvet Choker"],"picked":"Orrery"}],"items_purged_floors":[],"is_endless":false,"potions_floor_spawned":[1,12,16,19,20,25,28,29],"killed_by":"Collector","ascension_level":5}