{"gold_per_floor":[115,128,303,317,267,267,367,367,367,52,71,103,103,121,121,223,223,234,234,149,149,161,161,161],"floor_reached":24,"playtime":1082,"items_purged":["Doubt"],"score":204,"play_id":"779ce82b-9ea3-4f8f-b017-e21045d41dbb","local_time":"20190104222116","is_ascension_mode":true,"campfire_choices":[{"data":"Uppercut","floor":8,"key":"SMITH"},{"data":"Heavy Blade","floor":13,"key":"SMITH"},{"data":"Sword Boomerang","floor":15,"key":"SMITH"},{"floor":23,"key":"REST"}],"neow_cost":"NONE","seed_source_timestamp":20834458452000,"circlet_count":0,"master_deck":["Strike_R","Defend_R","Defend_R","Defend_R","Bash","Sword Boomerang+1","Uppercut+1","Heavy Blade+1","Shrug It Off","Demon Form","Juggernaut+1","Limit Break+1","Twin Strike+1","Armaments","Disarm+1"],"relics":["Burning Blood","Pantograph","Boot","Paper Frog","Bag of Marbles","Astrolabe","Ornamental Fan"],"potions_floor_usage":[16],"damage_taken":[{"damage":7,"enemies":"Jaw Worm","floor":1,"turns":4},{"damage":0,"enemies":"Small Slimes","floor":2,"turns":3},{"damage":4,"enemies":"2 Louse","floor":4,"turns":3},{"damage":9,"enemies":"Red Slaver","floor":11,"turns":4},{"damage":26,"enemies":"Lagavulin","floor":12,"turns":4},{"damage":0,"enemies":"Large Slime","floor":14,"turns":4},{"damage":68,"enemies":"Slime Boss","floor":16,"turns":12},{"damage":34,"enemies":"2 Thieves","floor":18,"turns":4},{"damage":15,"enemies":"Shell Parasite","floor":22,"turns":5},{"damage":46,"enemies":"Slavers","floor":24,"turns":4}],"seed_played":"3700275560571985602","potions_obtained":[{"floor":4,"key":"Block Potion"},{"floor":11,"key":"FearPotion"}],"is_trial":false,"path_per_floor":["M","M","?","M","?","T","?","R","T","$","M","E","R","M","R","B",null,"M","?","?","$","M","R","E"],"character_chosen":"IRONCLAD","items_purchased":["Paper Frog"],"campfire_rested":1,"item_purchase_floors":[10],"current_hp_per_floor":[79,80,80,80,80,80,80,80,80,80,77,57,57,63,63,18,80,52,37,37,37,28,53,7],"gold":161,"neow_bonus":"REMOVE_CARD","is_prod":false,"is_daily":false,"chose_seed":false,"campfire_upgraded":3,"win_rate":0,"timestamp":1546640476,"path_taken":["M","M","?","M","?","?","?","R","T","$","M","E","R","?","R","BOSS","M","?","?","$","M","R","E"],"build_version":"2019-01-03v4","purchased_purges":1,"victory":false,"max_hp_per_floor":[80,80,80,80,80,80,80,80,80,80,80,80,80,80,80,80,80,80,85,85,85,85,85,85],"card_choices":[{"not_picked":["Perfected Strike","Body Slam"],"picked":"Sword Boomerang","floor":1},{"not_picked":["Thunderclap","Shrug It Off"],"picked":"Uppercut","floor":2},{"not_picked":["Pommel Strike","Flex","Thunderclap"],"picked":"SKIP","floor":4},{"not_picked":["Thunderclap","Wild Strike"],"picked":"Heavy Blade","floor":11},{"not_picked":["Warcry","Sword Boomerang","Wild Strike"],"picked":"SKIP","floor":12},{"not_picked":["Clash","Warcry"],"picked":"Shrug It Off","floor":14},{"not_picked":["Berserk","Bludgeon"],"picked":"Demon Form","floor":16},{"not_picked":["Second Wind","Thunderclap"],"picked":"Armaments","floor":18},{"not_picked":["Second Wind","Wild Strike"],"picked":"Disarm+1","floor":22}],"player_experience":41694,"relics_obtained":[{"floor":6,"key":"Pantograph"},{"floor":9,"key":"Boot"},{"floor":12,"key":"Bag of Marbles"}],"event_choices":[{"damage_healed":0,"gold_gain":175,"player_choice":"AGREE","damage_taken":0,"max_hp_gain":0,"max_hp_loss":0,"event_name":"Liars Game","floor":3,"gold_loss":0,"cards_obtained":["Doubt"]},{"cards_removed":["Strike_R"],"damage_healed":0,"gold_gain":0,"player_choice":"Card Removal","damage_taken":0,"max_hp_gain":0,"max_hp_loss":0,"event_name":"The Cleric","floor":5,"gold_loss":50},{"damage_healed":0,"gold_gain":100,"player_choice":"Pray","damage_taken":0,"max_hp_gain":0,"max_hp_loss":0,"event_name":"Golden Shrine","floor":7,"gold_loss":0},{"damage_healed":0,"gold_gain":0,"player_choice":"Shed Blood","damage_taken":20,"max_hp_gain":5,"max_hp_loss":0,"event_name":"Forgotten Altar","floor":19,"gold_loss":0},{"damage_healed":0,"gold_gain":0,"player_choice":"Obtained Relic","damage_taken":0,"relics_obtained":["Ornamental Fan"],"max_hp_gain":0,"max_hp_loss":0,"event_name":"Addict","floor":20,"gold_loss":85}],"is_beta":false,"boss_relics":[{"not_picked":["White Beast Statue","Fusion Hammer"],"picked":"Astrolabe"}],"items_purged_floors":[10],"is_endless":false,"potions_floor_spawned":[4,11],"killed_by":"Slavers","ascension_level":1}