{"gold_per_floor":[114,125,125,144,206,241,241,255,337,337,347,14,42,59,59,162,162,182,199,9,9],"floor_reached":21,"playtime":613,"items_purged":[],"score":267,"play_id":"2376aacd-a244-4560-8381-8929e3fc17b2","local_time":"20190102173356","is_ascension_mode":true,"campfire_choices":[{"floor":7.0,"key":"REST"},{"floor":15.0,"key":"REST"}],"neow_cost":"TEN_PERCENT_HP_LOSS","seed_source_timestamp":0,"circlet_count":0,"master_deck":["Strike_R","Strike_R","Strike_R","Strike_R","Strike_R","Defend_R","Defend_R","Defend_R","Defend_R","Bash","Wild Strike","Carnage","Infernal Blade","Swift Strike+1","Evolve","Rupture","Feed+1","Writhe","Shame","Shame","Clothesline+1","Disarm+1"],"special_seed":0,"relics":["Burning Blood","Turnip","Bird Faced Urn","Regal Pillow","Mercury Hourglass","Molten Egg 2","PreservedInsect","Calling Bell","Blood Vial","Matryoshka","Unceasing Top","Membership Card"],"potions_floor_usage":[21],"damage_taken":[{"damage":6.0,"enemies":"Cultist","floor":1.0,"turns":3.0},{"damage":11.0,"enemies":"Jaw Worm","floor":2.0,"turns":5.0},{"damage":10.0,"enemies":"Small Slimes","floor":4.0,"turns":4.0},{"damage":16.0,"enemies":"Gremlin Nob","floor":6.0,"turns":3.0},{"damage":16.0,"enemies":"Blue Slaver","floor":8.0,"turns":3.0},{"damage":11.0,"enemies":"Looter","floor":11.0,"turns":2.0},{"damage":25.0,"enemies":"Lagavulin","floor":13.0,"turns":4.0},{"damage":6.0,"enemies":"Exordium Wildlife","floor":14.0,"turns":3.0},{"damage":7.0,"enemies":"Slime Boss","floor":16.0,"turns":7.0},{"damage":34.0,"enemies":"Spheric Guardian","floor":18.0,"turns":5.0},{"damage":32.0,"enemies":"3 Byrds","floor":19.0,"turns":5.0},{"damage":31,"enemies":"Snecko","floor":21,"turns":4}],"seed_played":"7248215394519338829","potions_obtained":[{"floor":6.0,"key":"Energy Potion"},{"floor":8.0,"key":"Swift Potion"},{"floor":13.0,"key":"AttackPotion"},{"floor":14.0,"key":"Fire Potion"},{"floor":16.0,"key":"Weak Potion"},{"floor":19.0,"key":"Explosive Potion"}],"is_trial":false,"path_per_floor":["M","M","?","M","?","E","R","M","T","?","M","$","E","M","R","B",null,"M","M","$","M"],"character_chosen":"IRONCLAD","items_purchased":["Molten Egg 2","Swift Strike+1","Membership Card"],"campfire_rested":2,"item_purchase_floors":[12,12,20],"current_hp_per_floor":[72,67,34,30,30,20,56,46,46,46,41,41,22,22,58,61,69,43,23,23,0],"gold":9,"neow_bonus":"ONE_RARE_RELIC","is_prod":false,"is_daily":false,"chose_seed":false,"campfire_upgraded":0,"win_rate":0,"timestamp":1546446836,"path_taken":["M","?","?","M","?","E","R","M","T","?","M","?","E","M","R","BOSS","M","M","$","M"],"build_version":"2018-12-20","purchased_purges":0,"victory":false,"max_hp_per_floor":[72,72,72,72,72,72,72,72,72,72,72,72,72,72,72,72,72,72,76,76,76],"card_choices":[{"not_picked":["Flex","Cleave","Dual Wield"],"picked":"SKIP","floor":1.0},{"not_picked":["Body Slam","Warcry"],"picked":"Wild Strike","floor":2.0},{"not_picked":["Wild Strike","Rupture"],"picked":"Carnage","floor":4.0},{"not_picked":["Wild Strike","Dual Wield"],"picked":"Infernal Blade","floor":6.0},{"not_picked":["Body Slam","Sword Boomerang","Infernal Blade"],"picked":"SKIP","floor":8.0},{"not_picked":["Iron Wave","Rage","Body Slam"],"picked":"SKIP","floor":11.0},{"not_picked":["Dark Embrace","Body Slam+1"],"picked":"Evolve","floor":13.0},{"not_picked":["Clash+1","Warcry"],"picked":"Rupture","floor":14.0},{"not_picked":["Juggernaut","Offering"],"picked":"Feed+1","floor":16.0},{"not_picked":["Twin Strike+1","Bloodletting"],"picked":"Clothesline+1","floor":18.0},{"not_picked":["Armaments+1","Warcry"],"picked":"Disarm+1","floor":19.0}],"player_experience":252196,"relics_obtained":[{"floor":6.0,"key":"Regal Pillow"},{"floor":9.0,"key":"Mercury Hourglass"},{"floor":13.0,"key":"PreservedInsect"},{"floor":17.0,"key":"Blood Vial"},{"floor":17.0,"key":"Matryoshka"},{"floor":17.0,"key":"Unceasing Top"}],"event_choices":[{"damage_healed":0.0,"max_hp_gain":0.0,"max_hp_loss":0.0,"gold_gain":0.0,"event_name":"Scrap Ooze","player_choice":"Success","floor":3.0,"gold_loss":0.0,"damage_taken":33.0,"relics_obtained":["Bird Faced Urn"]},{"damage_healed":0.0,"max_hp_gain":0.0,"max_hp_loss":0.0,"gold_gain":62.0,"event_name":"Golden Wing","player_choice":"Gained Gold","floor":5.0,"gold_loss":0.0,"damage_taken":0.0},{"damage_healed":0.0,"max_hp_gain":0.0,"max_hp_loss":0.0,"gold_gain":0.0,"event_name":"Golden Idol","player_choice":"Ignored","floor":10.0,"gold_loss":0.0,"damage_taken":0.0}],"is_beta":false,"boss_relics":[{"not_picked":["Black Star","Coffee Dripper"],"picked":"Calling Bell"}],"items_purged_floors":[],"is_endless":false,"potions_floor_spawned":[6,8,13,14,16,19],"killed_by":"Snecko","ascension_level":8}