{"gold_per_floor":[214,214,214,139,159,192,204,232,312,367,404,439,451,183,183,308,308,329,428,23,44,44,44,44],"floor_reached":24,"playtime":1171,"items_purged":["Strike_B","Strike_B","Strike_B"],"score":224,"play_id":"5f1968f7-95c6-41ea-9d57-a098994ef7b1","local_time":"20190126171457","is_ascension_mode":true,"campfire_choices":[{"data":"Zap","floor":7,"key":"SMITH"},{"floor":13,"key":"REST"},{"floor":15,"key":"REST"}],"neow_cost":"NONE","seed_source_timestamp":158791106143500,"circlet_count":0,"master_deck":["Strike_B","Defend_B","Defend_B","Defend_B","Defend_B","Zap+1","Dualcast","White Noise","Cold Snap","Compile Driver","Buffer","Hologram","Chill","Cold Snap","Gash","Seek","Sweeping Beam","Shame"],"special_seed":0,"relics":["Cracked Core","Golden Idol","MawBank","Unceasing Top","Bag of Preparation","Snecko Eye","Membership Card","FossilizedHelix","Ancient Tea Set"],"potions_floor_usage":[6,24,24],"damage_taken":[{"damage":8.0,"enemies":"2 Louse","floor":1.0,"turns":2.0},{"damage":7,"enemies":"Small Slimes","floor":5,"turns":3},{"damage":6,"enemies":"Gremlin Nob","floor":6,"turns":3},{"damage":7,"enemies":"Jaw Worm","floor":8,"turns":3},{"damage":26,"enemies":"3 Sentries","floor":10,"turns":7},{"damage":9,"enemies":"Red Slaver","floor":11,"turns":3},{"damage":14,"enemies":"Gremlin Gang","floor":12,"turns":5},{"damage":29,"enemies":"The Guardian","floor":16,"turns":13},{"damage":72,"enemies":"3 Byrds","floor":18,"turns":9},{"damage":0,"enemies":"Chosen","floor":21,"turns":7},{"damage":2,"enemies":"Centurion and Healer","floor":24,"turns":7}],"seed_played":"5370562901529932511","potions_obtained":[{"floor":5,"key":"AttackPotion"},{"floor":6,"key":"Dexterity Potion"},{"floor":11,"key":"Strength Potion"},{"floor":12,"key":"EssenceOfSteel"},{"floor":23,"key":"Swift Potion"},{"floor":23,"key":"PowerPotion"},{"floor":23,"key":"Weak Potion"}],"is_trial":false,"path_per_floor":["M","?","?","$","M","E","R","M","T","E","M","M","R","$","R","B",null,"M","?","$","M","?","?","M"],"character_chosen":"DEFECT","items_purchased":["Bag of Preparation","Gash","Membership Card","FossilizedHelix"],"campfire_rested":2,"item_purchase_floors":[14,14,20,20],"current_hp_per_floor":[67,67,72,72,65,59,59,52,52,26,17,3,25,25,47,18,74,2,2,2,2,2,2,0],"gold":44,"neow_bonus":"HUNDRED_GOLD","is_prod":false,"is_daily":false,"chose_seed":false,"campfire_upgraded":1,"win_rate":0,"timestamp":1548522897,"path_taken":["M","?","?","$","M","E","R","M","T","E","M","M","R","$","R","BOSS","M","?","$","M","?","?","?"],"build_version":"2019-01-23","purchased_purges":3,"victory":false,"max_hp_per_floor":[75,69,74,74,74,74,74,74,74,74,74,74,74,74,74,74,74,74,74,74,74,74,74,74],"card_choices":[{"not_picked":["Redo","Go for the Eyes"],"picked":"White Noise","floor":1},{"not_picked":["Aggregate","Stack"],"picked":"Cold Snap","floor":5},{"not_picked":["Aggregate","Double Energy"],"picked":"Compile Driver","floor":6},{"not_picked":["Cold Snap","Hologram"],"picked":"Buffer","floor":8},{"not_picked":["Aggregate","Storm"],"picked":"Hologram","floor":10},{"not_picked":["Steam","Redo"],"picked":"Chill","floor":11},{"not_picked":["Chaos","Compile Driver"],"picked":"Cold Snap","floor":12},{"not_picked":["Hyperbeam","Core Surge"],"picked":"Seek","floor":16},{"not_picked":["Heatsinks","Force Field"],"picked":"Sweeping Beam","floor":18},{"not_picked":["Barrage+1","Tempest","Sweeping Beam"],"picked":"SKIP","floor":21}],"player_experience":172033,"relics_obtained":[{"floor":6,"key":"MawBank"},{"floor":10,"key":"Unceasing Top"}],"event_choices":[{"damage_healed":0,"gold_gain":0,"player_choice":"Lose Max HP","damage_taken":0,"relics_obtained":["Golden Idol"],"max_hp_gain":0,"max_hp_loss":6,"event_name":"Golden Idol","floor":2,"gold_loss":0},{"damage_healed":0,"gold_gain":0,"player_choice":"Donut","damage_taken":0,"max_hp_gain":5,"max_hp_loss":0,"event_name":"Big Fish","floor":3,"gold_loss":0},{"damage_healed":0,"gold_gain":99,"player_choice":"Stole From Cult","damage_taken":0,"max_hp_gain":0,"max_hp_loss":0,"event_name":"Nest","floor":19,"gold_loss":0},{"damage_healed":0,"gold_gain":0,"player_choice":"Stole Relic","damage_taken":0,"relics_obtained":["Ancient Tea Set"],"max_hp_gain":0,"max_hp_loss":0,"event_name":"Addict","floor":22,"gold_loss":0,"cards_obtained":["Shame"]},{"damage_healed":0,"gold_gain":0,"player_choice":"Got Potions","damage_taken":0,"max_hp_gain":0,"max_hp_loss":0,"event_name":"Lab","floor":23,"gold_loss":0}],"is_beta":false,"boss_relics":[{"not_picked":["Busted Crown","Pandora\u0027s Box"],"picked":"Snecko Eye"}],"items_purged_floors":[4,14,20],"is_endless":false,"potions_floor_spawned":[5,6,11,12,21],"killed_by":"Centurion and Healer","ascension_level":2}