{"gold_per_floor":[111,127,52,227,242,242,254,254,323,350,300,300,334,345,345,444,444,457,471,471,481,496,527,345,363,363,363,396,42,68,82,82,185,185,203,221,221,240,115,115,150,164,164,264,264,0,18,38,38,38],"floor_reached":50,"playtime":6641,"items_purged":["Strike_B","Defend_B","Strike_B"],"score":703,"play_id":"5a4466f5-b74a-40f9-b17a-264abbc6bf07","local_time":"20190125210637","is_ascension_mode":true,"campfire_choices":[{"data":"Go for the Eyes","floor":6,"key":"SMITH"},{"data":"Conserve Battery","floor":12,"key":"SMITH"},{"floor":15,"key":"REST"},{"data":"Blizzard","floor":27,"key":"SMITH"},{"floor":32,"key":"REST"},{"data":"Madness","floor":40,"key":"SMITH"},{"floor":45,"key":"RECALL"},{"data":"Glacier","floor":49,"key":"SMITH"}],"neow_cost":"NONE","seed_source_timestamp":490264383330667,"circlet_count":0,"master_deck":["Strike_B","Strike_B","Defend_B","Defend_B+1","Defend_B","Zap","Dualcast","Go for the Eyes+1","Sunder","Conserve Battery+1","Auto Shields+1","Sunder","Glacier+1","Stack","Electrodynamics","Conserve Battery","BootSequence","Ball Lightning","Blizzard+1","Turbo+1","Finesse","Heatsinks+1","Fusion","Turbo","Creative AI+1","Loop+1","White Noise+1","Leap+1","Seek","Capacitor+1","Consume","Madness+1","Madness","Loop+1","Turbo+1","Fusion","Hologram+1","Stack+1"],"relics":["Runic Pyramid","Vajra","Shuriken","Centennial Puzzle","Bottled Lightning","Calling Bell","Dream Catcher","Mummified Hand","Turnip","Frozen Egg 2","War Paint","Bronze Scales","Lantern","Ornamental Fan","Sozu","Bottled Flame","Ice Cream","Red Mask"],"potions_floor_usage":[50],"damage_taken":[{"damage":0,"enemies":"Cultist","floor":1,"turns":4},{"damage":4,"enemies":"Jaw Worm","floor":2,"turns":3},{"damage":0,"enemies":"Small Slimes","floor":5,"turns":3},{"damage":0,"enemies":"Exordium Thugs","floor":7,"turns":4},{"damage":27,"enemies":"3 Sentries","floor":10,"turns":12},{"damage":30,"enemies":"Gremlin Nob","floor":13,"turns":4},{"damage":0,"enemies":"3 Louse","floor":14,"turns":3},{"damage":25,"enemies":"Hexaghost","floor":16,"turns":16},{"damage":27,"enemies":"2 Thieves","floor":18,"turns":4},{"damage":0,"enemies":"Chosen","floor":19,"turns":6},{"damage":3,"enemies":"Snake Plant","floor":21,"turns":6},{"damage":0,"enemies":"Sentry and Sphere","floor":22,"turns":8},{"damage":4,"enemies":"Gremlin Leader","floor":23,"turns":10},{"damage":0,"enemies":"Centurion and Healer","floor":25,"turns":7},{"damage":12,"enemies":"Slavers","floor":28,"turns":7},{"damage":3,"enemies":"Gremlin Leader","floor":30,"turns":6},{"damage":3,"enemies":"Snake Plant","floor":31,"turns":3},{"damage":0,"enemies":"Champ","floor":33,"turns":12},{"damage":12,"enemies":"3 Darklings","floor":35,"turns":4},{"damage":0,"enemies":"Orb Walker","floor":36,"turns":5},{"damage":0,"enemies":"Sphere and 2 Shapes","floor":38,"turns":5},{"damage":24,"enemies":"Giant Head","floor":41,"turns":9},{"damage":1,"enemies":"Spire Growth","floor":42,"turns":5},{"damage":0,"enemies":"Mind Bloom Boss Battle","floor":44,"turns":7},{"damage":0,"enemies":"4 Shapes","floor":47,"turns":6},{"damage":0,"enemies":"Maw","floor":48,"turns":7},{"damage":36,"enemies":"Time Eater","floor":50,"turns":7}],"seed_played":"-7326599527963396295","potions_obtained":[{"floor":2,"key":"Energy Potion"},{"floor":7,"key":"Energy Potion"},{"floor":10,"key":"SteroidPotion"},{"floor":13,"key":"SkillPotion"}],"is_trial":false,"path_per_floor":["M","M","$","?","M","R","M","?","T","E","?","R","E","M","R","B",null,"M","M","?","M","M","E","$","M","T","R","E","$","E","M","R","B",null,"M","M","?","M","$","R","E","M","T","?","R","?","M","M","R","B"],"character_chosen":"DEFECT","items_purchased":["Finesse","Turbo","Creative AI+1","Lantern"],"campfire_rested":2,"item_purchase_floors":[24,29,29,29],"current_hp_per_floor":[75,71,71,71,71,71,71,71,71,44,44,44,14,14,36,11,75,48,48,48,45,45,41,41,41,41,41,29,29,26,23,44,44,72,60,60,51,51,51,51,27,26,26,26,26,26,26,26,26,0],"gold":38,"neow_bonus":"BOSS_RELIC","is_prod":false,"is_daily":false,"chose_seed":false,"campfire_upgraded":5,"win_rate":0,"timestamp":1548468397,"path_taken":["M","?","?","?","M","R","M","?","T","E","?","R","E","M","R","BOSS","M","M","?","M","M","E","$","?","T","R","E","$","E","M","R","BOSS","M","M","?","M","?","R","E","M","T","?","R","?","M","M","R","BOSS"],"build_version":"2019-01-23","purchased_purges":3,"victory":false,"max_hp_per_floor":[75,75,75,75,75,75,75,75,75,75,75,75,75,75,75,75,75,75,75,72,72,72,72,72,72,72,72,72,72,72,72,72,72,72,72,72,72,72,72,72,72,72,72,72,72,72,72,72,72,72],"card_choices":[{"not_picked":["Turbo","Melter"],"picked":"Go for the Eyes","floor":1},{"not_picked":["Rebound","Streamline"],"picked":"Sunder","floor":2},{"not_picked":["Steam Power","Doom and Gloom"],"picked":"Conserve Battery","floor":5},{"not_picked":["Force Field","Undo"],"picked":"Auto Shields","floor":7},{"not_picked":["Go for the Eyes","Cold Snap"],"picked":"Sunder","floor":10},{"not_picked":["Leap","Amplify"],"picked":"Glacier","floor":13},{"not_picked":["Tempest","Melter"],"picked":"Stack","floor":14},{"not_picked":["Amplify","Hyperbeam"],"picked":"Electrodynamics","floor":16},{"not_picked":["Chaos","Leap"],"picked":"Conserve Battery","floor":18},{"not_picked":["Sweeping Beam","Genetic Algorithm+1"],"picked":"BootSequence","floor":19},{"not_picked":["Reinforced Body","Sweeping Beam"],"picked":"Ball Lightning","floor":21},{"not_picked":["Steam","Fusion"],"picked":"Blizzard","floor":22},{"not_picked":["Compile Driver","Stack"],"picked":"Turbo+1","floor":23},{"not_picked":["Genetic Algorithm","Ball Lightning"],"picked":"Heatsinks+1","floor":25},{"not_picked":["Coolheaded","Hologram"],"picked":"Fusion","floor":28},{"not_picked":["Machine Learning+1","Self Repair+1"],"picked":"Loop+1","floor":30},{"not_picked":["Compile Driver","Doom and Gloom"],"picked":"White Noise+1","floor":31},{"not_picked":["Barrage","Hello World+1"],"picked":"Leap+1","floor":32},{"not_picked":["Hyperbeam","Amplify"],"picked":"Seek","floor":33},{"not_picked":["Conserve Battery","Recycle+1"],"picked":"Capacitor+1","floor":35},{"not_picked":["Fusion","Coolheaded+1"],"picked":"Consume","floor":36},{"not_picked":["Static Discharge+1","Steam"],"picked":"Loop+1","floor":38},{"not_picked":["Ball Lightning","Scrape","Force Field"],"picked":"SKIP","floor":41},{"not_picked":["Biased Cognition+1","Compile Driver+1"],"picked":"Turbo+1","floor":42},{"not_picked":["Steam+1","Darkness"],"picked":"Fusion","floor":44},{"not_picked":["Ball Lightning+1","Cold Snap"],"picked":"Hologram+1","floor":47},{"not_picked":["Heatsinks+1","Gash+1"],"picked":"Stack+1","floor":48}],"player_experience":111460,"relics_obtained":[{"floor":9,"key":"Shuriken"},{"floor":10,"key":"Centennial Puzzle"},{"floor":13,"key":"Bottled Lightning"},{"floor":17,"key":"Dream Catcher"},{"floor":17,"key":"Mummified Hand"},{"floor":17,"key":"Turnip"},{"floor":23,"key":"Frozen Egg 2"},{"floor":26,"key":"War Paint"},{"floor":28,"key":"Bronze Scales"},{"floor":30,"key":"Ornamental Fan"},{"floor":41,"key":"Bottled Flame"},{"floor":44,"key":"Ice Cream"}],"event_choices":[{"damage_healed":0,"gold_gain":175,"player_choice":"AGREE","damage_taken":0,"max_hp_gain":0,"max_hp_loss":0,"event_name":"Liars Game","floor":4,"gold_loss":0,"cards_obtained":["Doubt"]},{"damage_healed":0,"gold_gain":0,"player_choice":"Box","damage_taken":0,"relics_obtained":["Vajra"],"max_hp_gain":0,"max_hp_loss":0,"event_name":"Big Fish","floor":8,"gold_loss":0,"cards_obtained":["Regret"]},{"cards_removed":["Regret"],"damage_healed":0,"gold_gain":0,"player_choice":"Card Removal","damage_taken":0,"max_hp_gain":0,"max_hp_loss":0,"event_name":"The Cleric","floor":11,"gold_loss":50},{"cards_removed":["Parasite","Writhe","Decay","Doubt"],"damage_healed":0,"gold_gain":0,"player_choice":"Removed Curses","damage_taken":0,"max_hp_gain":0,"max_hp_loss":0,"event_name":"Fountain of Cleansing","floor":20,"gold_loss":0},{"damage_healed":0,"gold_gain":0,"player_choice":"Embrace Madness","damage_taken":9,"max_hp_gain":0,"max_hp_loss":0,"event_name":"Winding Halls","floor":37,"gold_loss":0,"cards_obtained":["Madness","Madness"]},{"damage_healed":0,"gold_gain":0,"player_choice":"Fight","damage_taken":0,"max_hp_gain":0,"max_hp_loss":0,"event_name":"MindBloom","floor":44,"gold_loss":0},{"damage_healed":0,"gold_gain":0,"player_choice":"Paid","damage_taken":0,"relics_obtained":["Red Mask"],"max_hp_gain":0,"max_hp_loss":0,"event_name":"Tomb of Lord Red Mask","floor":46,"gold_loss":264}],"is_beta":false,"boss_relics":[{"not_picked":["Empty Cage","Coffee Dripper"],"picked":"Calling Bell"},{"not_picked":["Orrery","Velvet Choker"],"picked":"Sozu"}],"items_purged_floors":[3,24,39],"is_endless":false,"potions_floor_spawned":[2,7,10,13,16,21,22,23,28,33,36,41,42,48],"killed_by":"Time Eater","ascension_level":2}