{"gold_per_floor":[111,126,140,140,140,170,170,196,247,260,280,315,335,335,335,464,464,478,478,496,9,9,79,98,131,131,256,297,297,318,318,318,447,447,462,482,143,143,143,184,0,0,48,48,89,89,109,17,17,17],"floor_reached":51,"playtime":4146,"items_purged":[],"score":981,"play_id":"34fea64e-7a6b-4fb1-9aba-b8b7aeaf3a53","local_time":"20190129055938","is_ascension_mode":false,"campfire_choices":[{"floor":7.0,"key":"REST"},{"data":"Phantasmal Killer","floor":15.0,"key":"SMITH"},{"floor":29.0,"key":"REST"},{"floor":32.0,"key":"DIG"},{"floor":42,"key":"DIG"},{"floor":44,"key":"DIG"},{"floor":49,"key":"DIG"}],"neow_cost":"NONE","seed_source_timestamp":112360155768089,"circlet_count":0,"master_deck":["Defend_G","Defend_G","Defend_G","Defend_G","Defend_G","Strike_G","Strike_G","Strike_G","Strike_G","Survivor","Neutralize+1","Quick Slash","Backstab","Dagger Spray","Quick Slash","Phantasmal Killer+1","Backflip","Flying Knee","Quick Slash","Dagger Throw+1","Apotheosis","Tactician","Distraction+1","Grand Finale","Calculated Gamble","Madness","Madness+1"],"special_seed":0,"relics":["Ring of the Snake","Darkstone Periapt","Bag of Marbles","Lantern","Ancient Tea Set","Golden Idol","Runic Pyramid","Thread and Needle","Vajra","Tiny Chest","Dead Branch","Ginger","Shovel","Gremlin Horn","Tingsha","Letter Opener","Boot","Black Star","Dodecahedron","StoneCalendar","Smiling Mask","Red Mask","Blood Vial","Orichalcum","Toxic Egg 2","Oddly Smooth Stone","Kunai","Blue Candle"],"potions_floor_usage":[50],"damage_taken":[{"damage":2.0,"enemies":"2 Louse","floor":1.0,"turns":4.0},{"damage":0.0,"enemies":"Small Slimes","floor":2.0,"turns":4.0},{"damage":0.0,"enemies":"Cultist","floor":3.0,"turns":3.0},{"damage":19.0,"enemies":"Gremlin Nob","floor":6.0,"turns":5.0},{"damage":27.0,"enemies":"3 Sentries","floor":8.0,"turns":9.0},{"damage":0.0,"enemies":"Red Slaver","floor":10.0,"turns":2.0},{"damage":0.0,"enemies":"Large Slime","floor":11.0,"turns":4.0},{"damage":2.0,"enemies":"Gremlin Nob","floor":12.0,"turns":3.0},{"damage":0.0,"enemies":"Looter","floor":13.0,"turns":1.0},{"damage":42.0,"enemies":"The Guardian","floor":16.0,"turns":13.0},{"damage":11.0,"enemies":"Spheric Guardian","floor":18.0,"turns":4.0},{"damage":4.0,"enemies":"Shell Parasite","floor":20.0,"turns":5.0},{"damage":11.0,"enemies":"Slavers","floor":23.0,"turns":8.0},{"damage":0.0,"enemies":"Centurion and Healer","floor":24.0,"turns":4.0},{"damage":0.0,"enemies":"Book of Stabbing","floor":25.0,"turns":5.0},{"damage":3.0,"enemies":"Colosseum Slavers","floor":27.0,"turns":2.0},{"damage":3.0,"enemies":"Colosseum Nobs","floor":27.0,"turns":4.0},{"damage":0.0,"enemies":"Gremlin Leader","floor":28.0,"turns":1.0},{"damage":0.0,"enemies":"Snake Plant","floor":30.0,"turns":3.0},{"damage":20.0,"enemies":"Collector","floor":33.0,"turns":8.0},{"damage":0.0,"enemies":"3 Darklings","floor":35.0,"turns":2.0},{"damage":0,"enemies":"Orb Walker","floor":36,"turns":3},{"damage":0,"enemies":"Reptomancer","floor":40,"turns":2},{"damage":0,"enemies":"Giant Head","floor":45,"turns":6},{"damage":0,"enemies":"Transient","floor":47,"turns":5},{"damage":0,"enemies":"Awakened One","floor":50,"turns":10}],"seed_played":"-5224206257907785621","potions_obtained":[{"floor":1.0,"key":"GhostInAJar"},{"floor":3.0,"key":"Energy Potion"},{"floor":10.0,"key":"EssenceOfSteel"},{"floor":24.0,"key":"SkillPotion"},{"floor":47,"key":"Swift Potion"}],"is_trial":false,"path_per_floor":["M","M","M","?","?","E","R","E","T","M","M","E","M","?","R","B",null,"M","?","M","$","T","E","M","E","T","?","E","R","M","T","R","B",null,"M","M","$","?","?","E","?","R","T","R","E","?","M","$","R","B",null],"character_chosen":"THE_SILENT","items_purchased":["Apotheosis","Thread and Needle","Calculated Gamble","Dodecahedron","Madness+1"],"campfire_rested":2,"item_purchase_floors":[21,21,37,37,48],"current_hp_per_floor":[75,75,75,75,68,49,72,45,45,45,45,43,43,43,43,1,71,60,60,56,56,56,45,45,45,45,39,39,60,60,60,60,40,71,71,71,71,71,71,71,71,71,71,71,71,67,67,67,67,67],"gold":17,"neow_bonus":"TEN_PERCENT_HP_BONUS","is_prod":false,"is_daily":false,"chose_seed":false,"campfire_upgraded":1,"win_rate":0,"timestamp":1548763178,"path_taken":["M","M","M","?","?","E","R","E","T","M","M","E","M","?","R","BOSS","M","?","?","$","?","E","M","E","T","?","E","R","M","?","R","BOSS","M","M","$","?","?","E","?","R","T","R","E","?","M","$","R","BOSS"],"build_version":"2019-01-23","purchased_purges":0,"victory":true,"max_hp_per_floor":[77,77,77,77,77,77,77,77,77,77,77,77,77,71,71,71,71,71,71,71,71,71,71,71,71,71,71,71,71,71,71,71,71,71,71,71,71,71,71,71,71,71,71,71,71,67,67,67,67,67],"card_choices":[{"not_picked":["Blade Dance","Underhanded Strike"],"picked":"Quick Slash","floor":1.0},{"not_picked":["PiercingWail","Leg Sweep"],"picked":"Backstab","floor":2.0},{"not_picked":["Backflip","Setup"],"picked":"Dagger Spray","floor":3.0},{"not_picked":["Predator","Reflex"],"picked":"Quick Slash","floor":6.0},{"not_picked":["Footwork","Concentrate"],"picked":"Phantasmal Killer","floor":8.0},{"not_picked":["Blade Dance","Calculated Gamble"],"picked":"Backflip","floor":10.0},{"not_picked":["Distraction","Riddle With Holes","Choke"],"picked":"SKIP","floor":11.0},{"not_picked":["Bane","Deflect"],"picked":"Flying Knee","floor":12.0},{"not_picked":["Flechettes","Backflip"],"picked":"Quick Slash","floor":13.0},{"not_picked":["Dodge and Roll","Choke+1","Acrobatics+1"],"picked":"SKIP","floor":18.0},{"not_picked":["Predator","Crippling Poison"],"picked":"Dagger Throw+1","floor":20.0},{"not_picked":["Finisher","Outmaneuver"],"picked":"Tactician","floor":23.0},{"not_picked":["Infinite Blades+1","Storm of Steel","PiercingWail"],"picked":"SKIP","floor":24.0},{"not_picked":["Predator","Finisher"],"picked":"Distraction+1","floor":25.0},{"not_picked":["PiercingWail","Blade Dance","Acrobatics"],"picked":"SKIP","floor":28.0},{"not_picked":["Bane","Dodge and Roll+1","Underhanded Strike+1"],"picked":"SKIP","floor":30.0},{"not_picked":["Die Die Die","Burst"],"picked":"Grand Finale","floor":33.0},{"not_picked":["Dodge and Roll","Outmaneuver","Flying Knee+1"],"picked":"SKIP","floor":35.0},{"not_picked":["Poisoned Stab+1","Slice","Dash"],"picked":"SKIP","floor":36},{"not_picked":["Deep Breath","Sadistic Nature"],"picked":"Madness","floor":39},{"not_picked":["Infinite Blades+1","Blur","Slice+1"],"picked":"SKIP","floor":40},{"not_picked":["Choke+1","All Out Attack","Slice"],"picked":"SKIP","floor":45},{"not_picked":["Slice","Dodge and Roll+1","Expertise+1"],"picked":"SKIP","floor":47}],"player_experience":238000,"relics_obtained":[{"floor":6.0,"key":"Darkstone Periapt"},{"floor":8.0,"key":"Bag of Marbles"},{"floor":9.0,"key":"Lantern"},{"floor":12.0,"key":"Ancient Tea Set"},{"floor":22.0,"key":"Vajra"},{"floor":23.0,"key":"Tiny Chest"},{"floor":25.0,"key":"Dead Branch"},{"floor":26.0,"key":"Ginger"},{"floor":27.0,"key":"Shovel"},{"floor":27.0,"key":"Gremlin Horn"},{"floor":28.0,"key":"Tingsha"},{"floor":31.0,"key":"Letter Opener"},{"floor":32.0,"key":"Boot"},{"floor":40,"key":"StoneCalendar"},{"floor":40,"key":"Smiling Mask"},{"floor":42,"key":"Blood Vial"},{"floor":43,"key":"Orichalcum"},{"floor":44,"key":"Toxic Egg 2"},{"floor":45,"key":"Oddly Smooth Stone"},{"floor":45,"key":"Kunai"},{"floor":49,"key":"Blue Candle"}],"event_choices":[{"damage_healed":0.0,"max_hp_gain":0.0,"max_hp_loss":0.0,"gold_gain":0.0,"event_name":"Living Wall","player_choice":"Grow","floor":4.0,"gold_loss":0.0,"damage_taken":0.0,"cards_upgraded":["Neutralize"]},{"cards_removed":["Strike_G"],"damage_healed":0.0,"max_hp_gain":0.0,"max_hp_loss":0.0,"gold_gain":0.0,"event_name":"Golden Wing","player_choice":"Card Removal","floor":5.0,"gold_loss":0.0,"damage_taken":7.0},{"damage_healed":0.0,"max_hp_gain":0.0,"max_hp_loss":6.0,"gold_gain":0.0,"event_name":"Golden Idol","player_choice":"Lose Max HP","floor":14.0,"gold_loss":0.0,"damage_taken":0.0,"relics_obtained":["Golden Idol"]},{"damage_healed":0.0,"max_hp_gain":0.0,"max_hp_loss":0.0,"gold_gain":0.0,"event_name":"NoteForYourself","player_choice":"Ignored","floor":19.0,"gold_loss":0.0,"damage_taken":0.0},{"damage_healed":0.0,"max_hp_gain":0.0,"max_hp_loss":0.0,"gold_gain":0.0,"event_name":"Colosseum","player_choice":"Fight","floor":27.0,"gold_loss":0.0,"damage_taken":0.0},{"damage_healed":0.0,"max_hp_gain":0.0,"max_hp_loss":0.0,"gold_gain":0.0,"event_name":"Colosseum","player_choice":"Fought Nobs","floor":27.0,"gold_loss":0.0,"damage_taken":0.0},{"damage_healed":0,"gold_gain":0,"player_choice":"Ignored","damage_taken":0,"max_hp_gain":0,"max_hp_loss":0,"event_name":"Mysterious Sphere","floor":38,"gold_loss":0},{"damage_healed":0,"gold_gain":0,"player_choice":"Memory 1","damage_taken":0,"max_hp_gain":0,"max_hp_loss":0,"event_name":"SensoryStone","floor":39,"gold_loss":0},{"damage_healed":0,"gold_gain":0,"player_choice":"Paid","damage_taken":0,"relics_obtained":["Red Mask"],"max_hp_gain":0,"max_hp_loss":0,"event_name":"Tomb of Lord Red Mask","floor":41,"gold_loss":184},{"damage_healed":0,"gold_gain":0,"player_choice":"Max HP","damage_taken":0,"max_hp_gain":0,"max_hp_loss":4,"event_name":"Winding Halls","floor":46,"gold_loss":0}],"is_beta":false,"boss_relics":[{"not_picked":["WristBlade","Tiny House"],"picked":"Runic Pyramid"},{"not_picked":["Snecko Eye","Orrery"],"picked":"Black Star"}],"items_purged_floors":[],"is_endless":false,"potions_floor_spawned":[1,3,10,12,18,24,25,27,47],"ascension_level":0}