{"gold_per_floor":[110,36,50,68,86,86,142,142,165,165,197,48,78,78,78,174,174,192,192,192,209,225,256,271,271,345,357,272,197,217,117,117,221,221,238,251,126,138,138,171,171,21,74,88,108,118,118,134,134,134],"floor_reached":50,"playtime":1541,"items_purged":["Strike_R","Bite","Defend_R","Defend_R"],"score":504,"play_id":"73e6b11c-c1fe-4bba-86c5-affcded799ec","local_time":"20190120225022","is_ascension_mode":false,"campfire_choices":[{"data":"Spot Weakness","floor":6,"key":"SMITH"},{"data":"Reaper","floor":8,"key":"SMITH"},{"data":"Thunderclap","floor":10,"key":"SMITH"},{"data":"Blood for Blood","floor":15,"key":"SMITH"},{"floor":25,"key":"RECALL"},{"floor":32,"key":"REST"},{"floor":41,"key":"REST"},{"floor":47,"key":"REST"},{"floor":49,"key":"REST"}],"neow_cost":"PERCENT_DAMAGE","seed_source_timestamp":103761595567172,"circlet_count":0,"master_deck":["Bash","Reaper+1","Spot Weakness+1","Thunderclap+1","Inflame","Blood for Blood+1","Bite","Bite","Bite","Shrug It Off+1","Headbutt+1","Blood for Blood+1","Demon Form+1","Sword Boomerang","Sword Boomerang+1","Headbutt+1","Twin Strike+1"],"relics":["Burning Blood","Tiny Chest","Centennial Puzzle","Red Skull","Odd Mushroom","Fusion Hammer","Bag of Marbles","Frozen Egg 2","Darkstone Periapt","Empty Cage","Ancient Tea Set","War Paint"],"potions_floor_usage":[22,22,23,33,50,50,50],"damage_taken":[{"damage":5,"enemies":"Cultist","floor":1,"turns":4},{"damage":7,"enemies":"Small Slimes","floor":3,"turns":3},{"damage":8,"enemies":"Jaw Worm","floor":4,"turns":4},{"damage":21,"enemies":"Blue Slaver","floor":5,"turns":4},{"damage":32,"enemies":"Gremlin Nob","floor":7,"turns":4},{"damage":31,"enemies":"3 Sentries","floor":11,"turns":5},{"damage":2,"enemies":"The Mushroom Lair","floor":13,"turns":3},{"damage":59,"enemies":"Hexaghost","floor":16,"turns":6},{"damage":12,"enemies":"Shell Parasite","floor":18,"turns":2},{"damage":25,"enemies":"Spheric Guardian","floor":21,"turns":4},{"damage":36,"enemies":"Snake Plant","floor":22,"turns":5},{"damage":11,"enemies":"Gremlin Leader","floor":23,"turns":5},{"damage":10,"enemies":"Chosen and Byrds","floor":24,"turns":4},{"damage":5,"enemies":"Cultist and Chosen","floor":27,"turns":4},{"damage":7,"enemies":"Snecko","floor":30,"turns":3},{"damage":68,"enemies":"Automaton","floor":33,"turns":8},{"damage":27,"enemies":"3 Shapes","floor":35,"turns":4},{"damage":19,"enemies":"3 Darklings","floor":36,"turns":4},{"damage":33,"enemies":"Maw","floor":38,"turns":8},{"damage":32,"enemies":"Nemesis","floor":40,"turns":5},{"damage":9,"enemies":"Transient","floor":44,"turns":5},{"damage":26,"enemies":"Jaw Worm Horde","floor":45,"turns":4},{"damage":53,"enemies":"Maw","floor":46,"turns":5},{"damage":25,"enemies":"4 Shapes","floor":48,"turns":2},{"damage":50,"enemies":"Donu and Deca","floor":50,"turns":5}],"seed_played":"-2646409615625437512","potions_obtained":[{"floor":3,"key":"GamblersBrew"},{"floor":4,"key":"SkillPotion"},{"floor":7,"key":"SteroidPotion"},{"floor":11,"key":"BloodPotion"},{"floor":21,"key":"Explosive Potion"},{"floor":23,"key":"EssenceOfSteel"},{"floor":24,"key":"Energy Potion"},{"floor":30,"key":"Dexterity Potion"},{"floor":35,"key":"Regen Potion"},{"floor":45,"key":"Fire Potion"},{"floor":46,"key":"Strength Potion"}],"is_trial":false,"path_per_floor":["M","$","M","M","M","R","E","R","T","R","E","$","?","$","R","B",null,"M","?","?","M","M","E","M","R","T","M","?","?","M","$","R","B",null,"M","M","$","M","?","E","R","$","T","M","M","M","R","M","R","B"],"character_chosen":"IRONCLAD","items_purchased":["Spot Weakness","Inflame"],"campfire_rested":4,"item_purchase_floors":[2,12],"current_hp_per_floor":[61,61,74,80,75,75,61,61,61,61,64,64,80,80,80,45,80,74,59,59,54,39,58,59,59,59,59,59,59,59,59,59,25,59,44,50,50,55,55,43,59,59,59,59,59,50,59,59,59,29],"gold":134,"neow_bonus":"THREE_RARE_CARDS","is_prod":false,"is_daily":false,"chose_seed":false,"campfire_upgraded":4,"win_rate":0,"timestamp":1548037222,"path_taken":["M","?","M","M","M","R","E","R","T","R","E","$","?","$","R","BOSS","M","?","?","M","M","E","M","R","T","M","?","?","?","?","R","BOSS","M","M","$","M","?","E","R","?","T","?","M","M","R","M","R","BOSS"],"build_version":"2019-01-17v2","purchased_purges":4,"victory":false,"max_hp_per_floor":[80,80,80,80,80,80,80,80,80,80,80,80,80,80,80,80,80,80,85,59,59,59,59,59,59,59,59,59,59,59,59,59,59,59,59,59,59,59,59,59,59,59,59,59,59,59,59,59,59,59],"card_choices":[{"not_picked":["Berserk","Juggernaut"],"picked":"Reaper","floor":0},{"not_picked":["Anger","Armaments","Entrench"],"picked":"SKIP","floor":1},{"not_picked":["True Grit","Second Wind"],"picked":"Thunderclap","floor":3},{"not_picked":["True Grit","Clash","Perfected Strike"],"picked":"SKIP","floor":4},{"not_picked":["Headbutt","Dual Wield","Shrug It Off"],"picked":"SKIP","floor":5},{"not_picked":["Cleave","Wild Strike","Fiend Fire"],"picked":"SKIP","floor":7},{"not_picked":["Wild Strike","Berserk","Second Wind"],"picked":"SKIP","floor":11},{"not_picked":["Thunderclap","Ghostly Armor"],"picked":"Blood for Blood","floor":13},{"not_picked":["Headbutt","Flex","Armaments"],"picked":"SKIP","floor":18},{"not_picked":["Clash","True Grit","Iron Wave"],"picked":"SKIP","floor":21},{"not_picked":["Havoc","Wild Strike"],"picked":"Shrug It Off","floor":22},{"not_picked":["Berserk","Power Through"],"picked":"Headbutt+1","floor":23},{"not_picked":["Thunderclap+1","Body Slam","Flame Barrier"],"picked":"SKIP","floor":24},{"not_picked":["Anger","Second Wind"],"picked":"Blood for Blood","floor":27},{"not_picked":["Reckless Charge","Clothesline+1","Rampage"],"picked":"SKIP","floor":30},{"not_picked":["True Grit+1","Anger+1","Seeing Red+1"],"picked":"SKIP","floor":35},{"not_picked":["Warcry","Headbutt","Body Slam+1"],"picked":"SKIP","floor":36},{"not_picked":["Flex+1","Armaments"],"picked":"Demon Form+1","floor":38},{"not_picked":["Armaments+1","Barricade+1"],"picked":"Sword Boomerang","floor":40},{"not_picked":["Flex+1","Havoc+1"],"picked":"Sword Boomerang+1","floor":44},{"not_picked":["Feel No Pain+1","Iron Wave+1"],"picked":"Headbutt+1","floor":45},{"not_picked":["Clothesline","Flame Barrier","Intimidate+1"],"picked":"SKIP","floor":46},{"not_picked":["Armaments","Infernal Blade+1"],"picked":"Twin Strike+1","floor":48}],"player_experience":207711,"relics_obtained":[{"floor":7,"key":"Tiny Chest"},{"floor":9,"key":"Centennial Puzzle"},{"floor":11,"key":"Red Skull"},{"floor":13,"key":"Odd Mushroom"},{"floor":23,"key":"Bag of Marbles"},{"floor":26,"key":"Frozen Egg 2"},{"floor":40,"key":"Ancient Tea Set"},{"floor":43,"key":"War Paint"}],"event_choices":[{"damage_healed":0,"gold_gain":0,"player_choice":"Fought Mushrooms","damage_taken":0,"max_hp_gain":0,"max_hp_loss":0,"event_name":"Mushrooms","floor":13,"gold_loss":0},{"damage_healed":0,"gold_gain":0,"player_choice":"Shed Blood","damage_taken":20,"max_hp_gain":5,"max_hp_loss":0,"event_name":"Forgotten Altar","floor":19,"gold_loss":0},{"damage_healed":0,"gold_gain":0,"player_choice":"Became a vampire","damage_taken":0,"max_hp_gain":0,"max_hp_loss":26,"event_name":"Vampires","floor":20,"gold_loss":0,"cards_obtained":["Bite","Bite","Bite","Bite","Bite"]},{"damage_healed":0,"gold_gain":0,"player_choice":"Obtained Relic","damage_taken":0,"relics_obtained":["Darkstone Periapt"],"max_hp_gain":0,"max_hp_loss":0,"event_name":"Addict","floor":28,"gold_loss":85},{"cards_removed":["Defend_R"],"damage_healed":0,"gold_gain":0,"player_choice":"Gave Gold","damage_taken":0,"max_hp_gain":0,"max_hp_loss":0,"event_name":"Beggar","floor":29,"gold_loss":75},{"damage_healed":0,"gold_gain":0,"player_choice":"Upgraded","damage_taken":0,"max_hp_gain":0,"max_hp_loss":0,"event_name":"Upgrade Shrine","floor":39,"gold_loss":0,"cards_upgraded":["Blood for Blood"]}],"is_beta":false,"boss_relics":[{"not_picked":["Runic Dome","Velvet Choker"],"picked":"Fusion Hammer"},{"not_picked":["Mark of Pain","Snecko Eye"],"picked":"Empty Cage"}],"items_purged_floors":[12,31,37,42],"is_endless":false,"potions_floor_spawned":[3,4,7,11,16,21,23,24,30,35,38,45,46],"killed_by":"Donu and Deca","ascension_level":0}