{"gold_per_floor":[114,39,39,49,149,178,193,193,217,217,229,16,46,64,64,166,166,181,181,199,212,225,259,270,270,297,310,343,343,355,388,388,487,487,503,503,503,522,214,214,164,194,194,194,144,169,169,183,183,183],"floor_reached":51,"playtime":2471,"items_purged":["Strike_R","Strike_R","Defend_R","Defend_R","Bite"],"score":1275,"play_id":"3e3c5889-1c3c-4fb4-b9ed-f495a864585a","local_time":"20190201180514","is_ascension_mode":true,"campfire_choices":[{"data":"Whirlwind","floor":8,"key":"SMITH"},{"data":"Shockwave","floor":10,"key":"SMITH"},{"data":"Feed","floor":15,"key":"SMITH"},{"floor":29,"key":"REST"},{"floor":32,"key":"REST"},{"floor":40,"key":"REST"},{"floor":47,"key":"REST"},{"floor":49,"key":"REST"}],"neow_cost":"NONE","seed_source_timestamp":93203233324300,"circlet_count":0,"master_deck":["AscendersBane","Defend_R","Defend_R","Bash+1","Shockwave+1","Whirlwind+1","Cleave","Shrug It Off","Feed+1","Dual Wield","Clothesline","Demon Form","Pummel","Bite","Bite","Bite","Armaments+1","Pummel","Burning Pact+1","Shrug It Off","Battle Trance","Violence","Demon Form","Headbutt","Disarm","Shrug It Off","Limit Break","Reaper","Shrug It Off+1","Finesse","Dark Shackles","Flash of Steel","Bloodletting+1","Shrug It Off+1","Rage+1","Demon Form","Havoc+1","Dual Wield+1"],"relics":["Burning Blood","NeowsBlessing","Orichalcum","Smiling Mask","Prayer Wheel","Fusion Hammer","Lantern","Potion Belt","Bag of Preparation","Meat on the Bone","Sozu","FaceOfCleric","Mummified Hand","Strawberry","Oddly Smooth Stone","Bottled Flame"],"potions_floor_usage":[13,16,28,33,33,50],"damage_taken":[{"damage":0,"enemies":"2 Louse","floor":1,"turns":1},{"damage":0,"enemies":"Cultist","floor":4,"turns":1},{"damage":0,"enemies":"Gremlin Nob","floor":6,"turns":1},{"damage":0,"enemies":"Small Slimes","floor":7,"turns":2},{"damage":4,"enemies":"Exordium Thugs","floor":11,"turns":3},{"damage":26,"enemies":"Lagavulin","floor":13,"turns":7},{"damage":0,"enemies":"2 Fungi Beasts","floor":14,"turns":3},{"damage":36,"enemies":"Slime Boss","floor":16,"turns":10},{"damage":10,"enemies":"Chosen","floor":18,"turns":5},{"damage":0,"enemies":"3 Byrds","floor":20,"turns":3},{"damage":9,"enemies":"Centurion and Healer","floor":21,"turns":8},{"damage":13,"enemies":"Snecko","floor":22,"turns":5},{"damage":51,"enemies":"Book of Stabbing","floor":23,"turns":6},{"damage":27,"enemies":"Snake Plant","floor":24,"turns":5},{"damage":13,"enemies":"Cultist and Chosen","floor":27,"turns":6},{"damage":25,"enemies":"Slavers","floor":28,"turns":5},{"damage":41,"enemies":"Shelled Parasite and Fungi","floor":30,"turns":6},{"damage":29,"enemies":"Gremlin Leader","floor":31,"turns":6},{"damage":22,"enemies":"Champ","floor":33,"turns":7},{"damage":14,"enemies":"Orb Walker","floor":35,"turns":4},{"damage":39,"enemies":"3 Shapes","floor":38,"turns":5},{"damage":47,"enemies":"Giant Head","floor":42,"turns":8},{"damage":12,"enemies":"Nemesis","floor":46,"turns":5},{"damage":24,"enemies":"Jaw Worm Horde","floor":48,"turns":5},{"damage":31,"enemies":"Time Eater","floor":50,"turns":8}],"seed_played":"-4839352907399293840","potions_obtained":[{"floor":4,"key":"Explosive Potion"},{"floor":14,"key":"Fire Potion"},{"floor":16,"key":"Fire Potion"},{"floor":20,"key":"Swift Potion"},{"floor":23,"key":"SpeedPotion"},{"floor":27,"key":"SkillPotion"},{"floor":28,"key":"LiquidBronze"},{"floor":31,"key":"Strength Potion"}],"is_trial":false,"path_per_floor":["M","$","?","M","?","E","M","R","T","R","M","$","E","M","R","B",null,"M","?","M","M","M","E","M","?","T","M","E","R","M","E","R","B",null,"M","?","?","M","$","R","$","E","T","?","$","E","R","M","R","B",null],"character_chosen":"IRONCLAD","items_purchased":["Feed","Mummified Hand"],"campfire_rested":5,"item_purchase_floors":[12,39],"current_hp_per_floor":[78,78,78,80,80,80,80,80,80,80,80,80,63,72,72,50,83,83,68,72,80,79,57,49,49,49,58,53,81,55,55,86,82,102,98,88,88,94,94,113,113,91,91,91,91,109,126,113,131,128],"gold":183,"neow_bonus":"THREE_ENEMY_KILL","is_prod":false,"is_daily":false,"chose_seed":false,"campfire_upgraded":3,"win_rate":0,"timestamp":1549044314,"path_taken":["M","$","?","?","?","E","M","R","T","R","M","?","E","M","R","BOSS","M","?","M","M","M","E","M","?","T","M","E","R","M","E","R","BOSS","M","?","?","?","?","R","$","E","T","?","$","E","R","?","R","BOSS"],"build_version":"2019-01-23","purchased_purges":5,"victory":true,"max_hp_per_floor":[80,80,80,80,80,80,80,80,80,80,80,80,83,86,86,94,94,98,68,72,80,84,84,84,84,84,88,96,96,100,104,104,108,108,108,108,108,113,113,113,113,125,125,125,125,126,126,131,131,132],"card_choices":[{"not_picked":["Clothesline","Wild Strike"],"picked":"Shockwave","floor":1},{"not_picked":["Cleave","Pommel Strike"],"picked":"Whirlwind","floor":4},{"not_picked":["Anger","Combust"],"picked":"Cleave","floor":6},{"not_picked":["Rupture","Infernal Blade","Perfected Strike"],"picked":"SKIP","floor":7},{"not_picked":["Rupture","Infernal Blade","Perfected Strike"],"picked":"SKIP","floor":7},{"not_picked":["Iron Wave","Dark Embrace"],"picked":"Shrug It Off","floor":11},{"not_picked":["Blood for Blood","Combust"],"picked":"Dual Wield","floor":13},{"not_picked":["Twin Strike","Perfected Strike"],"picked":"Clothesline","floor":14},{"not_picked":["Wild Strike","Heavy Blade","Second Wind"],"picked":"SKIP","floor":14},{"not_picked":["Juggernaut","Berserk"],"picked":"Demon Form","floor":16},{"not_picked":["Sentinel","Corruption"],"picked":"Pummel","floor":18},{"not_picked":["Anger","Searing Blow+1","Havoc"],"picked":"SKIP","floor":18},{"not_picked":["Headbutt","Power Through+1"],"picked":"Armaments+1","floor":20},{"not_picked":["Entrench","Warcry"],"picked":"Pummel","floor":20},{"not_picked":["Clothesline","Thunderclap","Twin Strike"],"picked":"SKIP","floor":21},{"not_picked":["Uppercut","Combust","Anger"],"picked":"SKIP","floor":21},{"not_picked":["Disarm","Rupture"],"picked":"Burning Pact+1","floor":22},{"not_picked":["Perfected Strike+1","Flex","Second Wind+1"],"picked":"SKIP","floor":22},{"not_picked":["Iron Wave","Ghostly Armor"],"picked":"Shrug It Off","floor":23},{"not_picked":["Shockwave","Fire Breathing"],"picked":"Battle Trance","floor":24},{"not_picked":["Wild Strike","Body Slam","Whirlwind"],"picked":"SKIP","floor":24},{"not_picked":["Pummel","Armaments+1"],"picked":"Demon Form","floor":27},{"not_picked":["Carnage","Battle Trance"],"picked":"Headbutt","floor":27},{"not_picked":["Sword Boomerang","Second Wind"],"picked":"Disarm","floor":28},{"not_picked":["Perfected Strike","Thunderclap"],"picked":"Shrug It Off","floor":30},{"not_picked":["Wild Strike","Pommel Strike","True Grit"],"picked":"SKIP","floor":30},{"not_picked":["Wild Strike","Pommel Strike","True Grit"],"picked":"SKIP","floor":30},{"not_picked":["Cleave","Dual Wield"],"picked":"Limit Break","floor":31},{"not_picked":["Impervious","Dark Embrace"],"picked":"Reaper","floor":33},{"not_picked":["Heavy Blade+1","Spot Weakness+1"],"picked":"Shrug It Off+1","floor":35},{"not_picked":["True Grit","Armaments+1","Clothesline"],"picked":"SKIP","floor":35},{"not_picked":["Swift Strike","Mind Blast"],"picked":"Finesse","floor":36},{"not_picked":["Madness","The Bomb"],"picked":"Dark Shackles","floor":36},{"not_picked":["Good Instincts","Madness"],"picked":"Flash of Steel","floor":36},{"not_picked":["Burning Pact","Flex+1"],"picked":"Bloodletting+1","floor":38},{"not_picked":["Sword Boomerang","Pummel"],"picked":"Shrug It Off+1","floor":38},{"not_picked":["Sword Boomerang","Pommel Strike"],"picked":"Rage+1","floor":42},{"not_picked":["Perfected Strike","Brutality","Sword Boomerang+1"],"picked":"SKIP","floor":46},{"not_picked":["Rampage","Perfected Strike+1"],"picked":"Havoc+1","floor":48},{"not_picked":["Armaments","Dropkick"],"picked":"Dual Wield+1","floor":48}],"player_experience":193527,"relics_obtained":[{"floor":6,"key":"Orichalcum"},{"floor":9,"key":"Smiling Mask"},{"floor":13,"key":"Prayer Wheel"},{"floor":23,"key":"Lantern"},{"floor":26,"key":"Potion Belt"},{"floor":28,"key":"Bag of Preparation"},{"floor":31,"key":"Meat on the Bone"},{"floor":42,"key":"Strawberry"},{"floor":43,"key":"Oddly Smooth Stone"},{"floor":46,"key":"Bottled Flame"}],"event_choices":[{"damage_healed":0,"gold_gain":0,"player_choice":"Upgraded","damage_taken":0,"max_hp_gain":0,"max_hp_loss":0,"event_name":"Upgrade Shrine","floor":3,"gold_loss":0,"cards_upgraded":["Bash"]},{"damage_healed":0,"gold_gain":100,"player_choice":"Pray","damage_taken":0,"max_hp_gain":0,"max_hp_loss":0,"event_name":"Golden Shrine","floor":5,"gold_loss":0},{"damage_healed":0,"gold_gain":0,"player_choice":"Became a vampire","damage_taken":0,"max_hp_gain":0,"max_hp_loss":30,"event_name":"Vampires","floor":19,"gold_loss":0,"cards_obtained":["Bite","Bite","Bite","Bite","Bite"]},{"damage_healed":0,"gold_gain":0,"cards_transformed":["Bite"],"player_choice":"Transformed","damage_taken":0,"max_hp_gain":0,"max_hp_loss":0,"event_name":"Transmorgrifier","floor":25,"gold_loss":0,"cards_obtained":["Violence"]},{"damage_healed":0,"gold_gain":0,"player_choice":"Memory 3","damage_taken":10,"max_hp_gain":0,"max_hp_loss":0,"event_name":"SensoryStone","floor":36,"gold_loss":0},{"damage_healed":0,"gold_gain":0,"player_choice":"Trade","damage_taken":0,"relics_obtained":["FaceOfCleric"],"max_hp_gain":0,"max_hp_loss":0,"event_name":"FaceTrader","floor":37,"gold_loss":0},{"damage_healed":0,"gold_gain":0,"player_choice":"Copied","damage_taken":0,"max_hp_gain":0,"max_hp_loss":0,"event_name":"Duplicator","floor":44,"gold_loss":0,"cards_obtained":["Demon Form"]}],"is_beta":false,"boss_relics":[{"not_picked":["Runic Cube","Eternal Feather"],"picked":"Fusion Hammer"},{"not_picked":["Cursed Key","Black Blood"],"picked":"Sozu"}],"items_purged_floors":[2,12,39,41,45],"is_endless":false,"potions_floor_spawned":[4,14,16,20,23,27,28,31,35,42],"ascension_level":10}