{"gold_per_floor":[112,29,29,48,48,48,73,73,73,73,100,60,70,89,89,160,160,172,191,191,241,260,260],"floor_reached":23,"playtime":886,"items_purged":[],"score":368,"play_id":"d3ff7ab9-1580-461a-abde-3e4a35d953c4","local_time":"20181230045306","is_ascension_mode":true,"campfire_choices":[{"data":"Limit Break","floor":6,"key":"SMITH"},{"data":"Battle Trance","floor":8,"key":"SMITH"},{"floor":10,"key":"REST"},{"floor":15,"key":"REST"}],"neow_cost":"TEN_PERCENT_HP_LOSS","seed_source_timestamp":1919376674793512,"circlet_count":0,"master_deck":["AscendersBane","Strike_R+1","Strike_R+1","Strike_R+1","Strike_R+1","Strike_R+1","Defend_R+1","Defend_R+1","Defend_R+1","Defend_R+1","Bash","Limit Break+1","Dual Wield","Twin Strike","Battle Trance+1","Inflame+1","Metallicize+1","Pommel Strike","Shrug It Off","Limit Break"],"relics":["Burning Blood","Smiling Mask","Frozen Egg 2","Self Forming Clay","Philosopher\u0027s Stone"],"potions_floor_usage":[7,11,19,22,23],"damage_taken":[{"damage":2,"enemies":"Cultist","floor":1,"turns":4},{"damage":4,"enemies":"2 Louse","floor":4,"turns":3},{"damage":55,"enemies":"3 Sentries","floor":7,"turns":12},{"damage":50,"enemies":"Lagavulin","floor":11,"turns":7},{"damage":7,"enemies":"Small Slimes","floor":13,"turns":3},{"damage":4,"enemies":"Looter","floor":14,"turns":3},{"damage":22,"enemies":"Hexaghost","floor":16,"turns":8},{"damage":0,"enemies":"Chosen","floor":18,"turns":3},{"damage":32,"enemies":"3 Byrds","floor":19,"turns":4},{"damage":9,"enemies":"Centurion and Healer","floor":22,"turns":5},{"damage":32,"enemies":"Gremlin Leader","floor":23,"turns":2}],"seed_played":"-406527059125268069","potions_obtained":[{"floor":1,"key":"Regen Potion"},{"floor":4,"key":"GamblersBrew"},{"floor":7,"key":"Fire Potion"},{"floor":16,"key":"Explosive Potion"},{"floor":19,"key":"PowerPotion"}],"is_trial":false,"path_per_floor":["M","$","?","M","$","R","E","R","T","R","E","$","M","M","R","B",null,"M","M","?","?","M","E"],"character_chosen":"IRONCLAD","items_purchased":["Dual Wield","Metallicize+1"],"campfire_rested":2,"item_purchase_floors":[2,12],"current_hp_per_floor":[68,68,68,68,68,68,34,34,34,54,10,10,9,11,31,15,55,61,35,35,35,32,0],"gold":260,"neow_bonus":"THREE_RARE_CARDS","is_prod":false,"is_daily":false,"chose_seed":false,"campfire_upgraded":2,"win_rate":0,"timestamp":1546141986,"path_taken":["M","$","?","M","?","R","E","R","T","R","E","$","M","M","R","BOSS","M","M","?","?","M","E"],"build_version":"2018-12-20","purchased_purges":0,"victory":false,"max_hp_per_floor":[68,68,68,68,68,68,68,68,68,68,68,68,68,68,68,68,68,68,68,68,68,68,68],"card_choices":[{"not_picked":["Brutality","Feed"],"picked":"Limit Break","floor":0},{"not_picked":["Flame Barrier","Blood for Blood","Anger"],"picked":"SKIP","floor":1},{"not_picked":["Body Slam","Combust"],"picked":"Twin Strike","floor":4},{"not_picked":["Body Slam","Shockwave"],"picked":"Battle Trance","floor":7},{"not_picked":["Flex","Havoc"],"picked":"Inflame+1","floor":11},{"not_picked":["Anger","Clash"],"picked":"Pommel Strike","floor":13},{"not_picked":["Clash","Blood for Blood"],"picked":"Shrug It Off","floor":14},{"not_picked":["Double Tap","Offering"],"picked":"Limit Break","floor":16},{"not_picked":["Cleave","Intimidate","Anger"],"picked":"SKIP","floor":18},{"not_picked":["Shrug It Off","Armaments","Pommel Strike"],"picked":"SKIP","floor":19},{"not_picked":["Twin Strike","True Grit","Havoc"],"picked":"SKIP","floor":22}],"player_experience":640132,"relics_obtained":[{"floor":7,"key":"Smiling Mask"},{"floor":9,"key":"Frozen Egg 2"},{"floor":11,"key":"Self Forming Clay"}],"event_choices":[{"damage_healed":0,"gold_gain":0,"player_choice":"0 cards matched","damage_taken":0,"max_hp_gain":0,"max_hp_loss":0,"event_name":"Match and Keep!","floor":3,"gold_loss":0,"cards_obtained":[]},{"damage_healed":0,"gold_gain":0,"player_choice":"Simplicity","damage_taken":0,"max_hp_gain":0,"max_hp_loss":0,"event_name":"Back to Basics","floor":20,"gold_loss":0,"cards_upgraded":["Strike_R","Strike_R","Strike_R","Strike_R","Strike_R","Defend_R","Defend_R","Defend_R","Defend_R"]},{"damage_healed":0,"gold_gain":50,"player_choice":"Stole From Cult","damage_taken":0,"max_hp_gain":0,"max_hp_loss":0,"event_name":"Nest","floor":21,"gold_loss":0}],"is_beta":false,"boss_relics":[{"not_picked":["Velvet Choker","Black Star"],"picked":"Philosopher\u0027s Stone"}],"items_purged_floors":[],"is_endless":false,"potions_floor_spawned":[1,4,7,16,19],"killed_by":"Gremlin Leader","ascension_level":17}