{"gold_per_floor":[117,132,8,26,26,26,40,40,40,40,40,53,80,90,90,195,195,208,228,243,93,110,110,141,141,167,167,183,58,58,76,76,174,174,187,201,51,63,73,73,88,88,88,88,119,99,119,119,119,119],"floor_reached":50,"playtime":4533,"items_purged":["Strike_B","Strike_B","Strike_B","Defend_B"],"score":521,"play_id":"fe41bdd6-a133-4f6d-9602-3a217c9ea1a3","local_time":"20180730204407","is_ascension_mode":true,"campfire_choices":[{"data":"Zap","floor":6,"key":"SMITH"},{"data":"Leap","floor":8,"key":"SMITH"},{"data":"Leap","floor":11,"key":"SMITH"},{"data":"Redo","floor":15,"key":"SMITH"},{"data":"Leap","floor":23,"key":"SMITH"},{"data":"Conserve Battery","floor":27,"key":"SMITH"},{"floor":32,"key":"REST"},{"data":"Streamline","floor":40,"key":"SMITH"},{"data":"Dualcast","floor":44,"key":"SMITH"},{"floor":49,"key":"REST"}],"neow_cost":"","seed_source_timestamp":33924357321014,"circlet_count":0,"master_deck":["Strike_B","Defend_B","Defend_B","Defend_B","Zap+1","Dualcast+1","Leap+1","Ball Lightning","Leap+1","Self Repair","Redo+1","Electrodynamics","Leap+1","Skim+1","Conserve Battery+1","Biased Cognition","Streamline+1","Conserve Battery+1"],"relics":["Cracked Core","DataDisk","Symbiotic Virus","Black Star","Incense Burner","Du-Vu Doll","Bronze Scales","Busted Crown","Shuriken","Gremlin Horn","Meat on the Bone"],"potions_floor_usage":[33,45,45,47,50,50,50],"damage_taken":[{"damage":1,"enemies":"Jaw Worm","floor":1,"turns":4},{"damage":0,"enemies":"Small Slimes","floor":2,"turns":3},{"damage":1,"enemies":"Cultist","floor":4,"turns":3},{"damage":2,"enemies":"3 Louse","floor":7,"turns":4},{"damage":0,"enemies":"Blue Slaver","floor":12,"turns":2},{"damage":4,"enemies":"Gremlin Nob","floor":13,"turns":3},{"damage":5,"enemies":"Looter","floor":14,"turns":3},{"damage":7,"enemies":"The Guardian","floor":16,"turns":9},{"damage":16,"enemies":"3 Byrds","floor":18,"turns":4},{"damage":0,"enemies":"Chosen","floor":19,"turns":4},{"damage":11,"enemies":"Snake Plant","floor":20,"turns":4},{"damage":0,"enemies":"Centurion and Healer","floor":22,"turns":5},{"damage":25,"enemies":"Slavers","floor":24,"turns":4},{"damage":15,"enemies":"Snecko","floor":28,"turns":6},{"damage":9,"enemies":"Snake Plant","floor":31,"turns":3},{"damage":59,"enemies":"Champ","floor":33,"turns":14},{"damage":0,"enemies":"Flame Bruiser 1 Orb","floor":35,"turns":4},{"damage":5,"enemies":"3 Darklings","floor":36,"turns":3},{"damage":12,"enemies":"Flame Bruiser 2 Orb","floor":38,"turns":6},{"damage":0,"enemies":"Spire Growth","floor":39,"turns":6},{"damage":0,"enemies":"3 Darklings","floor":41,"turns":3},{"damage":40,"enemies":"Giant Head","floor":45,"turns":10},{"damage":25,"enemies":"Maw","floor":47,"turns":7},{"damage":74,"enemies":"Donu and Deca","floor":50,"turns":10}],"seed_played":"-3989298478857352400","potions_obtained":[{"floor":1,"key":"SkillPotion"},{"floor":4,"key":"Regen Potion"},{"floor":7,"key":"Dexterity Potion"},{"floor":20,"key":"Fire Potion"},{"floor":33,"key":"Weak Potion"},{"floor":45,"key":"EssenceOfSteel"},{"floor":46,"key":"AttackPotion"},{"floor":47,"key":"Dexterity Potion"}],"is_trial":false,"path_per_floor":["M","M","$","M","?","R","M","R","T","?","R","M","E","M","R","B",null,"M","M","M","$","M","R","E","?","T","R","M","$","?","M","R","B",null,"M","M","$","M","M","R","M","$","T","R","E","?","M","?","R"],"character_chosen":"DEFECT","items_purchased":["Ball Lightning","Conserve Battery"],"campfire_rested":2,"item_purchase_floors":[3,21],"current_hp_per_floor":[74,74,74,73,73,73,71,71,71,71,71,71,67,69,69,69,75,66,73,69,69,75,75,57,57,57,57,49,49,49,47,69,17,75,75,70,70,65,72,72,75,75,75,75,42,42,51,51,73,0],"gold":119,"neow_bonus":"","is_prod":false,"is_daily":false,"chose_seed":false,"campfire_upgraded":8,"win_rate":0,"timestamp":1532954647,"path_taken":["M","M","$","M","?","R","M","R","T","?","R","M","E","M","R","BOSS","M","M","M","$","M","R","E","?","T","R","M","$","?","M","R","BOSS","M","M","$","M","M","R","M","$","T","R","E","?","M","?","R","BOSS"],"build_version":"2018-07-26","purchased_purges":4,"victory":false,"max_hp_per_floor":[75,75,75,75,75,75,75,75,75,75,75,75,75,75,75,75,75,75,75,75,75,75,75,75,75,75,75,75,75,75,75,75,75,75,75,75,75,75,75,75,75,75,75,75,75,75,75,75,75,75],"card_choices":[{"not_picked":["Static Discharge","Beam Cell"],"picked":"Leap","floor":1},{"not_picked":["Steam","Stack","Blizzard"],"picked":"SKIP","floor":2},{"not_picked":["Blizzard","Hologram","Steam"],"picked":"SKIP","floor":4},{"not_picked":["Storm","Coolheaded"],"picked":"Leap","floor":7},{"not_picked":["Hello World","Amplify","Steam"],"picked":"SKIP","floor":12},{"not_picked":["Compile Driver","Capacitor"],"picked":"Self Repair","floor":13},{"not_picked":["Sweeping Beam","White Noise"],"picked":"Redo","floor":14},{"not_picked":["Creative AI","Reboot"],"picked":"Electrodynamics","floor":16},{"not_picked":["Melter","Hologram"],"picked":"Leap","floor":18},{"not_picked":["Sunder","Turbo","Sweeping Beam"],"picked":"SKIP","floor":19},{"not_picked":["Force Field","Reinforced Body"],"picked":"Skim+1","floor":20},{"not_picked":["Steam","Sunder","Rebound"],"picked":"SKIP","floor":22},{"not_picked":["Leap+1","Cold Snap","Reprogram"],"picked":"SKIP","floor":24},{"not_picked":["Multi-Cast","Self Repair","Chaos"],"picked":"SKIP","floor":28},{"not_picked":["Loop","Stack","Steam"],"picked":"SKIP","floor":31},{"not_picked":["Fission","Reboot"],"picked":"Biased Cognition","floor":33},{"not_picked":["Sweeping Beam"],"picked":"SKIP","floor":35},{"not_picked":["Ball Lightning"],"picked":"SKIP","floor":36},{"not_picked":[],"picked":"Streamline","floor":38},{"not_picked":["Gash+1"],"picked":"SKIP","floor":39},{"not_picked":["Sunder+1"],"picked":"SKIP","floor":41},{"not_picked":[],"picked":"Conserve Battery+1","floor":45},{"not_picked":["Coolheaded"],"picked":"SKIP","floor":47}],"player_experience":135307,"relics_obtained":[{"floor":9,"key":"DataDisk"},{"floor":13,"key":"Symbiotic Virus"},{"floor":24,"key":"Incense Burner"},{"floor":24,"key":"Du-Vu Doll"},{"floor":26,"key":"Bronze Scales"},{"floor":43,"key":"Shuriken"},{"floor":45,"key":"Gremlin Horn"},{"floor":45,"key":"Meat on the Bone"}],"event_choices":[{"event_name":"The Cleric","player_choice":"Leave","floor":5,"damage_taken":0},{"event_name":"Liars Game","player_choice":"disagreed","floor":10,"damage_taken":0},{"event_name":"Cursed Tome","player_choice":"Ignored","floor":25,"damage_taken":0},{"event_name":"Ghosts","player_choice":"Ignored","floor":30,"damage_taken":0},{"event_name":"The Woman in Blue","player_choice":"Bought 1 Potion","floor":46,"damage_taken":0},{"event_name":"SensoryStone","player_choice":"Memory 1","floor":48,"damage_taken":0}],"is_beta":false,"boss_relics":[{"not_picked":["FrozenCore","Cursed Key"],"picked":"Black Star"},{"not_picked":["Coffee Dripper","Fusion Hammer"],"picked":"Busted Crown"}],"items_purged_floors":[3,21,29,37],"is_endless":false,"potions_floor_spawned":[1,4,7,16,20,28,31,33,39,45,47],"killed_by":"Donu and Deca","ascension_level":1}