{"gold_per_floor":[115,115,133,133,145,145,160,170,195,209,229,262,262,187,187,286,286,299,199,298,315,315,343,343,343,343,343,218,228,78,98,98,98],"floor_reached":33,"playtime":750,"items_purged":["Strike_R","Bash","Strike_R","Strike_R"],"score":267,"play_id":"18cf62fb-947b-4e74-b2d3-e2550622787c","local_time":"20190129224308","is_ascension_mode":false,"campfire_choices":[{"data":"Spot Weakness","floor":6,"key":"SMITH"},{"floor":15,"key":"REST"},{"data":"Rampage","floor":24,"key":"SMITH"},{"floor":27,"key":"REST"},{"floor":32,"key":"REST"}],"neow_cost":"NONE","seed_source_timestamp":7033910457932,"circlet_count":0,"master_deck":["Strike_R","Defend_R","Defend_R","Defend_R","Hemokinesis+1","Spot Weakness+1","Rampage+1","Rampage","Cleave"],"relics":["Burning Blood","NeowsBlessing","Pen Nib","Oddly Smooth Stone","Potion Belt","Lantern","Black Star","Centennial Puzzle","Dream Catcher","Meat on the Bone"],"potions_floor_usage":[21,33],"damage_taken":[{"damage":0,"enemies":"2 Louse","floor":1,"turns":2},{"damage":0,"enemies":"Cultist","floor":3,"turns":1},{"damage":0,"enemies":"Small Slimes","floor":5,"turns":1},{"damage":15,"enemies":"Exordium Wildlife","floor":7,"turns":4},{"damage":7,"enemies":"Large Slime","floor":8,"turns":4},{"damage":15,"enemies":"Blue Slaver","floor":10,"turns":4},{"damage":6,"enemies":"Looter","floor":11,"turns":3},{"damage":20,"enemies":"3 Sentries","floor":12,"turns":6},{"damage":35,"enemies":"The Guardian","floor":16,"turns":7},{"damage":22,"enemies":"Shell Parasite","floor":18,"turns":4},{"damage":6,"enemies":"Spheric Guardian","floor":21,"turns":3},{"damage":32,"enemies":"Slavers","floor":23,"turns":4},{"damage":19,"enemies":"Snecko","floor":29,"turns":4},{"damage":23,"enemies":"Snake Plant","floor":31,"turns":3},{"damage":49,"enemies":"Champ","floor":33,"turns":6}],"seed_played":"3131463745089120645","potions_obtained":[{"floor":1,"key":"Explosive Potion"},{"floor":3,"key":"FearPotion"},{"floor":5,"key":"Weak Potion"},{"floor":8,"key":"Fire Potion"},{"floor":10,"key":"LiquidBronze"},{"floor":18,"key":"LiquidBronze"},{"floor":21,"key":"Explosive Potion"},{"floor":23,"key":"AttackPotion"}],"is_trial":false,"path_per_floor":["M","?","M","?","M","R","M","M","T","M","M","E","?","$","R","B",null,"M","$","?","M","?","E","R","?","T","R","$","M","$","M","R","B"],"character_chosen":"IRONCLAD","items_purchased":[],"campfire_rested":3,"item_purchase_floors":[],"current_hp_per_floor":[80,80,80,80,80,80,71,70,70,61,61,47,29,29,53,24,80,64,64,64,64,64,38,38,64,64,80,80,67,67,50,74,25],"gold":98,"neow_bonus":"THREE_ENEMY_KILL","is_prod":false,"is_daily":false,"chose_seed":false,"campfire_upgraded":2,"win_rate":0,"timestamp":1548814388,"path_taken":["M","?","?","?","?","R","M","M","T","M","M","E","?","?","R","BOSS","M","$","?","M","?","E","R","?","T","R","?","M","$","M","R","BOSS"],"build_version":"2019-01-23","purchased_purges":4,"victory":false,"max_hp_per_floor":[80,80,80,80,80,80,80,80,80,80,80,80,80,80,80,80,80,80,80,80,80,80,80,80,80,80,80,80,80,80,80,80,80],"card_choices":[{"not_picked":["Reckless Charge","Burning Pact"],"picked":"Hemokinesis","floor":1},{"not_picked":["Sword Boomerang","Flex"],"picked":"Spot Weakness","floor":3},{"not_picked":["Clash","Sever Soul","Feel No Pain"],"picked":"SKIP","floor":5},{"not_picked":["True Grit","Flex","Warcry"],"picked":"SKIP","floor":7},{"not_picked":["Feel No Pain","Anger"],"picked":"Rampage","floor":8},{"not_picked":["Exhume","Rampage","Wild Strike"],"picked":"SKIP","floor":10},{"not_picked":["Twin Strike","Armaments","Warcry"],"picked":"SKIP","floor":11},{"not_picked":["Iron Wave","Perfected Strike","Pommel Strike"],"picked":"SKIP","floor":12},{"not_picked":["Havoc+1","Flex","Clothesline"],"picked":"SKIP","floor":18},{"not_picked":["Heavy Blade","Anger","Double Tap"],"picked":"SKIP","floor":21},{"not_picked":["Twin Strike","Anger","Body Slam"],"picked":"SKIP","floor":23},{"not_picked":["Clash","Iron Wave","Heavy Blade+1"],"picked":"SKIP","floor":29},{"not_picked":["Havoc","Rage","Pummel"],"picked":"SKIP","floor":31}],"player_experience":264550,"relics_obtained":[{"floor":9,"key":"Oddly Smooth Stone"},{"floor":12,"key":"Potion Belt"},{"floor":23,"key":"Centennial Puzzle"},{"floor":23,"key":"Dream Catcher"},{"floor":26,"key":"Meat on the Bone"}],"event_choices":[{"damage_healed":0,"gold_gain":0,"player_choice":"Upgraded","damage_taken":0,"max_hp_gain":0,"max_hp_loss":0,"event_name":"Upgrade Shrine","floor":2,"gold_loss":0,"cards_upgraded":["Hemokinesis"]},{"damage_healed":0,"gold_gain":0,"player_choice":"Gave Potion","damage_taken":0,"relics_obtained":["Pen Nib"],"max_hp_gain":0,"max_hp_loss":0,"event_name":"WeMeetAgain","floor":4,"gold_loss":0},{"damage_healed":0,"gold_gain":0,"player_choice":"Success","damage_taken":18,"relics_obtained":["Lantern"],"max_hp_gain":0,"max_hp_loss":0,"event_name":"Scrap Ooze","floor":13,"gold_loss":0},{"damage_healed":0,"gold_gain":99,"player_choice":"Stole From Cult","damage_taken":0,"max_hp_gain":0,"max_hp_loss":0,"event_name":"Nest","floor":20,"gold_loss":0},{"damage_healed":0,"gold_gain":0,"cards_transformed":["Strike_R","Defend_R"],"player_choice":"Became Test Subject","damage_taken":0,"max_hp_gain":0,"max_hp_loss":0,"event_name":"Drug Dealer","floor":22,"gold_loss":0,"cards_obtained":["Rampage","Cleave"]},{"damage_healed":26,"gold_gain":0,"player_choice":"Heal","damage_taken":0,"max_hp_gain":0,"max_hp_loss":0,"event_name":"The Library","floor":25,"gold_loss":0}],"is_beta":false,"boss_relics":[{"not_picked":["Orrery","Eternal Feather"],"picked":"Black Star"}],"items_purged_floors":[14,19,28,30],"is_endless":false,"potions_floor_spawned":[1,3,5,8,10,18,21,23],"killed_by":"Champ","ascension_level":0}