{"gold_per_floor":[211,224,149,149,119,119,150,166,218,247,247,247,247,261,261,360,360,380,393,393,217,234,234,267,286,313,313,332,363,380,255,255,352,352,369,380,480,480,497,497,532,532,532,344,378,76,96,128,128,128,128,128,128,160,160],"floor_reached":56,"playtime":9147,"items_purged":["Strike_G","Strike_G","Strike_G","Strike_G"],"score":1440,"play_id":"0b76cd72-a77f-448c-813e-20ff705915fb","local_time":"20190202123053","is_ascension_mode":true,"campfire_choices":[{"data":"Noxious Fumes","floor":6.0,"key":"SMITH"},{"data":"Caltrops","floor":12.0,"key":"SMITH"},{"data":"Escape Plan","floor":15.0,"key":"SMITH"},{"data":"Footwork","floor":23.0,"key":"SMITH"},{"data":"Noxious Fumes","floor":27,"key":"SMITH"},{"data":"Backflip","floor":32,"key":"SMITH"},{"floor":40,"key":"RECALL"},{"data":"Backflip","floor":42,"key":"SMITH"},{"floor":49,"key":"REST"},{"floor":52,"key":"DIG"}],"neow_cost":"NONE","seed_source_timestamp":0,"circlet_count":0,"master_deck":["Defend_G","Defend_G","Defend_G","Defend_G","Defend_G","Strike_G","Survivor","Neutralize","Backflip+1","Noxious Fumes+1","Flechettes","Caltrops+1","Backflip+1","Escape Plan+1","Adrenaline","Footwork+1","Noxious Fumes+1","Dash+1","Deadly Poison","Caltrops","Corpse Explosion","Dodge and Roll+1","Blur","Deflect+1","Backflip","Leg Sweep","Malaise"],"special_seed":0,"relics":["Ring of the Snake","Omamori","Potion Belt","The Specimen","Bag of Preparation","Sozu","Gambling Chip","Dream Catcher","Tingsha","Philosopher\u0027s Stone","Mango","Shovel","Mummified Hand","Juzu Bracelet","Pantograph","Boot","Ornamental Fan","Vajra"],"potions_floor_usage":[],"damage_taken":[{"damage":0.0,"enemies":"2 Louse","floor":1.0,"turns":3.0},{"damage":2.0,"enemies":"Cultist","floor":2.0,"turns":4.0},{"damage":13.0,"enemies":"3 Sentries","floor":7.0,"turns":8.0},{"damage":0.0,"enemies":"Small Slimes","floor":8.0,"turns":4.0},{"damage":11.0,"enemies":"Lagavulin","floor":10.0,"turns":9.0},{"damage":2.0,"enemies":"2 Fungi Beasts","floor":14.0,"turns":3.0},{"damage":23.0,"enemies":"Hexaghost","floor":16.0,"turns":9.0},{"damage":12.0,"enemies":"Chosen","floor":18.0,"turns":4.0},{"damage":3.0,"enemies":"Shell Parasite","floor":19.0,"turns":5.0},{"damage":12.0,"enemies":"Centurion and Healer","floor":22.0,"turns":6.0},{"damage":18.0,"enemies":"Gremlin Leader","floor":24.0,"turns":6.0},{"damage":0,"enemies":"Chosen and Byrds","floor":25,"turns":5},{"damage":0,"enemies":"Cultist and Chosen","floor":28,"turns":5},{"damage":0,"enemies":"Book of Stabbing","floor":29,"turns":5},{"damage":2,"enemies":"Sentry and Sphere","floor":30,"turns":5},{"damage":0,"enemies":"Automaton","floor":33,"turns":8},{"damage":13,"enemies":"3 Darklings","floor":35,"turns":4},{"damage":0,"enemies":"3 Shapes","floor":36,"turns":4},{"damage":5,"enemies":"Mind Bloom Boss Battle","floor":37,"turns":6},{"damage":5,"enemies":"Writhing Mass","floor":39,"turns":5},{"damage":39,"enemies":"Reptomancer","floor":41,"turns":5},{"damage":7,"enemies":"Giant Head","floor":45,"turns":9},{"damage":0,"enemies":"Transient","floor":47,"turns":5},{"damage":0,"enemies":"Nemesis","floor":48,"turns":9},{"damage":0,"enemies":"Awakened One","floor":50,"turns":14},{"damage":21,"enemies":"Shield and Spear","floor":54,"turns":6},{"damage":68,"enemies":"The Heart","floor":55,"turns":11}],"seed_played":"5533857996558659523","potions_obtained":[{"floor":1.0,"key":"Fire Potion"},{"floor":5.0,"key":"Strength Potion"},{"floor":5.0,"key":"SmokeBomb"},{"floor":10.0,"key":"Swift Potion"}],"is_trial":false,"path_per_floor":["M","M","$","?","?","R","E","M","T","E","?","R","?","M","R","B",null,"M","M","?","$","M","R","E","M","T","R","M","E","M","$","R","B",null,"M","M","?","?","M","R","E","R","T","$","E","$","M","E","R","B",null,"R","$","E","B",null],"character_chosen":"THE_SILENT","items_purchased":["Noxious Fumes","Blur","Pantograph","Backflip"],"campfire_rested":1,"item_purchase_floors":[21,44,46,46],"current_hp_per_floor":[70,68,68,68,68,68,55,55,55,44,44,44,44,42,42,19,70,58,55,70,70,58,58,40,40,40,40,40,40,38,38,38,38,70,57,57,66,66,61,61,22,22,22,22,15,15,15,15,40,65,84,84,84,63,16],"gold":160,"neow_bonus":"HUNDRED_GOLD","is_prod":false,"is_daily":false,"chose_seed":false,"campfire_upgraded":7,"win_rate":0,"timestamp":1549107053,"path_taken":["M","M","$","?","?","R","E","?","T","E","?","R","?","M","R","BOSS","M","M","?","$","M","R","E","M","T","R","M","E","M","$","R","BOSS","M","M","?","?","?","R","E","R","T","$","E","$","M","E","R","BOSS","R","$","E","BOSS"],"build_version":"2019-01-23","purchased_purges":4,"victory":true,"max_hp_per_floor":[70,70,70,70,70,70,70,70,70,70,70,70,70,70,70,70,70,70,70,70,70,70,70,70,70,70,70,70,70,70,70,70,70,70,70,70,84,84,84,84,84,84,84,84,84,84,84,84,84,84,84,84,84,84,84],"card_choices":[{"not_picked":["All Out Attack","Acrobatics"],"picked":"Backflip","floor":1.0},{"not_picked":["Cloak And Dagger","Bane"],"picked":"Noxious Fumes","floor":2.0},{"not_picked":["Blade Dance","Bane"],"picked":"Flechettes","floor":7.0},{"not_picked":["Accuracy","Reflex"],"picked":"Caltrops","floor":8.0},{"not_picked":["Blade Dance","Bane"],"picked":"Backflip","floor":10.0},{"not_picked":["Dagger Spray","Outmaneuver"],"picked":"Escape Plan","floor":14.0},{"not_picked":["Envenom","Die Die Die"],"picked":"Adrenaline","floor":16.0},{"not_picked":["Backstab","Dagger Throw"],"picked":"Footwork","floor":18.0},{"not_picked":["Slice","Sucker Punch","Flechettes"],"picked":"SKIP","floor":19.0},{"not_picked":["Expertise","Heel Hook","Underhanded Strike"],"picked":"SKIP","floor":22.0},{"not_picked":["Bane","Quick Slash+1"],"picked":"Dash+1","floor":24},{"not_picked":["Heel Hook","Distraction","Deflect"],"picked":"SKIP","floor":25},{"not_picked":["Sucker Punch","Infinite Blades"],"picked":"Deadly Poison","floor":28},{"not_picked":["Riddle With Holes","Dagger Throw","Flying Knee"],"picked":"SKIP","floor":29},{"not_picked":["Noxious Fumes","Flechettes"],"picked":"Caltrops","floor":30},{"not_picked":["Doppelganger","Unload"],"picked":"Corpse Explosion","floor":33},{"not_picked":["Masterful Stab","Dagger Throw+1","Quick Slash"],"picked":"SKIP","floor":35},{"not_picked":["Poisoned Stab+1","Heel Hook"],"picked":"Dodge and Roll+1","floor":36},{"not_picked":["Quick Slash","Underhanded Strike+1","Flying Knee"],"picked":"SKIP","floor":39},{"not_picked":["Outmaneuver","Storm of Steel","Deadly Poison+1"],"picked":"SKIP","floor":41},{"not_picked":["All Out Attack","Poisoned Stab"],"picked":"Deflect+1","floor":45},{"not_picked":["Well Laid Plans","Outmaneuver"],"picked":"Leg Sweep","floor":47},{"not_picked":["Tactician+1","Quick Slash+1","Deadly Poison"],"picked":"SKIP","floor":48},{"not_picked":["Finisher","Deadly Poison+1"],"picked":"Malaise","floor":54}],"player_experience":58673,"relics_obtained":[{"floor":7.0,"key":"Omamori"},{"floor":10.0,"key":"Potion Belt"},{"floor":24,"key":"Gambling Chip"},{"floor":26,"key":"Dream Catcher"},{"floor":29,"key":"Tingsha"},{"floor":37,"key":"Mango"},{"floor":41,"key":"Shovel"},{"floor":43,"key":"Mummified Hand"},{"floor":45,"key":"Juzu Bracelet"},{"floor":48,"key":"Boot"},{"floor":52,"key":"Ornamental Fan"},{"floor":54,"key":"Vajra"}],"event_choices":[{"damage_healed":0.0,"max_hp_gain":0.0,"max_hp_loss":0.0,"gold_gain":0.0,"event_name":"Liars Game","player_choice":"Ignored","floor":4.0,"gold_loss":0.0,"damage_taken":0.0},{"damage_healed":0.0,"max_hp_gain":0.0,"max_hp_loss":0.0,"gold_gain":0.0,"event_name":"The Woman in Blue","player_choice":"Bought 2 Potions","floor":5.0,"gold_loss":0.0,"damage_taken":0.0},{"damage_healed":0.0,"max_hp_gain":0.0,"max_hp_loss":0.0,"gold_gain":0.0,"event_name":"Big Fish","player_choice":"Box","floor":11.0,"gold_loss":0.0,"damage_taken":0.0,"relics_obtained":["The Specimen"],"cards_obtained":["Regret"]},{"damage_healed":0.0,"max_hp_gain":0.0,"max_hp_loss":0.0,"gold_gain":0.0,"event_name":"Dead Adventurer","player_choice":"Searched \u00271\u0027 times","floor":13.0,"gold_loss":0.0,"damage_taken":0.0,"relics_obtained":["Bag of Preparation"]},{"damage_healed":23.0,"max_hp_gain":0.0,"max_hp_loss":0.0,"gold_gain":0.0,"event_name":"The Library","player_choice":"Heal","floor":20.0,"gold_loss":0.0,"damage_taken":0.0},{"damage_healed":0,"gold_gain":0,"player_choice":"Fight","damage_taken":0,"max_hp_gain":0,"max_hp_loss":0,"event_name":"MindBloom","floor":37,"gold_loss":0},{"damage_healed":0,"gold_gain":0,"player_choice":"0 cards matched","damage_taken":0,"max_hp_gain":0,"max_hp_loss":0,"event_name":"Match and Keep!","floor":38,"gold_loss":0,"cards_obtained":[]}],"is_beta":false,"boss_relics":[{"not_picked":["Calling Bell","Fusion Hammer"],"picked":"Sozu"},{"not_picked":["Black Star","Velvet Choker"],"picked":"Philosopher\u0027s Stone"}],"items_purged_floors":[3,21,31,44],"is_endless":false,"potions_floor_spawned":[1,10,22,25,29,30,36,39,45,54],"ascension_level":1}