{"gold_per_floor":[118,135,210,226,226,226,242,242,268,303,319,319,398,412,412,507,507,520,520],"floor_reached":19,"playtime":1526,"items_purged":[],"score":169,"play_id":"b1170515-2f6a-4666-9d63-d56abbf79a12","local_time":"20190123153634","is_ascension_mode":false,"campfire_choices":[{"data":"Genetic Algorithm","floor":6,"key":"SMITH"},{"data":"Amplify","floor":8,"key":"SMITH"},{"floor":12,"key":"REST"},{"floor":15,"key":"REST"}],"neow_cost":"NONE","seed_source_timestamp":643624571026222,"circlet_count":0,"master_deck":["Strike_B","Strike_B","Strike_B","Defend_B","Defend_B","Defend_B","Defend_B","Zap","Dualcast","Genetic Algorithm+1","Auto Shields","Amplify+1","Chaos","Capacitor","Rebound","Multi-Cast","Hello World"],"relics":["Cracked Core","Vajra","Potion Belt","Mummified Hand","Inserter"],"potions_floor_usage":[16,19,19,19],"damage_taken":[{"damage":2,"enemies":"2 Louse","floor":1,"turns":3},{"damage":2,"enemies":"Small Slimes","floor":2,"turns":3},{"damage":11,"enemies":"Jaw Worm","floor":4,"turns":5},{"damage":0,"enemies":"Blue Slaver","floor":7,"turns":5},{"damage":27,"enemies":"Lagavulin","floor":10,"turns":9},{"damage":16,"enemies":"2 Fungi Beasts","floor":11,"turns":5},{"damage":11,"enemies":"Large Slime","floor":14,"turns":7},{"damage":50,"enemies":"Hexaghost","floor":16,"turns":11},{"damage":29,"enemies":"Shell Parasite","floor":18,"turns":8},{"damage":48,"enemies":"Masked Bandits","floor":19,"turns":3}],"seed_played":"-8355267793616700892","potions_obtained":[{"floor":4,"key":"Energy Potion"},{"floor":7,"key":"Swift Potion"},{"floor":10,"key":"LiquidBronze"},{"floor":11,"key":"Ancient Potion"},{"floor":18,"key":"FocusPotion"}],"is_trial":false,"path_per_floor":["M","M","?","M","?","R","M","R","T","E","M","R","T","M","R","B",null,"M","?"],"character_chosen":"DEFECT","items_purchased":[],"campfire_rested":2,"item_purchase_floors":[],"current_hp_per_floor":[73,71,60,49,74,74,74,74,74,47,31,53,53,42,64,14,75,46,0],"gold":520,"neow_bonus":"REMOVE_CARD","is_prod":false,"is_daily":false,"chose_seed":false,"campfire_upgraded":2,"win_rate":0.0,"timestamp":1548225394,"path_taken":["M","M","?","M","?","R","M","R","T","E","M","R","?","M","R","BOSS","M","?"],"build_version":"2019-01-17v2","purchased_purges":0,"victory":false,"max_hp_per_floor":[75,75,75,75,75,75,75,75,75,75,75,75,75,75,75,75,75,75,75],"card_choices":[{"not_picked":["Conserve Battery","Compile Driver"],"picked":"Genetic Algorithm","floor":1},{"not_picked":["Sweeping Beam","Beam Cell"],"picked":"Auto Shields","floor":2},{"not_picked":["Compile Driver","Stack","Rip and Tear"],"picked":"SKIP","floor":4},{"not_picked":["Ball Lightning","Conserve Battery"],"picked":"Amplify","floor":7},{"not_picked":["Sweeping Beam","BootSequence"],"picked":"Chaos","floor":10},{"not_picked":["Leap","BootSequence"],"picked":"Capacitor","floor":11},{"not_picked":["Fusion","Rip and Tear"],"picked":"Rebound","floor":14},{"not_picked":["Biased Cognition","Thunder Strike"],"picked":"Multi-Cast","floor":16},{"not_picked":["Go for the Eyes","Recycle"],"picked":"Hello World","floor":18}],"player_experience":37681,"relics_obtained":[{"floor":9,"key":"Vajra"},{"floor":10,"key":"Potion Belt"},{"floor":13,"key":"Mummified Hand"}],"event_choices":[{"damage_healed":0,"gold_gain":75,"player_choice":"Gather Gold","damage_taken":11,"max_hp_gain":0,"max_hp_loss":0,"event_name":"World of Goop","floor":3,"gold_loss":0},{"damage_healed":25,"gold_gain":0,"player_choice":"Banana","damage_taken":0,"max_hp_gain":0,"max_hp_loss":0,"event_name":"Big Fish","floor":5,"gold_loss":0},{"damage_healed":0,"gold_gain":0,"player_choice":"Fought Bandits","damage_taken":0,"max_hp_gain":0,"max_hp_loss":0,"event_name":"Masked Bandits","floor":19,"gold_loss":0}],"is_beta":false,"boss_relics":[{"not_picked":["Calling Bell","Busted Crown"],"picked":"Inserter"}],"items_purged_floors":[],"is_endless":false,"potions_floor_spawned":[4,7,10,11,18],"killed_by":"Masked Bandits","ascension_level":0}