{"gold_per_floor":[110,122,122,122,136,168,178,206,229,229,229,242,242,259,259,361,361,374,299,317,317,31,57,77,108,108,142,157,175,207,227,227,327,327,339,339,114,94,107,120,120,150,173,173,200,217,235,283,283,283],"floor_reached":50,"playtime":13543,"items_purged":["Strike_R"],"score":694,"play_id":"e8835184-fed8-4de3-97c3-5add5714cd0f","local_time":"20190111202230","is_ascension_mode":false,"campfire_choices":[{"data":"Flex","floor":10,"key":"SMITH"},{"data":"True Grit","floor":13,"key":"SMITH"},{"data":"Burning Pact","floor":15,"key":"SMITH"},{"data":"Armaments","floor":32,"key":"SMITH"},{"data":"True Grit","floor":41,"key":"SMITH"},{"data":"Heavy Blade","floor":44,"key":"SMITH"},{"data":"Bloodletting","floor":49,"key":"SMITH"}],"neow_cost":"NONE","seed_source_timestamp":1193200421635375,"circlet_count":0,"master_deck":["Strike_R","Strike_R","Strike_R","Defend_R","Defend_R","Defend_R","Defend_R","Bash","Battle Trance","Sword Boomerang","Dual Wield","Reckless Charge","Flex+1","Burning Pact+1","True Grit+1","Power Through","Berserk","Thunderclap","Armaments+1","Rampage+1","Flex","Power Through","Flex","Flex","Shrug It Off+1","Brutality+1","Disarm","Brutality+1","Bloodletting+1","Deep Breath","Heavy Blade+1","Inflame+1","Flex","Feel No Pain+1","True Grit+1","Heavy Blade+1","True Grit","Ghostly Armor+1","Feel No Pain+1"],"relics":["Burning Blood","Matryoshka","Red Skull","Bronze Scales","PreservedInsect","Centennial Puzzle","Anchor","Coffee Dripper","GremlinMask","Champion Belt","Strawberry","Bird Faced Urn","Self Forming Clay","Meat on the Bone","Frozen Egg 2","Vajra","Runic Cube","Blood Vial","Bag of Preparation","Shuriken","FossilizedHelix"],"potions_floor_usage":[8,16,16,27,33,50],"damage_taken":[{"damage":0,"enemies":"Small Slimes","floor":1,"turns":3},{"damage":6,"enemies":"Jaw Worm","floor":2,"turns":6},{"damage":6,"enemies":"2 Louse","floor":5,"turns":3},{"damage":53,"enemies":"3 Sentries","floor":6,"turns":11},{"damage":12,"enemies":"Exordium Wildlife","floor":7,"turns":2},{"damage":13,"enemies":"Lagavulin","floor":8,"turns":3},{"damage":0,"enemies":"Gremlin Gang","floor":12,"turns":3},{"damage":0,"enemies":"Looter","floor":14,"turns":2},{"damage":24,"enemies":"The Guardian","floor":16,"turns":8},{"damage":12,"enemies":"3 Byrds","floor":18,"turns":4},{"damage":10,"enemies":"2 Thieves","floor":20,"turns":3},{"damage":3,"enemies":"Gremlin Leader","floor":23,"turns":4},{"damage":15,"enemies":"Snake Plant","floor":24,"turns":3},{"damage":12,"enemies":"Slavers","floor":25,"turns":3},{"damage":5,"enemies":"Book of Stabbing","floor":27,"turns":4},{"damage":17,"enemies":"Snecko","floor":28,"turns":8},{"damage":33,"enemies":"Shelled Parasite and Fungi","floor":29,"turns":5},{"damage":18,"enemies":"Slavers","floor":30,"turns":4},{"damage":8,"enemies":"Snake Plant","floor":31,"turns":3},{"damage":26,"enemies":"Champ","floor":33,"turns":7},{"damage":32,"enemies":"3 Darklings","floor":35,"turns":5},{"damage":7,"enemies":"Orb Walker","floor":39,"turns":2},{"damage":25,"enemies":"4 Shapes","floor":40,"turns":4},{"damage":19,"enemies":"Reptomancer","floor":42,"turns":4},{"damage":17,"enemies":"Giant Head","floor":45,"turns":6},{"damage":21,"enemies":"Spire Growth","floor":46,"turns":4},{"damage":26,"enemies":"Sphere and 2 Shapes","floor":47,"turns":4},{"damage":21,"enemies":"2 Orb Walkers","floor":48,"turns":5},{"damage":78,"enemies":"Time Eater","floor":50,"turns":6}],"seed_played":"-1449930751626608129","potions_obtained":[{"floor":5,"key":"Dexterity Potion"},{"floor":6,"key":"PowerPotion"},{"floor":7,"key":"Energy Potion"},{"floor":14,"key":"Weak Potion"},{"floor":18,"key":"LiquidBronze"},{"floor":24,"key":"Block Potion"},{"floor":31,"key":"Fire Potion"},{"floor":33,"key":"FearPotion"}],"is_trial":false,"path_per_floor":["M","M","?","?","M","E","M","E","T","R","?","M","R","M","R","B",null,"M","?","M","?","$","E","M","E","T","E","M","M","E","M","R","B",null,"M","?","$","?","M","M","R","E","T","R","E","M","M","?","R","B"],"character_chosen":"IRONCLAD","items_purchased":["Champion Belt","Heavy Blade","Inflame+1","Flex"],"campfire_rested":0,"item_purchase_floors":[22,37,37,37],"current_hp_per_floor":[88,88,88,88,88,41,35,28,28,28,16,22,22,28,28,10,88,82,82,78,78,78,88,79,73,73,74,65,50,52,64,64,60,95,69,69,69,69,72,61,61,56,56,56,57,54,58,65,65,0],"gold":283,"neow_bonus":"TEN_PERCENT_HP_BONUS","is_prod":false,"is_daily":false,"chose_seed":false,"campfire_upgraded":7,"win_rate":0,"timestamp":1547256150,"path_taken":["M","M","?","?","M","E","M","E","T","R","?","M","R","M","R","BOSS","M","?","M","?","$","E","M","E","T","E","M","?","E","M","R","BOSS","M","?","$","?","M","?","R","E","T","R","E","?","M","?","R","BOSS"],"build_version":"2019-01-10","purchased_purges":1,"victory":false,"max_hp_per_floor":[88,88,88,88,88,88,88,88,88,88,88,88,88,88,88,88,88,88,88,88,88,88,95,95,95,95,95,95,95,95,95,95,95,95,95,95,95,95,95,95,95,95,95,95,95,95,95,95,95,95],"card_choices":[{"not_picked":["Headbutt","Perfected Strike"],"picked":"Battle Trance","floor":1},{"not_picked":["True Grit","Wild Strike"],"picked":"Sword Boomerang","floor":2},{"not_picked":["Reckless Charge","Twin Strike"],"picked":"Dual Wield","floor":5},{"not_picked":["Carnage","Sword Boomerang"],"picked":"Reckless Charge","floor":6},{"not_picked":["Pommel Strike","Headbutt"],"picked":"Flex","floor":7},{"not_picked":["Bloodletting","Iron Wave"],"picked":"Burning Pact","floor":8},{"not_picked":["Wild Strike","Fire Breathing"],"picked":"True Grit","floor":12},{"not_picked":["Rage","Searing Blow"],"picked":"Power Through","floor":14},{"not_picked":["Double Tap","Reaper"],"picked":"Berserk","floor":16},{"not_picked":["Heavy Blade","Combust"],"picked":"Thunderclap","floor":18},{"not_picked":["Spot Weakness+1","Twin Strike+1"],"picked":"Armaments","floor":20},{"not_picked":["Clash","Bloodletting+1"],"picked":"Rampage+1","floor":23},{"not_picked":["Carnage","Pommel Strike"],"picked":"Flex","floor":24},{"not_picked":["Clothesline","Uppercut"],"picked":"Power Through","floor":25},{"not_picked":["Pommel Strike","Anger"],"picked":"Flex","floor":27},{"not_picked":["Juggernaut+1","Twin Strike"],"picked":"Flex","floor":28},{"not_picked":["Warcry+1","Whirlwind"],"picked":"Shrug It Off+1","floor":29},{"not_picked":["Impervious","Twin Strike"],"picked":"Brutality+1","floor":30},{"not_picked":["Headbutt","Pummel"],"picked":"Disarm","floor":31},{"not_picked":["Fiend Fire","Immolate"],"picked":"Brutality+1","floor":33},{"not_picked":["Clash+1","Perfected Strike"],"picked":"Bloodletting","floor":35},{"not_picked":["Apotheosis","PanicButton"],"picked":"Deep Breath","floor":36},{"not_picked":["True Grit","Carnage"],"picked":"Feel No Pain+1","floor":39},{"not_picked":["Feel No Pain+1","Burning Pact"],"picked":"True Grit","floor":40},{"not_picked":["Carnage","Cleave","Bludgeon"],"picked":"SKIP","floor":42},{"not_picked":["Berserk+1","Reckless Charge"],"picked":"Heavy Blade+1","floor":45},{"not_picked":["Heavy Blade+1","Pommel Strike+1"],"picked":"True Grit","floor":46},{"not_picked":["Perfected Strike","Pummel"],"picked":"Ghostly Armor+1","floor":47},{"not_picked":["Blood for Blood","Warcry+1"],"picked":"Feel No Pain+1","floor":48}],"player_experience":51074,"relics_obtained":[{"floor":6,"key":"Red Skull"},{"floor":8,"key":"Bronze Scales"},{"floor":9,"key":"PreservedInsect"},{"floor":9,"key":"Centennial Puzzle"},{"floor":23,"key":"Strawberry"},{"floor":25,"key":"Bird Faced Urn"},{"floor":26,"key":"Self Forming Clay"},{"floor":26,"key":"Meat on the Bone"},{"floor":27,"key":"Frozen Egg 2"},{"floor":30,"key":"Vajra"},{"floor":42,"key":"Blood Vial"},{"floor":43,"key":"Bag of Preparation"},{"floor":45,"key":"Shuriken"},{"floor":48,"key":"FossilizedHelix"}],"event_choices":[{"damage_healed":0,"gold_gain":0,"player_choice":"Box","damage_taken":0,"relics_obtained":["Matryoshka"],"max_hp_gain":0,"max_hp_loss":0,"event_name":"Big Fish","floor":3,"gold_loss":0,"cards_obtained":["Regret"]},{"cards_removed":["Regret"],"damage_healed":0,"gold_gain":0,"player_choice":"Forget","damage_taken":0,"max_hp_gain":0,"max_hp_loss":0,"event_name":"Living Wall","floor":4,"gold_loss":0},{"damage_healed":0,"gold_gain":0,"player_choice":"Success","damage_taken":12,"relics_obtained":["Anchor"],"max_hp_gain":0,"max_hp_loss":0,"event_name":"Scrap Ooze","floor":11,"gold_loss":0},{"cards_removed":["Strike_R"],"damage_healed":0,"gold_gain":0,"player_choice":"Gave Gold","damage_taken":0,"max_hp_gain":0,"max_hp_loss":0,"event_name":"Beggar","floor":19,"gold_loss":75},{"damage_healed":0,"gold_gain":0,"player_choice":"Trade","damage_taken":0,"relics_obtained":["GremlinMask"],"max_hp_gain":0,"max_hp_loss":0,"event_name":"FaceTrader","floor":21,"gold_loss":0},{"damage_healed":0,"gold_gain":0,"player_choice":"Memory 1","damage_taken":0,"max_hp_gain":0,"max_hp_loss":0,"event_name":"SensoryStone","floor":36,"gold_loss":0},{"damage_healed":0,"gold_gain":0,"player_choice":"Bought 1 Potion","damage_taken":0,"max_hp_gain":0,"max_hp_loss":0,"event_name":"The Woman in Blue","floor":38,"gold_loss":0},{"damage_healed":0,"gold_gain":0,"player_choice":"Fight","damage_taken":0,"max_hp_gain":0,"max_hp_loss":0,"event_name":"Mysterious Sphere","floor":48,"gold_loss":0}],"is_beta":false,"boss_relics":[{"not_picked":["Sozu","Eternal Feather"],"picked":"Coffee Dripper"},{"not_picked":["Runic Pyramid","White Beast Statue"],"picked":"Runic Cube"}],"items_purged_floors":[37],"is_endless":false,"potions_floor_spawned":[5,6,7,14,18,24,25,31,33,39,42,45],"killed_by":"Time Eater","ascension_level":0}