{"gold_per_floor":[119,119,13,23,37,64,64,75,148,148,160,160,177,210,210,210],"floor_reached":16,"playtime":790,"items_purged":[],"score":112,"play_id":"77ec730a-afb7-4428-9f96-307db4f58a56","local_time":"20180717215424","is_ascension_mode":false,"campfire_choices":[{"floor":7,"key":"REST"},{"floor":10,"key":"REST"},{"floor":15,"key":"REST"}],"neow_cost":"","seed_source_timestamp":210943439029520,"circlet_count":0,"master_deck":["Strike_R","Strike_R","Strike_R","Strike_R","Strike_R","Defend_R","Defend_R","Defend_R","Defend_R","Bash","Rage","Bandage Up","Warcry","Thunderclap","Whirlwind","Anger","Double Tap","Pommel Strike","Cleave","Flex"],"relics":["Burning Blood","Peace Pipe","Bottled Lightning","Dream Catcher"],"potions_floor_usage":[],"damage_taken":[{"damage":5,"enemies":"Cultist","floor":1,"turns":4},{"damage":7,"enemies":"Jaw Worm","floor":4,"turns":3},{"damage":5,"enemies":"Small Slimes","floor":5,"turns":4},{"damage":44,"enemies":"3 Sentries","floor":6,"turns":13},{"damage":13,"enemies":"Blue Slaver","floor":8,"turns":3},{"damage":26,"enemies":"Exordium Thugs","floor":11,"turns":6},{"damage":6,"enemies":"Looter","floor":13,"turns":3},{"damage":43,"enemies":"Lagavulin","floor":14,"turns":7},{"damage":67,"enemies":"Hexaghost","floor":16,"turns":9}],"seed_played":"5663869749761266569","potions_obtained":[{"floor":1,"key":"SkillPotion"},{"floor":4,"key":"SpeedPotion"},{"floor":8,"key":"BloodPotion"},{"floor":13,"key":"Explosive Potion"}],"is_trial":false,"path_per_floor":["M","?","$","M","M","E","R","M","T","R","M","?","M","E","R"],"character_chosen":"IRONCLAD","items_purchased":["Bandage Up"],"campfire_rested":3,"item_purchase_floors":[3],"current_hp_per_floor":[80,80,80,79,80,45,69,66,66,80,64,64,68,35,59,0],"gold":210,"neow_bonus":"","is_prod":false,"is_daily":false,"chose_seed":false,"campfire_upgraded":0,"win_rate":0.0,"timestamp":1531835664,"path_taken":["M","?","?","M","M","E","R","M","T","R","?","?","M","E","R","BOSS"],"build_version":"2018-07-12","purchased_purges":0,"victory":false,"max_hp_per_floor":[80,80,80,80,80,80,80,80,80,80,80,80,80,80,80,80],"card_choices":[{"not_picked":["Flex","Sever Soul"],"picked":"Rage","floor":1},{"not_picked":["Clothesline","Clash"],"picked":"Warcry","floor":4},{"not_picked":["Searing Blow","Body Slam"],"picked":"Thunderclap","floor":5},{"not_picked":["Spot Weakness","Body Slam"],"picked":"Whirlwind","floor":6},{"not_picked":["Thunderclap","Iron Wave"],"picked":"Anger","floor":8},{"not_picked":["Sword Boomerang","Spot Weakness"],"picked":"Double Tap","floor":11},{"not_picked":["Sword Boomerang","Thunderclap"],"picked":"Pommel Strike","floor":13},{"not_picked":["Dropkick","Infernal Blade"],"picked":"Cleave","floor":14},{"not_picked":["Thunderclap","Sword Boomerang"],"picked":"Flex","floor":15}],"player_experience":17325,"relics_obtained":[{"floor":6,"key":"Peace Pipe"},{"floor":9,"key":"Bottled Lightning"},{"floor":14,"key":"Dream Catcher"}],"event_choices":[{"event_name":"Golden Idol","player_choice":"Ignored","floor":2,"damage_taken":0},{"event_name":"Shining Light","player_choice":"Ignored","floor":12,"damage_taken":0}],"boss_relics":[],"items_purged_floors":[],"is_endless":false,"potions_floor_spawned":[1,4,8,13],"killed_by":"Hexaghost","ascension_level":0}