{"gold_per_floor":[112,128,128,128,143,175,100,100,125,141,141,5,16,36,36,36],"floor_reached":16,"playtime":601,"items_purged":["Strike_R"],"score":148,"play_id":"68fe7b9d-e929-4c3e-aa12-b2d65e918ca1","local_time":"20190126124356","is_ascension_mode":true,"campfire_choices":[{"data":"Searing Blow","floor":8,"key":"SMITH"},{"data":"Searing Blow+1","floor":11,"key":"SMITH"},{"data":"Searing Blow+2","floor":15,"key":"SMITH"}],"neow_cost":"NONE","seed_source_timestamp":144914369565200,"circlet_count":0,"master_deck":["Strike_R","Strike_R","Strike_R+1","Strike_R","Defend_R+1","Defend_R","Defend_R","Defend_R","Bash","Offering","Cleave","Disarm","Searing Blow+3","Body Slam","Battle Trance","Double Tap","Warcry","Demon Form"],"relics":["Burning Blood","Orichalcum","Art of War"],"potions_floor_usage":[13,16],"damage_taken":[{"damage":8,"enemies":"2 Louse","floor":1,"turns":3},{"damage":7,"enemies":"Cultist","floor":2,"turns":3},{"damage":6,"enemies":"Jaw Worm","floor":5,"turns":3},{"damage":43,"enemies":"Gremlin Nob","floor":6,"turns":4},{"damage":16,"enemies":"Lots of Slimes","floor":10,"turns":3},{"damage":0,"enemies":"2 Fungi Beasts","floor":13,"turns":2},{"damage":9,"enemies":"Blue Slaver","floor":14,"turns":2},{"damage":20,"enemies":"Slime Boss","floor":16,"turns":3}],"seed_played":"1940275463522604335","potions_obtained":[{"floor":1,"key":"Swift Potion"},{"floor":4,"key":"FairyPotion"},{"floor":4,"key":"Weak Potion"},{"floor":14,"key":"Dexterity Potion"}],"is_trial":false,"path_per_floor":["M","M","?","?","M","E","$","R","T","M","R","$","M","M","R","B"],"character_chosen":"IRONCLAD","items_purchased":["Double Tap"],"campfire_rested":0,"item_purchase_floors":[12],"current_hp_per_floor":[70,69,53,53,53,16,16,16,16,14,14,14,20,17,17,0],"gold":36,"neow_bonus":"ONE_RANDOM_RARE_CARD","is_prod":false,"is_daily":false,"chose_seed":false,"campfire_upgraded":3,"win_rate":0,"timestamp":1548506636,"path_taken":["M","M","?","?","M","E","$","R","T","M","R","$","M","M","R","BOSS"],"build_version":"2019-01-23","purchased_purges":1,"victory":false,"max_hp_per_floor":[80,80,80,80,80,80,80,80,80,80,80,80,80,80,80,80],"card_choices":[{"not_picked":["True Grit","Inflame"],"picked":"Cleave","floor":1},{"not_picked":["Heavy Blade","Perfected Strike"],"picked":"Disarm","floor":2},{"not_picked":["Heavy Blade","Second Wind"],"picked":"Searing Blow","floor":5},{"not_picked":["Anger","Wild Strike"],"picked":"Body Slam","floor":6},{"not_picked":["Shockwave","Twin Strike"],"picked":"Battle Trance","floor":10},{"not_picked":["Armaments","Iron Wave"],"picked":"Warcry","floor":13},{"not_picked":["Headbutt","Body Slam"],"picked":"Demon Form","floor":14}],"player_experience":168545,"relics_obtained":[{"floor":6,"key":"Orichalcum"},{"floor":9,"key":"Art of War"}],"event_choices":[{"damage_healed":0,"gold_gain":0,"player_choice":"Entered Light","damage_taken":16,"max_hp_gain":0,"max_hp_loss":0,"event_name":"Shining Light","floor":3,"gold_loss":0,"cards_upgraded":["Defend_R","Strike_R"]},{"damage_healed":0,"gold_gain":0,"player_choice":"Got Potions","damage_taken":0,"max_hp_gain":0,"max_hp_loss":0,"event_name":"Lab","floor":4,"gold_loss":0}],"is_beta":false,"boss_relics":[],"items_purged_floors":[7],"is_endless":false,"potions_floor_spawned":[1,14],"killed_by":"Slime Boss","ascension_level":9}