{"gold_per_floor":[113,26,101,149,166,166,201,211,238,273,273,303,303,313,313,384,384,397,397,45,59,59,86,86,86,98,110,22,22,22,36,36,114,114,133,133,133,41,57,57,77,88,88,105,105,118,118,128,128,128],"floor_reached":50,"playtime":1925,"items_purged":["Strike_R","Writhe"],"score":1119,"play_id":"3f1b7939-862f-46e0-a6e1-da89c63bff0c","local_time":"20190101184448","is_ascension_mode":true,"campfire_choices":[{"data":"Whirlwind","floor":6,"key":"SMITH"},{"data":"Bludgeon","floor":11,"key":"SMITH"},{"data":"Flex","floor":13,"key":"SMITH"},{"data":"Inflame","floor":15,"key":"SMITH"},{"data":"Feed","floor":24,"key":"SMITH"},{"data":"Shrug It Off","floor":27,"key":"SMITH"},{"data":"Bash","floor":30,"key":"SMITH"},{"data":"Uppercut","floor":32,"key":"SMITH"},{"data":"Trip","floor":40,"key":"SMITH"},{"floor":45,"key":"RECALL"},{"floor":49,"key":"REST"}],"neow_cost":"NONE","seed_source_timestamp":2141028868448013,"circlet_count":0,"master_deck":["AscendersBane","Strike_R","Strike_R","Defend_R","Defend_R","Defend_R","Bash+1","Whirlwind+1","Inflame+1","Battle Trance+1","Bludgeon+1","Flex+1","Shrug It Off+1","Feed+1","Metallicize+1","Uppercut+1","Fiend Fire","Iron Wave+1","Trip+1","Dark Shackles","Inflame","Shrug It Off+1","Writhe"],"relics":["Burning Blood","NeowsBlessing","Ancient Tea Set","Oddly Smooth Stone","Sundial","Centennial Puzzle","Mark of Pain","Toy Ornithopter","Strawberry","MawBank","Meat on the Bone","Empty Cage","Blood Vial"],"potions_floor_usage":[8,16,23,23,33,48,50],"damage_taken":[{"damage":0,"enemies":"Jaw Worm","floor":1,"turns":1},{"damage":0,"enemies":"2 Louse","floor":5,"turns":1},{"damage":0,"enemies":"Gremlin Nob","floor":7,"turns":1},{"damage":0,"enemies":"Small Slimes","floor":8,"turns":1},{"damage":30,"enemies":"3 Sentries","floor":10,"turns":5},{"damage":0,"enemies":"Gremlin Nob","floor":12,"turns":2},{"damage":0,"enemies":"2 Fungi Beasts","floor":14,"turns":1},{"damage":0,"enemies":"Slime Boss","floor":16,"turns":5},{"damage":13,"enemies":"2 Thieves","floor":18,"turns":3},{"damage":0,"enemies":"3 Byrds","floor":21,"turns":3},{"damage":39,"enemies":"Book of Stabbing","floor":23,"turns":5},{"damage":3,"enemies":"Centurion and Healer","floor":31,"turns":6},{"damage":59,"enemies":"Champ","floor":33,"turns":9},{"damage":40,"enemies":"3 Shapes","floor":35,"turns":3},{"damage":7,"enemies":"Orb Walker","floor":39,"turns":3},{"damage":0,"enemies":"Jaw Worm Horde","floor":41,"turns":1},{"damage":43,"enemies":"4 Shapes","floor":42,"turns":6},{"damage":8,"enemies":"Writhing Mass","floor":44,"turns":5},{"damage":34,"enemies":"Spire Growth","floor":46,"turns":4},{"damage":48,"enemies":"Transient","floor":48,"turns":6},{"damage":88,"enemies":"Awakened One","floor":50,"turns":10}],"seed_played":"-8708890315568222044","potions_obtained":[{"floor":1,"key":"Regen Potion"},{"floor":7,"key":"Poison Potion"},{"floor":8,"key":"SpeedPotion"},{"floor":12,"key":"Fire Potion"},{"floor":23,"key":"SpeedPotion"},{"floor":39,"key":"SteroidPotion"},{"floor":48,"key":"SpeedPotion"}],"is_trial":false,"path_per_floor":["M","$","?","T","M","R","E","M","T","E","R","E","R","M","R","B",null,"M","?","$","M","?","E","R","?","T","R","$","?","R","M","R","B",null,"M","?","?","$","M","R","M","M","T","M","R","M","?","M","R","B"],"character_chosen":"IRONCLAD","items_purchased":["Inflame","Toy Ornithopter","Fire Potion","Inflame","Dexterity Potion"],"campfire_rested":1,"item_purchase_floors":[2,20,20,38,38],"current_hp_per_floor":[74,74,63,63,69,69,75,75,75,51,51,57,57,63,63,69,74,70,48,48,57,57,58,58,58,58,58,58,58,58,65,65,29,82,64,59,59,59,62,62,68,47,47,59,59,45,67,44,77,0],"gold":128,"neow_bonus":"THREE_ENEMY_KILL","is_prod":false,"is_daily":false,"chose_seed":false,"campfire_upgraded":9,"win_rate":0,"timestamp":1546364688,"path_taken":["M","$","?","?","M","R","E","M","T","E","R","E","R","M","R","BOSS","M","?","?","M","?","E","R","?","T","R","$","?","R","?","R","BOSS","M","?","?","?","M","R","M","?","T","M","R","?","?","M","R","BOSS"],"build_version":"2018-12-20","purchased_purges":2,"victory":false,"max_hp_per_floor":[75,75,75,75,75,75,75,75,75,75,75,75,75,75,75,75,75,78,83,83,86,86,96,96,96,96,96,96,96,96,100,100,100,100,104,104,104,104,108,108,108,112,112,112,112,112,112,112,112,116],"card_choices":[{"not_picked":["Burning Pact","Thunderclap"],"picked":"Whirlwind","floor":1},{"not_picked":["Shrug It Off","Clothesline"],"picked":"Battle Trance","floor":5},{"not_picked":["Twin Strike","Clothesline"],"picked":"Bludgeon","floor":7},{"not_picked":["Havoc","True Grit"],"picked":"Flex","floor":8},{"not_picked":["Heavy Blade","Twin Strike","Cleave"],"picked":"SKIP","floor":10},{"not_picked":["Combust","Havoc","Sword Boomerang"],"picked":"SKIP","floor":12},{"not_picked":["Hemokinesis","Intimidate"],"picked":"Shrug It Off","floor":14},{"not_picked":["Reaper","Fiend Fire"],"picked":"Feed","floor":16},{"not_picked":["Iron Wave","Havoc","Shrug It Off"],"picked":"SKIP","floor":18},{"not_picked":["Armaments","Iron Wave"],"picked":"Metallicize+1","floor":21},{"not_picked":["Dark Embrace","Cleave","Rage"],"picked":"SKIP","floor":23},{"not_picked":["Shrug It Off","True Grit"],"picked":"Uppercut","floor":31},{"not_picked":["Bludgeon","Barricade"],"picked":"Fiend Fire","floor":33},{"not_picked":["Sword Boomerang","Disarm"],"picked":"Iron Wave+1","floor":35},{"not_picked":["Mind Blast","Apotheosis"],"picked":"Trip","floor":36},{"not_picked":["Trip","Madness"],"picked":"Dark Shackles","floor":36},{"not_picked":["Flame Barrier","Wild Strike+1"],"picked":"Shrug It Off+1","floor":39},{"not_picked":["Dropkick","Clothesline","Clash"],"picked":"SKIP","floor":41},{"not_picked":["Rampage","Clothesline","Anger"],"picked":"SKIP","floor":42},{"not_picked":["Twin Strike+1","Perfected Strike","Battle Trance+1"],"picked":"SKIP","floor":44},{"not_picked":["Iron Wave","Cleave","Blood for Blood"],"picked":"SKIP","floor":46},{"not_picked":["Inflame+1","Rupture","Heavy Blade"],"picked":"SKIP","floor":48}],"player_experience":649961,"relics_obtained":[{"floor":4,"key":"Ancient Tea Set"},{"floor":7,"key":"Oddly Smooth Stone"},{"floor":10,"key":"Sundial"},{"floor":12,"key":"Centennial Puzzle"},{"floor":23,"key":"Strawberry"},{"floor":26,"key":"Meat on the Bone"},{"floor":43,"key":"Blood Vial"}],"event_choices":[{"damage_healed":0,"gold_gain":75,"player_choice":"Gather Gold","damage_taken":11,"max_hp_gain":0,"max_hp_loss":0,"event_name":"World of Goop","floor":3,"gold_loss":0},{"damage_healed":0,"gold_gain":0,"player_choice":"Shed Blood","damage_taken":27,"max_hp_gain":5,"max_hp_loss":0,"event_name":"Forgotten Altar","floor":19,"gold_loss":0},{"damage_healed":0,"gold_gain":0,"player_choice":"Ignored","damage_taken":0,"max_hp_gain":0,"max_hp_loss":0,"event_name":"Beggar","floor":22,"gold_loss":0},{"damage_healed":0,"gold_gain":0,"player_choice":"Opened","damage_taken":0,"relics_obtained":["MawBank"],"max_hp_gain":0,"max_hp_loss":0,"event_name":"The Mausoleum","floor":25,"gold_loss":0,"cards_obtained":["Writhe"]},{"damage_healed":0,"gold_gain":0,"player_choice":"Upgraded","damage_taken":0,"max_hp_gain":0,"max_hp_loss":0,"event_name":"Upgrade Shrine","floor":29,"gold_loss":0,"cards_upgraded":["Battle Trance"]},{"damage_healed":0,"gold_gain":0,"player_choice":"Memory 2","damage_taken":5,"max_hp_gain":0,"max_hp_loss":0,"event_name":"SensoryStone","floor":36,"gold_loss":0},{"cards_removed":["Defend_R"],"damage_healed":0,"gold_gain":0,"player_choice":"Removed Skill","damage_taken":0,"max_hp_gain":0,"max_hp_loss":0,"event_name":"Falling","floor":37,"gold_loss":0},{"damage_healed":22,"gold_gain":0,"player_choice":"Writhe","damage_taken":0,"max_hp_gain":0,"max_hp_loss":0,"event_name":"Winding Halls","floor":47,"gold_loss":0,"cards_obtained":["Writhe"]}],"is_beta":false,"boss_relics":[{"not_picked":["Snecko Eye","Lizard Tail"],"picked":"Mark of Pain"},{"not_picked":["Runic Cube","Velvet Choker"],"picked":"Empty Cage"}],"items_purged_floors":[20,28],"is_endless":false,"potions_floor_spawned":[1,7,8,12,14,23,39,42,46,48],"killed_by":"Awakened One","ascension_level":17}