{"gold_per_floor":[113,133,12,12,12,12,23,54,54,73,73,73,73,86,86,181,181,197,207,51,51,51,85,85,99,99,14,34,34,48,99,99,203,203,220,234,134,134,134,134,134,144,144,144,160,180,180,194,194,194],"floor_reached":50,"playtime":4288,"items_purged":["Pain","Bash"],"score":619,"play_id":"8025f01f-3555-4960-92f7-2c368ab640b4","local_time":"20190126205226","is_ascension_mode":true,"campfire_choices":[{"data":"Dark Embrace","floor":6.0,"key":"SMITH"},{"floor":12.0,"key":"REST"},{"floor":15.0,"key":"REST"},{"floor":24,"key":"REST"},{"floor":32,"key":"REST"},{"data":"Anger","floor":40,"key":"SMITH"},{"data":"Madness","floor":44,"key":"SMITH"},{"data":"Demon Form","floor":49,"key":"SMITH"}],"neow_cost":"NONE","seed_source_timestamp":0,"circlet_count":0,"master_deck":["Defend_R","Defend_R","Defend_R","Brutality","Pommel Strike","True Grit","Dark Embrace+1","Armaments","Offering","Demon Form+1","Anger+1","Impervious","Flex+1","Feel No Pain","Pummel","Twin Strike+1","Intimidate","Rage","Anger","Bite","Bite","Bite","Bite","Bite","Pummel","Battle Trance","Offering","Inflame","Heavy Blade+1","Shrug It Off+1","Inflame+1","Madness","Madness+1","Combust","Impervious","Flex+1","Corruption","Metallicize+1","Pummel+1","Heavy Blade+1"],"special_seed":0,"relics":["Black Blood","WarpedTongs","Sundial","Lantern","Vajra","Happy Flower","Bottled Flame","Prayer Wheel","Orichalcum","Philosopher\u0027s Stone","Magic Flower"],"potions_floor_usage":[23,23,25,33,41,50,50],"damage_taken":[{"damage":13.0,"enemies":"2 Louse","floor":1.0,"turns":3.0},{"damage":3.0,"enemies":"Cultist","floor":2.0,"turns":3.0},{"damage":12.0,"enemies":"Jaw Worm","floor":7.0,"turns":4.0},{"damage":40.0,"enemies":"3 Sentries","floor":8.0,"turns":9.0},{"damage":10.0,"enemies":"Blue Slaver","floor":10.0,"turns":5.0},{"damage":15.0,"enemies":"2 Fungi Beasts","floor":14.0,"turns":4.0},{"damage":15.0,"enemies":"Slime Boss","floor":16.0,"turns":5.0},{"damage":12,"enemies":"Chosen","floor":18,"turns":5},{"damage":15,"enemies":"2 Thieves","floor":19,"turns":5},{"damage":21,"enemies":"Colosseum Slavers","floor":22,"turns":5},{"damage":53,"enemies":"Slavers","floor":23,"turns":10},{"damage":22,"enemies":"Snake Plant","floor":25,"turns":4},{"damage":7,"enemies":"Snecko","floor":28,"turns":6},{"damage":13,"enemies":"Cultist and Chosen","floor":30,"turns":4},{"damage":60,"enemies":"Automaton","floor":33,"turns":7},{"damage":20,"enemies":"3 Shapes","floor":35,"turns":4},{"damage":15,"enemies":"3 Darklings","floor":36,"turns":5},{"damage":0,"enemies":"Reptomancer","floor":41,"turns":1},{"damage":48,"enemies":"Transient","floor":42,"turns":5},{"damage":41,"enemies":"Jaw Worm Horde","floor":45,"turns":6},{"damage":15,"enemies":"4 Shapes","floor":46,"turns":5},{"damage":12,"enemies":"Transient","floor":48,"turns":5},{"damage":69,"enemies":"Time Eater","floor":50,"turns":5}],"seed_played":"2462284478083792354","potions_obtained":[{"floor":7.0,"key":"Weak Potion"},{"floor":14.0,"key":"EssenceOfSteel"},{"floor":23,"key":"Poison Potion"},{"floor":28,"key":"Dexterity Potion"},{"floor":30,"key":"SmokeBomb"},{"floor":42,"key":"SpeedPotion"},{"floor":48,"key":"Weak Potion"}],"is_trial":false,"path_per_floor":["M","M","$","?","?","R","M","E","T","M","?","R","?","M","R","B",null,"M","M","$","?","?","E","R","M","T","?","M","?","M","T","R","B",null,"M","M","$","?","?","R","E","M","T","R","M","M","?","M","R","B"],"character_chosen":"IRONCLAD","items_purchased":["Dark Embrace","Armaments","Feel No Pain"],"campfire_rested":4,"item_purchase_floors":[3,3,20],"current_hp_per_floor":[73,76,76,76,76,76,70,36,36,32,25,49,46,37,61,52,80,78,73,73,73,62,19,43,31,31,31,34,34,37,37,53,14,56,56,56,56,49,49,49,56,29,29,29,17,31,31,56,56,0],"gold":194,"neow_bonus":"ONE_RANDOM_RARE_CARD","is_prod":false,"is_daily":false,"chose_seed":false,"campfire_upgraded":4,"win_rate":0,"timestamp":1548503546,"path_taken":["M","M","$","?","?","R","M","E","T","?","?","R","?","M","R","BOSS","M","M","$","?","?","E","R","M","T","?","M","?","M","?","R","BOSS","M","M","$","?","?","R","E","M","T","R","M","?","?","M","R","BOSS"],"build_version":"2019-01-23","purchased_purges":2,"victory":false,"max_hp_per_floor":[80,80,80,80,80,80,80,80,80,80,80,80,80,80,80,80,80,80,80,80,80,80,80,80,80,80,80,80,56,56,56,56,56,56,56,56,56,56,56,56,56,56,56,56,56,56,56,56,56,56],"card_choices":[{"not_picked":["Heavy Blade","Dual Wield"],"picked":"Pommel Strike","floor":1.0},{"not_picked":["Flame Barrier","Clash"],"picked":"True Grit","floor":2.0},{"not_picked":["True Grit","Warcry"],"picked":"Offering","floor":7.0},{"not_picked":["Bludgeon","Rampage"],"picked":"Demon Form","floor":8.0},{"not_picked":["Twin Strike","Armaments","Clash"],"picked":"SKIP","floor":10.0},{"not_picked":["Sword Boomerang","Pommel Strike"],"picked":"Anger","floor":14.0},{"not_picked":["Barricade","Offering"],"picked":"Impervious","floor":16.0},{"not_picked":["Sentinel+1","Searing Blow+1"],"picked":"Flex+1","floor":18},{"not_picked":["Intimidate","Fire Breathing+1"],"picked":"Battle Trance","floor":19},{"not_picked":["Havoc","Hemokinesis+1"],"picked":"Twin Strike+1","floor":23},{"not_picked":["Thunderclap+1","Sword Boomerang"],"picked":"Intimidate","floor":25},{"not_picked":["Clash","Burning Pact"],"picked":"Rage","floor":28},{"not_picked":["Clothesline","Body Slam+1"],"picked":"Anger","floor":28},{"not_picked":["Havoc","Anger"],"picked":"Pummel","floor":30},{"not_picked":["Anger","Second Wind"],"picked":"Battle Trance","floor":30},{"not_picked":["Brutality","Dark Embrace"],"picked":"Offering","floor":33},{"not_picked":["Armaments+1","Cleave+1"],"picked":"Inflame","floor":35},{"not_picked":["Clash","Twin Strike"],"picked":"Heavy Blade+1","floor":35},{"not_picked":["Rupture","Heavy Blade+1"],"picked":"Shrug It Off+1","floor":36},{"not_picked":["Body Slam+1","Dropkick+1"],"picked":"Inflame+1","floor":36},{"not_picked":["Headbutt","Pommel Strike+1"],"picked":"Impervious","floor":42},{"not_picked":["Clothesline+1","Fire Breathing+1"],"picked":"Flex+1","floor":42},{"not_picked":["Dropkick+1","Flex"],"picked":"Corruption","floor":45},{"not_picked":["Perfected Strike","Headbutt"],"picked":"Metallicize+1","floor":45},{"not_picked":["Havoc","Entrench+1"],"picked":"Pummel+1","floor":46},{"not_picked":["Uppercut","Evolve+1"],"picked":"Heavy Blade+1","floor":46},{"not_picked":["Thunderclap","Perfected Strike","Headbutt+1"],"picked":"SKIP","floor":48},{"not_picked":["Warcry","Reckless Charge","Clash+1"],"picked":"SKIP","floor":48}],"player_experience":75786,"relics_obtained":[{"floor":8.0,"key":"Sundial"},{"floor":9.0,"key":"Lantern"},{"floor":23,"key":"Happy Flower"},{"floor":26,"key":"Bottled Flame"},{"floor":31,"key":"Orichalcum"},{"floor":43,"key":"Magic Flower"}],"event_choices":[{"damage_healed":0.0,"max_hp_gain":0.0,"max_hp_loss":0.0,"gold_gain":0.0,"event_name":"The Cleric","player_choice":"Leave","floor":4.0,"gold_loss":0.0,"damage_taken":0.0},{"damage_healed":0.0,"max_hp_gain":0.0,"max_hp_loss":0.0,"gold_gain":0.0,"event_name":"Accursed Blacksmith","player_choice":"Rummage","floor":5.0,"gold_loss":0.0,"damage_taken":0.0,"relics_obtained":["WarpedTongs"],"cards_obtained":["Pain"]},{"cards_removed":["Strike_R"],"damage_healed":0.0,"max_hp_gain":0.0,"max_hp_loss":0.0,"gold_gain":0.0,"event_name":"Golden Wing","player_choice":"Card Removal","floor":11.0,"gold_loss":0.0,"damage_taken":7.0},{"damage_healed":0.0,"max_hp_gain":0.0,"max_hp_loss":0.0,"gold_gain":0.0,"event_name":"Scrap Ooze","player_choice":"Success","floor":13.0,"gold_loss":0.0,"damage_taken":3.0,"relics_obtained":["Vajra"]},{"damage_healed":0,"gold_gain":0,"player_choice":"Read","damage_taken":0,"max_hp_gain":0,"max_hp_loss":0,"event_name":"The Library","floor":21,"gold_loss":0,"cards_obtained":["Pummel"]},{"damage_healed":0,"gold_gain":0,"player_choice":"Fight","damage_taken":0,"max_hp_gain":0,"max_hp_loss":0,"event_name":"Colosseum","floor":22,"gold_loss":0},{"damage_healed":0,"gold_gain":0,"player_choice":"Fled From Nobs","damage_taken":0,"max_hp_gain":0,"max_hp_loss":0,"event_name":"Colosseum","floor":22,"gold_loss":0},{"damage_healed":0,"gold_gain":0,"player_choice":"Obtained Relic","damage_taken":0,"relics_obtained":["Prayer Wheel"],"max_hp_gain":0,"max_hp_loss":0,"event_name":"Addict","floor":27,"gold_loss":85},{"damage_healed":0,"gold_gain":0,"player_choice":"Became a vampire","damage_taken":0,"max_hp_gain":0,"max_hp_loss":24,"event_name":"Vampires","floor":29,"gold_loss":0,"cards_obtained":["Bite","Bite","Bite","Bite","Bite"]},{"damage_healed":0,"gold_gain":0,"player_choice":"Embrace Madness","damage_taken":7,"max_hp_gain":0,"max_hp_loss":0,"event_name":"Winding Halls","floor":38,"gold_loss":0,"cards_obtained":["Madness","Madness"]},{"damage_healed":0,"gold_gain":0,"cards_transformed":["Defend_R"],"player_choice":"Transformed","damage_taken":0,"max_hp_gain":0,"max_hp_loss":0,"event_name":"Transmorgrifier","floor":39,"gold_loss":0,"cards_obtained":["Combust"]},{"cards_removed":["Battle Trance"],"damage_healed":0,"gold_gain":0,"player_choice":"Removed Skill","damage_taken":0,"max_hp_gain":0,"max_hp_loss":0,"event_name":"Falling","floor":47,"gold_loss":0}],"is_beta":false,"boss_relics":[{"not_picked":["Runic Cube","Runic Pyramid"],"picked":"Black Blood"},{"not_picked":["Empty Cage","Runic Dome"],"picked":"Philosopher\u0027s Stone"}],"items_purged_floors":[20,37],"is_endless":false,"potions_floor_spawned":[7,14,22,23,28,30,41,42,48],"killed_by":"Time Eater","ascension_level":1}