{"gold_per_floor":[112,112,63,74,48,64,64,122,122,47,72,72,90,116,116,116],"floor_reached":16,"playtime":988,"items_purged":["Strike_G"],"score":98,"play_id":"3bb21bdd-3886-4da9-b923-120c55d43efa","local_time":"20190127002059","is_ascension_mode":false,"campfire_choices":[{"data":"Dodge and Roll","floor":15,"key":"SMITH"}],"neow_cost":"NONE","seed_source_timestamp":545588886726707,"circlet_count":0,"master_deck":["Defend_G","Defend_G","Defend_G","Defend_G","Defend_G","Strike_G","Strike_G","Strike_G","Survivor","Neutralize","Underhanded Strike","Flying Knee","Dodge and Roll+1","Dagger Throw","Flying Knee"],"relics":["Ring of the Snake","Tough Bandages","Gremlin Horn","Dream Catcher","Odd Mushroom"],"potions_floor_usage":[16,16,16],"damage_taken":[{"damage":0,"enemies":"Jaw Worm","floor":1,"turns":6},{"damage":0,"enemies":"Cultist","floor":4,"turns":4},{"damage":0,"enemies":"2 Louse","floor":6,"turns":2},{"damage":9,"enemies":"3 Sentries","floor":8,"turns":10},{"damage":12,"enemies":"3 Sentries","floor":11,"turns":9},{"damage":0,"enemies":"Looter","floor":13,"turns":4},{"damage":0,"enemies":"The Mushroom Lair","floor":14,"turns":6},{"damage":65,"enemies":"Hexaghost","floor":16,"turns":16}],"seed_played":"-6746695541810890026","potions_obtained":[{"floor":4,"key":"GhostInAJar"},{"floor":8,"key":"EssenceOfSteel"},{"floor":11,"key":"EssenceOfSteel"}],"is_trial":false,"path_per_floor":["M","?","$","M","$","M","?","?","T","$","E","$","M","?","R","B"],"character_chosen":"THE_SILENT","items_purchased":["Flying Knee","Dodge and Roll"],"campfire_rested":0,"item_purchase_floors":[3,5],"current_hp_per_floor":[77,77,77,77,77,77,82,73,73,73,61,61,61,61,61,0],"gold":116,"neow_bonus":"TEN_PERCENT_HP_BONUS","is_prod":false,"is_daily":false,"chose_seed":false,"campfire_upgraded":1,"win_rate":0.0,"timestamp":1548570059,"path_taken":["M","?","$","?","$","M","?","?","T","?","E","$","?","?","R","BOSS"],"build_version":"2019-01-23","purchased_purges":1,"victory":false,"max_hp_per_floor":[77,77,77,77,77,77,82,82,82,82,82,82,82,82,82,82],"card_choices":[{"not_picked":["Blade Dance","PiercingWail"],"picked":"Underhanded Strike","floor":1},{"not_picked":["PiercingWail","Blade Dance","Bane"],"picked":"SKIP","floor":4},{"not_picked":["Glass Knife","Quick Slash"],"picked":"Dagger Throw","floor":6},{"not_picked":["Terror","Endless Agony"],"picked":"Flying Knee","floor":11},{"not_picked":["Leg Sweep","Cloak And Dagger","Phantasmal Killer"],"picked":"SKIP","floor":13}],"player_experience":194675,"relics_obtained":[{"floor":8,"key":"Tough Bandages"},{"floor":9,"key":"Gremlin Horn"},{"floor":11,"key":"Dream Catcher"},{"floor":14,"key":"Odd Mushroom"}],"event_choices":[{"cards_removed":["Strike_G"],"damage_healed":0,"gold_gain":0,"player_choice":"Offered Basic","damage_taken":0,"max_hp_gain":0,"max_hp_loss":0,"event_name":"Bonfire Elementals","floor":2,"gold_loss":0},{"damage_healed":0,"gold_gain":0,"player_choice":"Donut","damage_taken":0,"max_hp_gain":5,"max_hp_loss":0,"event_name":"Big Fish","floor":7,"gold_loss":0},{"damage_healed":0,"gold_gain":0,"player_choice":"Searched \u00272\u0027 times","damage_taken":0,"max_hp_gain":0,"max_hp_loss":0,"event_name":"Dead Adventurer","floor":8,"gold_loss":0},{"damage_healed":0,"gold_gain":0,"player_choice":"Fought Mushrooms","damage_taken":0,"max_hp_gain":0,"max_hp_loss":0,"event_name":"Mushrooms","floor":14,"gold_loss":0}],"is_beta":false,"boss_relics":[],"items_purged_floors":[10],"is_endless":false,"potions_floor_spawned":[4,8,11,14],"killed_by":"Hexaghost","ascension_level":0}