{"gold_per_floor":[111,126,143,155,175,204,204,304,304,317,337,370,370,398,398,494,494,512,522,61,73,85,85,115,115,115,134,134,149,180,206,218,335,347,377,11,0,0,15,34,68,68,68,102,102,119,119,130,130,130],"floor_reached":51,"playtime":3302,"items_purged":["Strike_B"],"score":773,"play_id":"15b97079-6a9c-43c0-a014-bc0d98e24ca9","local_time":"20190123203654","is_ascension_mode":false,"campfire_choices":[{"floor":7,"key":"REST"},{"floor":13,"key":"REST"},{"data":"Defragment","floor":15,"key":"SMITH"},{"floor":23,"key":"REST"},{"data":"Electrodynamics","floor":25,"key":"SMITH"},{"floor":28,"key":"REST"},{"data":"Rainbow","floor":32,"key":"SMITH"},{"floor":42,"key":"REST"},{"data":"Mayhem","floor":47,"key":"SMITH"},{"floor":49,"key":"REST"}],"neow_cost":"NONE","seed_source_timestamp":429529223049941,"circlet_count":0,"master_deck":["Strike_B","Strike_B","Strike_B","Defend_B","Defend_B","Defend_B","Zap","Dualcast","Loop","Leap","Sweeping Beam","Sweeping Beam","Static Discharge","Ball Lightning","Melter","Conserve Battery","Defragment+1","Undo+1","Echo Form","Rebound+1","Conserve Battery+1","Thunder Strike","Reprogram+1","Reinforced Body","Electrodynamics+1","Multi-Cast","Tempest+1","Leap+1","Rainbow+1","Doom and Gloom+1","Creative AI","Storm+1","Mayhem+1","Loop","Capacitor+1","Capacitor+1","Barrage+1","Force Field"],"relics":["Cracked Core","Art of War","Question Card","Thread and Needle","Ornamental Fan","Nuclear Battery","War Paint","Bird Faced Urn","Torii","MawBank","Sozu","PreservedInsect","Red Mask","Ancient Tea Set","Darkstone Periapt","Incense Burner"],"potions_floor_usage":[12,14,16,22,24,30,33,33],"damage_taken":[{"damage":5,"enemies":"2 Louse","floor":1,"turns":3},{"damage":1,"enemies":"Cultist","floor":2,"turns":3},{"damage":8,"enemies":"Jaw Worm","floor":3,"turns":4},{"damage":1,"enemies":"2 Fungi Beasts","floor":4,"turns":3},{"damage":3,"enemies":"Gremlin Gang","floor":5,"turns":4},{"damage":22,"enemies":"3 Sentries","floor":6,"turns":6},{"damage":1,"enemies":"Looter","floor":10,"turns":3},{"damage":8,"enemies":"Exordium Wildlife","floor":11,"turns":4},{"damage":15,"enemies":"Gremlin Nob","floor":12,"turns":4},{"damage":14,"enemies":"Lagavulin","floor":14,"turns":5},{"damage":22,"enemies":"Slime Boss","floor":16,"turns":5},{"damage":1,"enemies":"Shell Parasite","floor":18,"turns":6},{"damage":16,"enemies":"Spheric Guardian","floor":19,"turns":4},{"damage":0,"enemies":"Shelled Parasite and Fungi","floor":21,"turns":6},{"damage":19,"enemies":"Cultist and Chosen","floor":22,"turns":5},{"damage":20,"enemies":"Book of Stabbing","floor":24,"turns":5},{"damage":7,"enemies":"Snecko","floor":27,"turns":4},{"damage":2,"enemies":"Chosen and Byrds","floor":29,"turns":3},{"damage":22,"enemies":"Slavers","floor":30,"turns":3},{"damage":3,"enemies":"Cultist and Chosen","floor":31,"turns":5},{"damage":33,"enemies":"Collector","floor":33,"turns":8},{"damage":8,"enemies":"3 Shapes","floor":35,"turns":5},{"damage":22,"enemies":"3 Darklings","floor":39,"turns":4},{"damage":3,"enemies":"Sphere and 2 Shapes","floor":40,"turns":4},{"damage":33,"enemies":"Reptomancer","floor":41,"turns":5},{"damage":22,"enemies":"Giant Head","floor":44,"turns":6},{"damage":2,"enemies":"Jaw Worm Horde","floor":46,"turns":4},{"damage":28,"enemies":"Writhing Mass","floor":48,"turns":4},{"damage":67,"enemies":"Donu and Deca","floor":50,"turns":7}],"seed_played":"-1547670760962191129","potions_obtained":[{"floor":2,"key":"SpeedPotion"},{"floor":3,"key":"EssenceOfSteel"},{"floor":10,"key":"FocusPotion"},{"floor":11,"key":"Weak Potion"},{"floor":19,"key":"PowerPotion"},{"floor":21,"key":"Ancient Potion"},{"floor":22,"key":"FocusPotion"},{"floor":27,"key":"FocusPotion"},{"floor":30,"key":"LiquidBronze"}],"is_trial":false,"path_per_floor":["M","M","M","M","M","E","R","?","T","M","M","E","R","E","R","B",null,"M","M","$","M","M","R","E","R","T","M","R","M","E","M","R","B",null,"M","$","?","?","M","M","E","R","T","E","?","M","R","M","R","B",null],"character_chosen":"DEFECT","items_purchased":["Thunder Strike","Reprogram","War Paint","PreservedInsect","Mayhem","Loop"],"campfire_rested":6,"item_purchase_floors":[20,20,20,36,36,36],"current_hp_per_floor":[77,76,68,67,64,42,66,66,66,65,57,42,66,52,52,30,82,81,65,65,65,46,70,50,50,50,49,73,73,57,64,64,47,82,82,82,82,82,64,71,50,74,74,72,72,82,82,54,78,26],"gold":130,"neow_bonus":"TEN_PERCENT_HP_BONUS","is_prod":false,"is_daily":false,"chose_seed":false,"campfire_upgraded":4,"win_rate":0.0,"timestamp":1548304614,"path_taken":["M","M","M","M","M","E","R","?","T","?","M","E","R","E","R","BOSS","M","M","$","M","M","R","E","R","T","M","R","M","E","M","R","BOSS","M","?","?","?","?","M","E","R","T","E","?","M","R","M","R","BOSS"],"build_version":"2019-01-23","purchased_purges":1,"victory":true,"max_hp_per_floor":[82,82,82,82,82,82,82,82,82,82,82,82,82,82,82,82,82,82,82,82,82,82,82,82,82,82,82,82,82,82,82,82,82,82,82,82,82,82,82,82,82,82,82,82,82,82,82,82,82,82],"card_choices":[{"not_picked":["Ball Lightning","Glacier"],"picked":"Loop","floor":1},{"not_picked":["Heatsinks","Streamline"],"picked":"Leap","floor":2},{"not_picked":["Turbo","Heatsinks"],"picked":"Sweeping Beam","floor":3},{"not_picked":["Turbo","Double Energy"],"picked":"Sweeping Beam","floor":4},{"not_picked":["Turbo","Fission"],"picked":"Static Discharge","floor":5},{"not_picked":["Heatsinks","Rip and Tear"],"picked":"Ball Lightning","floor":6},{"not_picked":["Ball Lightning","Streamline","Rebound"],"picked":"Melter","floor":10},{"not_picked":["Go for the Eyes","Chill","Double Energy"],"picked":"Conserve Battery","floor":11},{"not_picked":["Redo","Stack","Coolheaded"],"picked":"Defragment","floor":12},{"not_picked":["Stack","Hello World","Scrape"],"picked":"Undo","floor":14},{"not_picked":["Buffer","Biased Cognition","All For One"],"picked":"Echo Form","floor":16},{"not_picked":["Chill","Scrape","Force Field+1"],"picked":"Rebound+1","floor":18},{"not_picked":["Hello World+1","Steam Power+1","FTL+1"],"picked":"Conserve Battery+1","floor":19},{"not_picked":["Sunder","White Noise+1","Hologram"],"picked":"Reinforced Body","floor":21},{"not_picked":["Defragment","Leap","Go for the Eyes"],"picked":"Electrodynamics","floor":22},{"not_picked":["Reprogram","Conserve Battery","Stack"],"picked":"Multi-Cast","floor":24},{"not_picked":["Chill","Force Field","Double Energy"],"picked":"Tempest+1","floor":27},{"not_picked":["Defragment","Darkness","Lockon+1"],"picked":"Leap+1","floor":29},{"not_picked":["Stack","Sweeping Beam","Coolheaded+1"],"picked":"Rainbow","floor":30},{"not_picked":["Go for the Eyes","Sunder","Conserve Battery"],"picked":"Doom and Gloom+1","floor":31},{"not_picked":["All For One","Buffer","Electrodynamics"],"picked":"Creative AI","floor":33},{"not_picked":["Scrape+1","Leap","Redo+1"],"picked":"Storm+1","floor":35},{"not_picked":["Defragment","Cold Snap+1","Lockon","Compile Driver"],"picked":"SKIP","floor":39},{"not_picked":["Double Energy+1","Cold Snap+1","Rainbow"],"picked":"Capacitor+1","floor":40},{"not_picked":["Lockon+1","Stack+1","Doom and Gloom"],"picked":"Capacitor+1","floor":41},{"not_picked":["Force Field","Cold Snap+1","Lockon","Turbo"],"picked":"SKIP","floor":44},{"not_picked":["Darkness","Go for the Eyes","Storm"],"picked":"Barrage+1","floor":46},{"not_picked":["Redo","Gash","Auto Shields"],"picked":"Force Field","floor":48}],"player_experience":132401,"relics_obtained":[{"floor":6,"key":"Art of War"},{"floor":9,"key":"Question Card"},{"floor":12,"key":"Thread and Needle"},{"floor":14,"key":"Ornamental Fan"},{"floor":24,"key":"Bird Faced Urn"},{"floor":26,"key":"Torii"},{"floor":30,"key":"MawBank"},{"floor":41,"key":"Ancient Tea Set"},{"floor":43,"key":"Darkstone Periapt"},{"floor":44,"key":"Incense Burner"}],"event_choices":[{"damage_healed":0,"gold_gain":100,"player_choice":"Gold","damage_taken":0,"max_hp_gain":0,"max_hp_loss":0,"event_name":"Wheel of Change","floor":8,"gold_loss":0},{"damage_healed":0,"gold_gain":0,"player_choice":"Paid","damage_taken":0,"relics_obtained":["Red Mask"],"max_hp_gain":0,"max_hp_loss":0,"event_name":"Tomb of Lord Red Mask","floor":37,"gold_loss":11},{"damage_healed":0,"gold_gain":0,"player_choice":"Got Potions","damage_taken":0,"max_hp_gain":0,"max_hp_loss":0,"event_name":"Lab","floor":38,"gold_loss":0},{"cards_removed":["Defend_B"],"damage_healed":0,"gold_gain":0,"player_choice":"Removed Skill","damage_taken":0,"max_hp_gain":0,"max_hp_loss":0,"event_name":"Falling","floor":45,"gold_loss":0}],"is_beta":false,"boss_relics":[{"not_picked":["Philosopher\u0027s Stone","Black Star"],"picked":"Nuclear Battery"},{"not_picked":["Lizard Tail","Tiny House"],"picked":"Sozu"}],"items_purged_floors":[20],"is_endless":false,"potions_floor_spawned":[2,3,10,11,19,21,22,27,30,40,41,46],"ascension_level":0}