{"gold_per_floor":[117,5,80,90,40,40,72,72,98,98,114,14,32,32,32,129,129,146,21,21,21,50,75,75,86,110,126,146,246,96,131,131,233,233,248,93,93,93,193,193,239,251,309,336,32,47,269,282,282,282],"floor_reached":50,"playtime":2088,"items_purged":["Strike_R","Defend_R","Combust+1","Defend_R","Armaments+1"],"score":604,"play_id":"bb44f8fe-48f7-4bc7-94aa-4f78019e3949","local_time":"20190201180019","is_ascension_mode":false,"campfire_choices":[{"data":"Whirlwind","floor":6,"key":"SMITH"},{"data":"Bash","floor":8,"key":"SMITH"},{"data":"Defend_R","floor":15,"key":"SMITH"},{"floor":32,"key":"REST"},{"floor":40,"key":"DIG"},{"floor":42,"key":"REST"},{"floor":49,"key":"DIG"}],"neow_cost":"NONE","seed_source_timestamp":247926641105210,"circlet_count":0,"master_deck":["Defend_R+1","Bash+1","Whirlwind+1","Infernal Blade+1","Transmutation"],"relics":["Burning Blood","NeowsBlessing","Ornamental Fan","Lantern","Astrolabe","Red Mask","Orichalcum","Blood Vial","Champion Belt","Shuriken","Sundial","Lizard Tail","Bronze Scales","Shovel","MawBank","The Courier","Bag of Marbles","Strawberry","Dead Branch"],"potions_floor_usage":[28,29,31,33,39,50,50,50,50,50,50],"damage_taken":[{"damage":0,"enemies":"Small Slimes","floor":1,"turns":1},{"damage":0,"enemies":"Jaw Worm","floor":4,"turns":1},{"damage":0,"enemies":"Lagavulin","floor":7,"turns":1},{"damage":0,"enemies":"2 Louse","floor":11,"turns":2},{"damage":19,"enemies":"Large Slime","floor":13,"turns":4},{"damage":43,"enemies":"Slime Boss","floor":16,"turns":10},{"damage":0,"enemies":"3 Byrds","floor":18,"turns":2},{"damage":20,"enemies":"Masked Bandits","floor":22,"turns":3},{"damage":0,"enemies":"Gremlin Leader","floor":23,"turns":6},{"damage":3,"enemies":"2 Thieves","floor":25,"turns":2},{"damage":3,"enemies":"Snecko","floor":27,"turns":4},{"damage":12,"enemies":"Sentry and Sphere","floor":28,"turns":3},{"damage":6,"enemies":"Colosseum Slavers","floor":29,"turns":4},{"damage":1,"enemies":"Colosseum Nobs","floor":29,"turns":3},{"damage":30,"enemies":"Book of Stabbing","floor":31,"turns":6},{"damage":75,"enemies":"Champ","floor":33,"turns":11},{"damage":4,"enemies":"Orb Walker","floor":35,"turns":3},{"damage":42,"enemies":"Mind Bloom Boss Battle","floor":39,"turns":9},{"damage":86,"enemies":"Giant Head","floor":41,"turns":9},{"damage":2,"enemies":"3 Darklings","floor":44,"turns":2},{"damage":2,"enemies":"Transient","floor":46,"turns":5},{"damage":0,"enemies":"Sphere and 2 Shapes","floor":48,"turns":2},{"damage":95,"enemies":"Awakened One","floor":50,"turns":7}],"seed_played":"-9196414282405939005","potions_obtained":[{"floor":1,"key":"Regen Potion"},{"floor":7,"key":"Swift Potion"},{"floor":22,"key":"Strength Potion"},{"floor":27,"key":"Explosive Potion"},{"floor":28,"key":"LiquidBronze"},{"floor":35,"key":"Poison Potion"},{"floor":46,"key":"Explosive Potion"},{"floor":48,"key":"EntropicBrew"}],"is_trial":false,"path_per_floor":["M","$","?","M","?","R","E","R","T","?","M","$","M","?","R","B",null,"M","$","?","?","?","E","$","M","T","M","M","?","$","E","R","B",null,"M","$","?","?","?","R","E","R","T","M","$","M","?","M","R","B"],"character_chosen":"IRONCLAD","items_purchased":["Whirlwind","Bronze Scales","Strawberry","LiquidBronze"],"campfire_rested":2,"item_purchase_floors":[2,36,45,45],"current_hp_per_floor":[80,80,69,75,75,75,80,80,80,80,80,80,67,72,72,35,85,85,85,85,85,71,77,77,80,80,85,79,85,85,61,85,16,85,85,85,75,75,41,41,21,46,46,52,59,65,65,73,73,0],"gold":282,"neow_bonus":"THREE_ENEMY_KILL","is_prod":false,"is_daily":false,"chose_seed":false,"campfire_upgraded":3,"win_rate":0,"timestamp":1549056619,"path_taken":["M","$","?","M","?","R","E","R","T","?","M","$","M","?","R","BOSS","M","$","?","?","?","E","?","M","T","?","M","?","$","E","R","BOSS","M","$","?","?","?","R","E","R","T","?","$","M","?","M","R","BOSS"],"build_version":"2019-01-23","purchased_purges":5,"victory":false,"max_hp_per_floor":[80,80,80,80,80,80,80,80,80,80,80,80,80,85,85,85,85,85,85,85,85,85,85,85,85,85,85,85,85,85,85,85,85,85,85,85,85,85,85,85,85,85,85,85,92,92,92,92,92,92],"card_choices":[{"not_picked":["Pummel","Cleave","Feel No Pain"],"picked":"SKIP","floor":1},{"not_picked":["Inflame","Havoc","Pommel Strike"],"picked":"SKIP","floor":4},{"not_picked":["Corruption","Iron Wave","Armaments"],"picked":"SKIP","floor":7},{"not_picked":["Cleave","Spot Weakness","Body Slam"],"picked":"SKIP","floor":11},{"not_picked":["Shrug It Off","Twin Strike","True Grit"],"picked":"SKIP","floor":13},{"not_picked":["Sentinel","Whirlwind","Heavy Blade"],"picked":"SKIP","floor":18},{"not_picked":["Flex","Pommel Strike","Bloodletting"],"picked":"SKIP","floor":23},{"not_picked":["Twin Strike","Searing Blow","Clash"],"picked":"SKIP","floor":25},{"not_picked":["Flex","True Grit","Armaments+1"],"picked":"SKIP","floor":27},{"not_picked":["Seeing Red+1","Spot Weakness","Anger+1"],"picked":"SKIP","floor":28},{"not_picked":["Pommel Strike+1","Reckless Charge","Clothesline+1"],"picked":"SKIP","floor":31},{"not_picked":["Clothesline","Bloodletting","Heavy Blade+1"],"picked":"SKIP","floor":35},{"not_picked":["Flash of Steel","Sadistic Nature"],"picked":"Transmutation","floor":37},{"not_picked":["Limit Break","True Grit+1","Shrug It Off"],"picked":"SKIP","floor":41},{"not_picked":["Armaments","Warcry+1","Whirlwind"],"picked":"SKIP","floor":44},{"not_picked":["Wild Strike+1","Shrug It Off+1","Anger+1"],"picked":"SKIP","floor":46},{"not_picked":["Bloodletting","Evolve+1","Rage"],"picked":"SKIP","floor":48}],"player_experience":294779,"relics_obtained":[{"floor":7,"key":"Ornamental Fan"},{"floor":9,"key":"Lantern"},{"floor":22,"key":"Red Mask"},{"floor":23,"key":"Orichalcum"},{"floor":26,"key":"Blood Vial"},{"floor":29,"key":"Champion Belt"},{"floor":29,"key":"Shuriken"},{"floor":31,"key":"Sundial"},{"floor":39,"key":"Shovel"},{"floor":40,"key":"MawBank"},{"floor":41,"key":"The Courier"},{"floor":43,"key":"Bag of Marbles"},{"floor":49,"key":"Dead Branch"}],"event_choices":[{"damage_healed":0,"gold_gain":75,"player_choice":"Gather Gold","damage_taken":11,"max_hp_gain":0,"max_hp_loss":0,"event_name":"World of Goop","floor":3,"gold_loss":0},{"cards_removed":["Strike_R"],"damage_healed":0,"gold_gain":0,"player_choice":"Card Removal","damage_taken":0,"max_hp_gain":0,"max_hp_loss":0,"event_name":"The Cleric","floor":5,"gold_loss":50},{"damage_healed":0,"gold_gain":0,"player_choice":"Ignored","damage_taken":0,"max_hp_gain":0,"max_hp_loss":0,"event_name":"Liars Game","floor":10,"gold_loss":0},{"damage_healed":0,"gold_gain":0,"player_choice":"Donut","damage_taken":0,"max_hp_gain":5,"max_hp_loss":0,"event_name":"Big Fish","floor":14,"gold_loss":0},{"cards_removed":["Defend_R"],"damage_healed":0,"gold_gain":0,"player_choice":"Elegance","damage_taken":0,"max_hp_gain":0,"max_hp_loss":0,"event_name":"Back to Basics","floor":20,"gold_loss":0},{"damage_healed":28,"gold_gain":0,"player_choice":"Heal","damage_taken":0,"max_hp_gain":0,"max_hp_loss":0,"event_name":"The Library","floor":21,"gold_loss":0},{"damage_healed":0,"gold_gain":0,"player_choice":"Fought Bandits","damage_taken":0,"max_hp_gain":0,"max_hp_loss":0,"event_name":"Masked Bandits","floor":22,"gold_loss":0},{"damage_healed":0,"gold_gain":0,"player_choice":"Fight","damage_taken":0,"max_hp_gain":0,"max_hp_loss":0,"event_name":"Colosseum","floor":29,"gold_loss":0},{"damage_healed":0,"gold_gain":0,"player_choice":"Fought Nobs","damage_taken":0,"max_hp_gain":0,"max_hp_loss":0,"event_name":"Colosseum","floor":29,"gold_loss":0},{"damage_healed":0,"gold_gain":0,"player_choice":"Memory 3","damage_taken":10,"max_hp_gain":0,"max_hp_loss":0,"event_name":"SensoryStone","floor":37,"gold_loss":0},{"damage_healed":0,"gold_gain":0,"player_choice":"Ignored","damage_taken":0,"max_hp_gain":0,"max_hp_loss":0,"event_name":"Mysterious Sphere","floor":38,"gold_loss":0},{"damage_healed":0,"gold_gain":0,"player_choice":"Fight","damage_taken":0,"max_hp_gain":0,"max_hp_loss":0,"event_name":"MindBloom","floor":39,"gold_loss":0},{"damage_healed":0,"gold_gain":222,"player_choice":"Wore Mask","damage_taken":0,"max_hp_gain":0,"max_hp_loss":0,"event_name":"Tomb of Lord Red Mask","floor":47,"gold_loss":0}],"is_beta":false,"boss_relics":[{"not_picked":["Eternal Feather","Runic Pyramid"],"picked":"Astrolabe"},{"not_picked":["Pandora\u0027s Box","Calling Bell"],"picked":"Lizard Tail"}],"items_purged_floors":[2,12,19,30,45],"is_endless":false,"potions_floor_spawned":[1,7,22,27,28,35,46,48],"killed_by":"Awakened One","ascension_level":0}