{"gold_per_floor":[119,44,44,60,37,37,37,37,64,80,30,44,44,74,74,74],"floor_reached":16,"playtime":777,"items_purged":["Strike_G"],"score":113,"play_id":"e3e9fdda-721a-43da-bdd6-bd3fb633935e","local_time":"20180825234352","is_ascension_mode":true,"campfire_choices":[{"data":"Backflip","floor":6,"key":"SMITH"},{"data":"Prepared","floor":8,"key":"SMITH"},{"data":"Leg Sweep","floor":13,"key":"SMITH"},{"floor":15,"key":"REST"}],"neow_cost":"NONE","seed_source_timestamp":831884938288542,"circlet_count":0,"master_deck":["Defend_G","Defend_G","Defend_G","Defend_G","Strike_G","Strike_G","Strike_G","Survivor","Neutralize","Accuracy","Prepared+1","Backflip+1","Leg Sweep+1","Adrenaline"],"relics":["Ring of the Snake","Ancient Tea Set","Snake Skull","Oddly Smooth Stone"],"potions_floor_usage":[14,16],"damage_taken":[{"damage":3,"enemies":"Small Slimes","floor":1,"turns":6},{"damage":0,"enemies":"2 Louse","floor":4,"turns":5},{"damage":0,"enemies":"Jaw Worm","floor":10,"turns":8},{"damage":0,"enemies":"2 Fungi Beasts","floor":12,"turns":7},{"damage":35,"enemies":"Lagavulin","floor":14,"turns":14},{"damage":54,"enemies":"Hexaghost","floor":16,"turns":22}],"seed_played":"-777026772426984306","potions_obtained":[{"floor":1,"key":"Block Potion"},{"floor":10,"key":"GamblersBrew"}],"is_trial":false,"path_per_floor":["M","$","?","M","$","R","?","R","T","M","?","M","R","E","R"],"character_chosen":"THE_SILENT","items_purchased":["Backflip"],"campfire_rested":1,"item_purchase_floors":[5],"current_hp_per_floor":[67,67,67,67,67,67,67,67,67,67,67,67,67,32,53,0],"gold":74,"neow_bonus":"RANDOM_COMMON_RELIC","is_prod":false,"is_daily":false,"chose_seed":false,"campfire_upgraded":3,"win_rate":0,"timestamp":1535211832,"path_taken":["M","$","?","M","$","R","?","R","T","M","?","M","R","E","R","BOSS"],"build_version":"2018-08-23v2","purchased_purges":1,"victory":false,"max_hp_per_floor":[70,70,70,70,70,70,70,70,70,70,70,70,70,70,70,70],"card_choices":[{"not_picked":["Quick Slash","Poisoned Stab"],"picked":"Accuracy","floor":1},{"not_picked":["Sucker Punch","Acrobatics"],"picked":"Prepared","floor":4},{"not_picked":["Dagger Throw","Deflect"],"picked":"Leg Sweep","floor":10},{"not_picked":["Bouncing Flask","Leg Sweep"],"picked":"Adrenaline","floor":12},{"not_picked":["Choke","Prepared","Bouncing Flask"],"picked":"SKIP","floor":14}],"player_experience":282979,"relics_obtained":[{"floor":9,"key":"Snake Skull"},{"floor":14,"key":"Oddly Smooth Stone"}],"event_choices":[{"event_name":"Living Wall","player_choice":"Forget","floor":3,"damage_taken":0},{"event_name":"Liars Game","player_choice":"disagreed","floor":7,"damage_taken":0},{"event_name":"The Cleric","player_choice":"Card Removal","floor":11,"damage_taken":0}],"is_beta":false,"boss_relics":[],"items_purged_floors":[2],"is_endless":false,"potions_floor_spawned":[1,10],"killed_by":"Hexaghost","ascension_level":3}