{"gold_per_floor":[109,123,143,143,163,163,198,198,223,236,265,43,70,87,87,190,190,204,204,104,124,137,137,163,0,0,35,35,35,35,46,46,46],"floor_reached":33,"playtime":1486,"items_purged":["Strike_R","Defend_R"],"score":320,"play_id":"d819b017-24d5-4b37-8752-960c8a9207ec","local_time":"20190107203736","is_ascension_mode":true,"campfire_choices":[{"data":"Carnage","floor":6,"key":"SMITH"},{"data":"Bash","floor":8,"key":"SMITH"},{"floor":15,"key":"REST"},{"data":"Armaments","floor":23,"key":"SMITH"},{"floor":29,"key":"REST"},{"data":"RitualDagger","floor":32,"key":"SMITH"}],"neow_cost":"NONE","seed_source_timestamp":32200793030777,"circlet_count":0,"master_deck":["Strike_R","Strike_R","Strike_R","Defend_R","Defend_R+1","Defend_R+1","Bash+1","Carnage+1","Fire Breathing","Carnage","Iron Wave","Iron Wave","Armaments+1","Juggernaut","Disarm+1","Inflame+1","Cleave","Shockwave+1","RitualDagger+1","Shrug It Off+1"],"relics":["Burning Blood","Vajra","War Paint","Happy Flower","Bag of Marbles","Blood Vial","Gambling Chip","Runic Pyramid","Juzu Bracelet","Dodecahedron","Meat on the Bone"],"potions_floor_usage":[33,33],"damage_taken":[{"damage":2,"enemies":"2 Louse","floor":1,"turns":3},{"damage":0,"enemies":"Small Slimes","floor":2,"turns":4},{"damage":4,"enemies":"Cultist","floor":3,"turns":4},{"damage":0,"enemies":"Large Slime","floor":5,"turns":3},{"damage":26,"enemies":"Lagavulin","floor":7,"turns":8},{"damage":8,"enemies":"Lots of Slimes","floor":10,"turns":5},{"damage":15,"enemies":"Gremlin Nob","floor":11,"turns":4},{"damage":18,"enemies":"Lagavulin","floor":13,"turns":4},{"damage":2,"enemies":"Looter","floor":14,"turns":2},{"damage":63,"enemies":"Hexaghost","floor":16,"turns":11},{"damage":0,"enemies":"Chosen","floor":18,"turns":4},{"damage":4,"enemies":"Shell Parasite","floor":21,"turns":11},{"damage":10,"enemies":"Shelled Parasite and Fungi","floor":22,"turns":6},{"damage":1,"enemies":"Book of Stabbing","floor":24,"turns":7},{"damage":46,"enemies":"Slavers","floor":27,"turns":6},{"damage":10,"enemies":"Cultist and Chosen","floor":31,"turns":7},{"damage":78,"enemies":"Automaton","floor":33,"turns":12}],"seed_played":"2231655315716250550","potions_obtained":[{"floor":2,"key":"Weak Potion"},{"floor":5,"key":"SkillPotion"},{"floor":10,"key":"Dexterity Potion"},{"floor":13,"key":"Energy Potion"}],"is_trial":false,"path_per_floor":["M","M","M","?","M","R","E","R","T","M","E","$","E","M","R","B",null,"M","?","$","M","M","R","E","?","T","E","$","R","?","M","R","B"],"character_chosen":"IRONCLAD","items_purchased":["Blood Vial"],"campfire_rested":2,"item_purchase_floors":[12],"current_hp_per_floor":[80,80,80,85,85,85,65,65,65,63,54,54,44,50,75,20,85,85,85,85,85,81,81,85,85,85,45,45,70,64,62,62,0],"gold":46,"neow_bonus":"RANDOM_COMMON_RELIC","is_prod":false,"is_daily":false,"chose_seed":false,"campfire_upgraded":4,"win_rate":0,"timestamp":1546889856,"path_taken":["M","M","M","?","M","R","E","R","T","M","E","$","E","M","R","BOSS","M","?","$","M","M","R","E","?","T","E","$","R","?","M","R","BOSS"],"build_version":"2019-01-03v4","purchased_purges":2,"victory":false,"max_hp_per_floor":[80,80,80,85,85,85,85,85,85,85,85,85,85,85,85,85,85,85,85,85,85,85,85,85,85,85,85,85,85,85,85,85,85],"card_choices":[{"not_picked":["Cleave","Flex"],"picked":"Carnage","floor":1},{"not_picked":["Sentinel","Headbutt"],"picked":"Fire Breathing","floor":2},{"not_picked":["Wild Strike","Infernal Blade"],"picked":"Carnage","floor":3},{"not_picked":["Feel No Pain","Anger"],"picked":"Iron Wave","floor":5},{"not_picked":["Combust","Dark Embrace"],"picked":"Iron Wave","floor":7},{"not_picked":["Clash","Iron Wave","Fire Breathing"],"picked":"SKIP","floor":10},{"not_picked":["Wild Strike","Body Slam","Blood for Blood"],"picked":"SKIP","floor":11},{"not_picked":["Clash","Anger"],"picked":"Armaments","floor":13},{"not_picked":["True Grit","Anger","Perfected Strike"],"picked":"SKIP","floor":14},{"not_picked":["Berserk","Demon Form"],"picked":"Juggernaut","floor":16},{"not_picked":["Rupture+1","Twin Strike"],"picked":"Disarm+1","floor":18},{"not_picked":["Clothesline","Reckless Charge"],"picked":"Inflame+1","floor":21},{"not_picked":["Fire Breathing","Armaments"],"picked":"Cleave","floor":22},{"not_picked":["Iron Wave","Cleave+1"],"picked":"Shockwave+1","floor":24},{"not_picked":["Twin Strike","Power Through","Havoc+1"],"picked":"SKIP","floor":27},{"not_picked":["Second Wind","Feel No Pain"],"picked":"Shrug It Off+1","floor":31}],"player_experience":136767,"relics_obtained":[{"floor":7,"key":"War Paint"},{"floor":9,"key":"Happy Flower"},{"floor":11,"key":"Bag of Marbles"},{"floor":13,"key":"Gambling Chip"},{"floor":24,"key":"Juzu Bracelet"},{"floor":26,"key":"Dodecahedron"},{"floor":27,"key":"Meat on the Bone"}],"event_choices":[{"damage_healed":0,"gold_gain":0,"player_choice":"Donut","damage_taken":0,"max_hp_gain":5,"max_hp_loss":0,"event_name":"Big Fish","floor":4,"gold_loss":0},{"cards_removed":["Strike_R"],"damage_healed":0,"gold_gain":0,"player_choice":"Purged","damage_taken":0,"max_hp_gain":0,"max_hp_loss":0,"event_name":"Purifier","floor":19,"gold_loss":0},{"damage_healed":0,"gold_gain":0,"player_choice":"Paid Fearfully","damage_taken":0,"max_hp_gain":0,"max_hp_loss":0,"event_name":"Masked Bandits","floor":25,"gold_loss":163},{"damage_healed":0,"gold_gain":0,"player_choice":"Joined the Cult","damage_taken":6,"max_hp_gain":0,"max_hp_loss":0,"event_name":"Nest","floor":30,"gold_loss":0,"cards_obtained":["RitualDagger"]}],"is_beta":false,"boss_relics":[{"not_picked":["Runic Dome","Astrolabe"],"picked":"Runic Pyramid"}],"items_purged_floors":[12,20],"is_endless":false,"potions_floor_spawned":[2,5,10,13,14,21,24,31],"killed_by":"Automaton","ascension_level":1}