{"gold_per_floor":[217,236,236,236,249,277,277,65,65,76,22,54,54,72,72,177,177,192,192,204,215,215,250,250],"floor_reached":24,"playtime":2184,"items_purged":[],"score":226,"play_id":"a833eada-6b4b-40b0-887b-ac6b4bf42f6b","local_time":"20180625010821","is_ascension_mode":false,"campfire_choices":[{"data":"Armaments","floor":7,"key":"SMITH"},{"floor":13,"key":"DIG"},{"data":"Armaments","floor":15,"key":"SMITH"}],"neow_cost":"NONE","seed_source_timestamp":470638374524143,"circlet_count":0,"master_deck":["Strike_R","Strike_R","Strike_R","Strike_R","Strike_R","Defend_R","Defend_R","Defend_R","Defend_R","Armaments+1","Armaments+1","Dark Shackles","Headbutt","Inflame","Iron Wave","Shrug It Off","Iron Wave","Double Tap","Clash+1","Combust","Sword Boomerang","Ghostly Armor"],"relics":["Burning Blood","Centennial Puzzle","Omamori","Dream Catcher","Shovel","Mango","Velvet Choker","Ginger"],"potions_floor_usage":[16,16],"damage_taken":[{"damage":5,"enemies":"Small Slimes","floor":1,"turns":4},{"damage":1,"enemies":"Cultist","floor":2,"turns":3},{"damage":7,"enemies":"Jaw Worm","floor":5,"turns":7},{"damage":28,"enemies":"3 Sentries","floor":6,"turns":12},{"damage":3,"enemies":"Red Slaver","floor":10,"turns":3},{"damage":11,"enemies":"Gremlin Nob","floor":12,"turns":4},{"damage":5,"enemies":"3 Louse","floor":14,"turns":4},{"damage":67,"enemies":"Slime Boss","floor":16,"turns":21},{"damage":11,"enemies":"Spheric Guardian","floor":18,"turns":4},{"damage":20,"enemies":"2 Thieves","floor":20,"turns":4},{"damage":21,"enemies":"Centurion and Healer","floor":21,"turns":8},{"damage":51,"enemies":"Gremlin Leader","floor":23,"turns":6},{"damage":38,"enemies":"Cultist and Chosen","floor":24,"turns":6}],"seed_played":"-4142718255283441181","potions_obtained":[{"floor":1,"key":"Block Potion"},{"floor":5,"key":"EssenceOfSteel"},{"floor":18,"key":"Energy Potion"},{"floor":20,"key":"SpeedPotion"}],"is_trial":false,"path_per_floor":["M","M","?","?","M","E","R","$","T","M","$","E","R","M","R","B",null,"M","$","M","M","?","E"],"character_chosen":"IRONCLAD","items_purchased":["Inflame","Omamori","Shrug It Off"],"campfire_rested":0,"item_purchase_floors":[8,8,11],"current_hp_per_floor":[80,80,80,80,79,57,57,57,57,60,60,55,69,70,70,9,94,89,89,75,60,60,15,0],"gold":250,"neow_bonus":"HUNDRED_GOLD","is_prod":false,"is_daily":false,"chose_seed":false,"campfire_upgraded":2,"win_rate":0,"timestamp":1529881701,"path_taken":["M","M","?","?","M","E","R","?","T","?","$","E","R","M","R","BOSS","M","$","M","M","?","E","?"],"build_version":"2018-06-21v2","purchased_purges":0,"victory":false,"max_hp_per_floor":[80,80,80,80,80,80,80,80,80,80,80,80,94,94,94,94,94,94,94,94,94,94,94,94],"card_choices":[{"not_picked":["Whirlwind","Seeing Red"],"picked":"Armaments","floor":1},{"not_picked":["Wild Strike","Feel No Pain"],"picked":"Armaments","floor":2},{"not_picked":["Anger","Searing Blow"],"picked":"Headbutt","floor":5},{"not_picked":["Evolve","Power Through","Body Slam"],"picked":"SKIP","floor":6},{"not_picked":["Clothesline","Power Through"],"picked":"Iron Wave","floor":10},{"not_picked":["Body Slam","Havoc","Intimidate"],"picked":"SKIP","floor":12},{"not_picked":["Seeing Red","Dropkick"],"picked":"Iron Wave","floor":14},{"not_picked":["Feed","Impervious"],"picked":"Double Tap","floor":16},{"not_picked":["Dual Wield+1","Dropkick"],"picked":"Clash+1","floor":18},{"not_picked":["Body Slam","Sword Boomerang+1"],"picked":"Combust","floor":20},{"not_picked":["Pommel Strike","Intimidate"],"picked":"Sword Boomerang","floor":21},{"not_picked":["Warcry","Wild Strike"],"picked":"Ghostly Armor","floor":23}],"player_experience":54639,"relics_obtained":[{"floor":6,"key":"Centennial Puzzle"},{"floor":9,"key":"Dream Catcher"},{"floor":12,"key":"Shovel"},{"floor":13,"key":"Mango"},{"floor":23,"key":"Ginger"}],"event_choices":[{"event_name":"Wheel of Change","player_choice":"Card Removal","floor":3,"damage_taken":0},{"event_name":"Match and Keep!","player_choice":"1 cards matched","floor":4,"damage_taken":0},{"event_name":"Forgotten Altar","player_choice":"Smashed Altar","floor":22,"damage_taken":0}],"boss_relics":[{"not_picked":["Cursed Key","Coffee Dripper"],"picked":"Velvet Choker"}],"items_purged_floors":[],"is_endless":false,"potions_floor_spawned":[1,5,18,20],"killed_by":"Cultist and Chosen","ascension_level":0}