{"gold_per_floor":[118,118,118,118,193,225,225,253,253,270,295,245,145,159,159,159],"floor_reached":16,"playtime":555,"items_purged":["Strike_R"],"score":249,"play_id":"550b8bf0-c42a-4acb-a034-0652f5351e9f","local_time":"20190130170934","is_ascension_mode":true,"campfire_choices":[{"data":"Body Slam","floor":15,"key":"SMITH"}],"neow_cost":"NONE","seed_source_timestamp":506529860348100,"circlet_count":0,"master_deck":["AscendersBane","Strike_R","Strike_R","Strike_R+1","Defend_R","Defend_R","Defend_R","Defend_R","Bash+1","Sword Boomerang+1","Offering","Shrug It Off","Whirlwind","Feel No Pain","Shrug It Off","Body Slam+1"],"relics":["Burning Blood","NeowsBlessing","Gremlin Horn","Pantograph","Boot"],"potions_floor_usage":[],"damage_taken":[{"damage":0,"enemies":"Jaw Worm","floor":1,"turns":1},{"damage":0,"enemies":"Lagavulin","floor":6,"turns":2},{"damage":0,"enemies":"Gremlin Nob","floor":8,"turns":1},{"damage":6,"enemies":"Cultist","floor":10,"turns":3},{"damage":41,"enemies":"Lagavulin","floor":11,"turns":6},{"damage":0,"enemies":"2 Louse","floor":14,"turns":3},{"damage":65,"enemies":"Hexaghost","floor":16,"turns":10}],"seed_played":"7790123409766686174","potions_obtained":[{"floor":6,"key":"Energy Potion"},{"floor":11,"key":"Energy Potion"}],"is_trial":false,"path_per_floor":["M","?","$","$","?","E","?","E","T","M","E","?","$","M","R","B"],"character_chosen":"IRONCLAD","items_purchased":["Shrug It Off"],"campfire_rested":0,"item_purchase_floors":[13],"current_hp_per_floor":[78,78,78,78,67,73,57,63,63,63,28,28,28,34,34,0],"gold":159,"neow_bonus":"THREE_ENEMY_KILL","is_prod":false,"is_daily":false,"chose_seed":false,"campfire_upgraded":1,"win_rate":0,"timestamp":1548868174,"path_taken":["M","?","?","$","?","E","?","E","T","M","E","?","?","?","R","BOSS"],"build_version":"2019-01-23","purchased_purges":1,"victory":false,"max_hp_per_floor":[80,80,80,80,80,80,80,80,80,80,80,80,80,80,80,80],"card_choices":[{"not_picked":["Carnage","Armaments"],"picked":"Sword Boomerang","floor":1},{"not_picked":["Dropkick","Thunderclap"],"picked":"Offering","floor":6},{"not_picked":["Second Wind","Havoc"],"picked":"Shrug It Off","floor":8},{"not_picked":["Thunderclap","Disarm"],"picked":"Whirlwind","floor":10},{"not_picked":["Twin Strike","Thunderclap"],"picked":"Feel No Pain","floor":11},{"not_picked":["Warcry","Havoc"],"picked":"Body Slam","floor":14}],"player_experience":184072,"relics_obtained":[{"floor":6,"key":"Gremlin Horn"},{"floor":8,"key":"Pantograph"},{"floor":11,"key":"Boot"}],"event_choices":[{"damage_healed":0,"gold_gain":0,"player_choice":"Upgraded","damage_taken":0,"max_hp_gain":0,"max_hp_loss":0,"event_name":"Upgrade Shrine","floor":2,"gold_loss":0,"cards_upgraded":["Bash"]},{"damage_healed":0,"gold_gain":75,"player_choice":"Gather Gold","damage_taken":11,"max_hp_gain":0,"max_hp_loss":0,"event_name":"World of Goop","floor":5,"gold_loss":0},{"damage_healed":0,"gold_gain":0,"player_choice":"Entered Light","damage_taken":16,"max_hp_gain":0,"max_hp_loss":0,"event_name":"Shining Light","floor":7,"gold_loss":0,"cards_upgraded":["Strike_R","Sword Boomerang"]},{"cards_removed":["Strike_R"],"damage_healed":0,"gold_gain":0,"player_choice":"Card Removal","damage_taken":0,"max_hp_gain":0,"max_hp_loss":0,"event_name":"The Cleric","floor":12,"gold_loss":50}],"is_beta":false,"boss_relics":[],"items_purged_floors":[13],"is_endless":false,"potions_floor_spawned":[6,11],"killed_by":"Hexaghost","ascension_level":10}