{"gold_per_floor":[117,67,78,78,92,110,110,130,130,55,55,55,74,74,74,173,173,184,84,102,102,102,118,145,176,188,200,238,267,310,197,197,294,294,312,312,13,30,30,30,30,30,30,30,0,11,11,24,24,24],"floor_reached":50,"playtime":1327,"items_purged":["Strike_R","Strike_R","Defend_R","Pummel"],"score":515,"play_id":"d3150611-4d5e-4c64-ae13-9c989a1eb6ab","local_time":"20190130223401","is_ascension_mode":false,"campfire_choices":[{"data":"Juggernaut","floor":7,"key":"SMITH"},{"data":"Defend_R","floor":11,"key":"SMITH"},{"data":"Body Slam","floor":15,"key":"SMITH"},{"floor":27,"key":"REST"},{"data":"Defend_R","floor":32,"key":"SMITH"},{"floor":40,"key":"RECALL"},{"floor":42,"key":"REST"},{"floor":49,"key":"REST"}],"neow_cost":"NONE","seed_source_timestamp":92309058766315,"circlet_count":0,"master_deck":["Juggernaut+1","Body Slam+1","Immolate+1","Evolve+1","Shockwave+1"],"relics":["Burning Blood","Orichalcum","Black Star","MawBank","Mummified Hand","Dodecahedron","Bag of Preparation","Toxic Egg 2","Darkstone Periapt","Sundial","Pandora\u0027s Box","Juzu Bracelet","Mercury Hourglass","Red Mask"],"potions_floor_usage":[20,24,33,46,50],"damage_taken":[{"damage":1,"enemies":"2 Louse","floor":1,"turns":3},{"damage":6,"enemies":"Cultist","floor":3,"turns":3},{"damage":12,"enemies":"Small Slimes","floor":5,"turns":5},{"damage":5,"enemies":"Looter","floor":6,"turns":5},{"damage":13,"enemies":"Red Slaver","floor":8,"turns":4},{"damage":5,"enemies":"2 Fungi Beasts","floor":13,"turns":4},{"damage":15,"enemies":"The Guardian","floor":16,"turns":9},{"damage":3,"enemies":"Chosen","floor":18,"turns":5},{"damage":4,"enemies":"3 Byrds","floor":20,"turns":4},{"damage":26,"enemies":"Shelled Parasite and Fungi","floor":23,"turns":6},{"damage":34,"enemies":"Slavers","floor":24,"turns":3},{"damage":4,"enemies":"Centurion and Healer","floor":25,"turns":3},{"damage":9,"enemies":"Book of Stabbing","floor":28,"turns":5},{"damage":5,"enemies":"Cultist and Chosen","floor":29,"turns":3},{"damage":0,"enemies":"Gremlin Leader","floor":30,"turns":4},{"damage":29,"enemies":"Collector","floor":33,"turns":7},{"damage":5,"enemies":"Orb Walker","floor":35,"turns":2},{"damage":0,"enemies":"3 Darklings","floor":38,"turns":2},{"damage":1,"enemies":"Jaw Worm Horde","floor":46,"turns":2},{"damage":17,"enemies":"Sphere and 2 Shapes","floor":48,"turns":3},{"damage":77,"enemies":"Time Eater","floor":50,"turns":6}],"seed_played":"-1735386932606166621","potions_obtained":[{"floor":13,"key":"SteroidPotion"},{"floor":16,"key":"Dexterity Potion"},{"floor":18,"key":"SpeedPotion"},{"floor":20,"key":"Poison Potion"},{"floor":25,"key":"AttackPotion"},{"floor":48,"key":"SkillPotion"}],"is_trial":false,"path_per_floor":["M","?","M","?","M","M","R","M","T","$","R","$","M","?","R","B",null,"M","$","M","$","?","M","E","M","T","R","E","M","E","$","R","B",null,"M","?","$","M","?","R","?","R","T","?","?","M","$","M","R","B"],"character_chosen":"IRONCLAD","items_purchased":["Juzu Bracelet"],"campfire_rested":3,"item_purchase_floors":[37],"current_hp_per_floor":[80,80,80,80,74,75,75,68,68,68,68,68,69,69,69,60,80,80,80,80,80,80,60,32,34,34,58,55,56,62,62,62,39,80,80,80,80,80,80,80,80,80,80,76,76,76,76,65,76,0],"gold":24,"neow_bonus":"REMOVE_CARD","is_prod":false,"is_daily":false,"chose_seed":false,"campfire_upgraded":4,"win_rate":0,"timestamp":1548900241,"path_taken":["M","?","M","?","M","?","R","M","T","$","R","$","M","?","R","BOSS","M","$","?","$","?","M","E","M","T","R","E","?","E","?","R","BOSS","M","?","$","M","?","R","?","R","T","?","?","M","?","M","R","BOSS"],"build_version":"2019-01-23","purchased_purges":4,"victory":false,"max_hp_per_floor":[80,80,80,80,80,80,80,80,80,80,80,80,80,80,80,80,80,80,80,80,80,80,80,80,80,80,80,80,80,80,80,80,80,80,80,80,80,80,80,80,80,80,80,76,76,76,76,76,76,76],"card_choices":[{"not_picked":["Armaments","Body Slam","Warcry"],"picked":"SKIP","floor":1},{"not_picked":["Havoc","Rage","Wild Strike"],"picked":"SKIP","floor":3},{"not_picked":["Havoc","Cleave","Clash"],"picked":"SKIP","floor":5},{"not_picked":["Pommel Strike","Perfected Strike","Clash"],"picked":"SKIP","floor":6},{"not_picked":["Bloodletting","Clash","Sever Soul"],"picked":"SKIP","floor":8},{"not_picked":["Rupture","Heavy Blade"],"picked":"Body Slam","floor":13},{"not_picked":["Perfected Strike","Searing Blow","Flex"],"picked":"SKIP","floor":18},{"not_picked":["Clash","Heavy Blade","Warcry+1"],"picked":"SKIP","floor":20},{"not_picked":["Havoc","Cleave","Twin Strike"],"picked":"SKIP","floor":23},{"not_picked":["Uppercut","Double Tap"],"picked":"Evolve+1","floor":24},{"not_picked":["Inflame","Battle Trance+1","Cleave+1"],"picked":"SKIP","floor":25},{"not_picked":["Cleave+1","Sever Soul+1","Rupture"],"picked":"SKIP","floor":28},{"not_picked":["Clothesline","Twin Strike+1","Havoc+1"],"picked":"SKIP","floor":29},{"not_picked":["Twin Strike","Ghostly Armor+1","Perfected Strike"],"picked":"SKIP","floor":30},{"not_picked":["Fire Breathing","Sword Boomerang+1","Bloodletting+1"],"picked":"SKIP","floor":35},{"not_picked":["Warcry+1","Entrench+1","Flex+1"],"picked":"SKIP","floor":38},{"not_picked":["Infernal Blade+1","Havoc+1","Corruption"],"picked":"SKIP","floor":46},{"not_picked":["Rage+1","Anger","Twin Strike+1"],"picked":"SKIP","floor":48}],"player_experience":282752,"relics_obtained":[{"floor":9,"key":"Orichalcum"},{"floor":24,"key":"MawBank"},{"floor":24,"key":"Mummified Hand"},{"floor":26,"key":"Dodecahedron"},{"floor":28,"key":"Bag of Preparation"},{"floor":28,"key":"Toxic Egg 2"},{"floor":30,"key":"Darkstone Periapt"},{"floor":30,"key":"Sundial"},{"floor":43,"key":"Mercury Hourglass"}],"event_choices":[{"cards_removed":["Defend_R"],"damage_healed":0,"gold_gain":0,"player_choice":"Card Removal","damage_taken":0,"max_hp_gain":0,"max_hp_loss":0,"event_name":"The Cleric","floor":2,"gold_loss":50},{"damage_healed":0,"gold_gain":0,"cards_transformed":["Strike_R"],"player_choice":"Transformed","damage_taken":0,"max_hp_gain":0,"max_hp_loss":0,"event_name":"Transmorgrifier","floor":4,"gold_loss":0,"cards_obtained":["Juggernaut"]},{"cards_removed":["Bash"],"damage_healed":0,"gold_gain":0,"player_choice":"Offered Basic","damage_taken":0,"max_hp_gain":0,"max_hp_loss":0,"event_name":"Bonfire Elementals","floor":14,"gold_loss":0},{"cards_removed":["Strike_R"],"damage_healed":0,"gold_gain":0,"player_choice":"Took Card","damage_taken":0,"max_hp_gain":0,"max_hp_loss":0,"event_name":"NoteForYourself","floor":22,"gold_loss":0,"cards_obtained":["Immolate"]},{"damage_healed":0,"gold_gain":0,"player_choice":"0 cards matched","damage_taken":0,"max_hp_gain":0,"max_hp_loss":0,"event_name":"Match and Keep!","floor":36,"gold_loss":0,"cards_obtained":[]},{"damage_healed":0,"gold_gain":0,"player_choice":"Ignored","damage_taken":0,"max_hp_gain":0,"max_hp_loss":0,"event_name":"Mysterious Sphere","floor":39,"gold_loss":0},{"damage_healed":0,"gold_gain":0,"player_choice":"Memory 1","damage_taken":0,"max_hp_gain":0,"max_hp_loss":0,"event_name":"SensoryStone","floor":41,"gold_loss":0},{"damage_healed":0,"gold_gain":0,"player_choice":"Max HP","damage_taken":0,"max_hp_gain":0,"max_hp_loss":4,"event_name":"Winding Halls","floor":44,"gold_loss":0},{"damage_healed":0,"gold_gain":0,"player_choice":"Paid","damage_taken":0,"relics_obtained":["Red Mask"],"max_hp_gain":0,"max_hp_loss":0,"event_name":"Tomb of Lord Red Mask","floor":45,"gold_loss":30}],"is_beta":false,"boss_relics":[{"not_picked":["Lizard Tail","Philosopher\u0027s Stone"],"picked":"Black Star"},{"not_picked":["Snecko Eye","Tiny House"],"picked":"Pandora\u0027s Box"}],"items_purged_floors":[10,19,31,37],"is_endless":false,"potions_floor_spawned":[13,16,18,20,25,29,30,48],"killed_by":"Time Eater","ascension_level":0}