{"gold_per_floor":[111,61,71,81,96,96,127,138,138,153,153,153],"floor_reached":12,"playtime":796,"items_purged":[],"score":86,"play_id":"b98c763e-b40c-425e-b6c1-c931d2cff974","local_time":"20181226132831","is_ascension_mode":true,"campfire_choices":[{"data":"Static Discharge","floor":6,"key":"SMITH"}],"neow_cost":"NONE","seed_source_timestamp":399120414937582,"circlet_count":0,"master_deck":["Strike_B","Strike_B","Defend_B","Defend_B","Defend_B","Defend_B","Zap","Dualcast","White Noise","Loop","Storm","Static Discharge+1","Redo","Hello World","Steam","Creative AI"],"relics":["Cracked Core","NeowsBlessing","Nunchaku","Oddly Smooth Stone"],"potions_floor_usage":[7,10,10,12],"damage_taken":[{"damage":0,"enemies":"Jaw Worm","floor":1,"turns":1},{"damage":0,"enemies":"Small Slimes","floor":3,"turns":1},{"damage":0,"enemies":"Cultist","floor":4,"turns":1},{"damage":26,"enemies":"Gremlin Gang","floor":5,"turns":8},{"damage":30,"enemies":"Gremlin Nob","floor":7,"turns":3},{"damage":6,"enemies":"Red Slaver","floor":8,"turns":3},{"damage":10,"enemies":"Exordium Thugs","floor":10,"turns":4},{"damage":11,"enemies":"Lagavulin","floor":12,"turns":4}],"seed_played":"-8530949331795467598","potions_obtained":[{"floor":4,"key":"Ancient Potion"},{"floor":7,"key":"SkillPotion"},{"floor":8,"key":"Fire Potion"},{"floor":10,"key":"PowerPotion"}],"is_trial":false,"path_per_floor":["M","?","M","M","M","R","E","M","T","M","?","E"],"character_chosen":"DEFECT","items_purchased":[],"campfire_rested":0,"item_purchase_floors":[],"current_hp_per_floor":[75,75,75,75,49,49,19,13,13,3,3,0],"gold":153,"neow_bonus":"THREE_ENEMY_KILL","is_prod":false,"is_daily":false,"chose_seed":false,"campfire_upgraded":1,"win_rate":0,"timestamp":1545843511,"path_taken":["M","?","M","M","M","R","E","M","T","M","?","E"],"build_version":"2018-12-20","purchased_purges":0,"victory":false,"max_hp_per_floor":[75,75,75,75,75,75,75,75,75,75,75,75],"card_choices":[{"not_picked":["Ball Lightning","Tempest"],"picked":"White Noise","floor":1},{"not_picked":["Hologram","Lockon"],"picked":"Loop","floor":3},{"not_picked":["Leap","Reinforced Body"],"picked":"Storm","floor":4},{"not_picked":["Cold Snap","Rebound"],"picked":"Static Discharge","floor":5},{"not_picked":["Hologram","Turbo"],"picked":"Redo","floor":7},{"not_picked":["Capacitor","Turbo"],"picked":"Hello World","floor":8},{"not_picked":["Leap","Sweeping Beam"],"picked":"Steam","floor":10}],"player_experience":41514,"relics_obtained":[{"floor":7,"key":"Nunchaku"},{"floor":9,"key":"Oddly Smooth Stone"}],"event_choices":[{"cards_removed":["Strike_B"],"damage_healed":0,"gold_gain":0,"player_choice":"Card Removal","damage_taken":0,"max_hp_gain":0,"max_hp_loss":0,"event_name":"The Cleric","floor":2,"gold_loss":50},{"damage_healed":0,"gold_gain":0,"cards_transformed":["Strike_B"],"player_choice":"Change","damage_taken":0,"max_hp_gain":0,"max_hp_loss":0,"event_name":"Living Wall","floor":11,"gold_loss":0,"cards_obtained":["Creative AI"]}],"is_beta":false,"boss_relics":[],"items_purged_floors":[],"is_endless":false,"potions_floor_spawned":[4,7,8,10],"killed_by":"Lagavulin","ascension_level":1}