{"gold_per_floor":[109,59,79,79,79,106,25,25,25,39,57,57,57,76,76,174,174,194,40,0,0,0,0,27,27,27,0],"floor_reached":27,"playtime":2002,"items_purged":[],"score":252,"play_id":"7b98f1e4-a0ce-4a1f-a6c5-f4f9ec160e4f","local_time":"20190113004456","is_ascension_mode":false,"campfire_choices":[{"floor":8.0,"key":"REST"},{"data":"Neutralize","floor":13.0,"key":"SMITH"},{"floor":15.0,"key":"REST"},{"data":"Footwork","floor":23,"key":"SMITH"},{"floor":25,"key":"RECALL"}],"neow_cost":"NONE","seed_source_timestamp":0,"circlet_count":0,"master_deck":["Defend_G","Defend_G","Defend_G","Defend_G","Defend_G","Survivor","Neutralize+1","Footwork+1","Flying Knee","A Thousand Cuts","Footwork+1","Dagger Throw","Dash","Regret","Dagger Throw","Doppelganger","Backflip","Infinite Blades","Terror","Cloak And Dagger","Backflip","Sucker Punch+1","Acrobatics","Well Laid Plans","Flying Knee","Bite","Bite","Bite","Bite","Bite","Leg Sweep"],"special_seed":0,"relics":["HoveringKite","Mummified Hand","StoneCalendar","Shuriken","Orrery","Paper Crane","Gambling Chip"],"potions_floor_usage":[24,24],"damage_taken":[{"damage":2.0,"enemies":"Jaw Worm","floor":1.0,"turns":6.0},{"damage":0.0,"enemies":"2 Louse","floor":3.0,"turns":3.0},{"damage":42.0,"enemies":"3 Sentries","floor":6.0,"turns":21.0},{"damage":0.0,"enemies":"Small Slimes","floor":10.0,"turns":4.0},{"damage":4.0,"enemies":"Looter","floor":11.0,"turns":4.0},{"damage":0.0,"enemies":"Large Slime","floor":14.0,"turns":7.0},{"damage":24.0,"enemies":"Hexaghost","floor":16.0,"turns":10.0},{"damage":5.0,"enemies":"Shell Parasite","floor":18.0,"turns":7.0},{"damage":26,"enemies":"Colosseum Slavers","floor":22,"turns":7},{"damage":47,"enemies":"Gremlin Leader","floor":24,"turns":11},{"damage":21,"enemies":"2 Thieves","floor":27,"turns":2}],"seed_played":"3329131661620905286","potions_obtained":[{"floor":1.0,"key":"PowerPotion"},{"floor":10.0,"key":"EssenceOfSteel"},{"floor":16.0,"key":"Regen Potion"},{"floor":18.0,"key":"Poison Potion"}],"is_trial":false,"path_per_floor":["M","?","M","?","?","E","$","R","T","M","M","?","R","M","R","B",null,"M","$","?","?","?","R","E","R","T","M"],"character_chosen":"THE_SILENT","items_purchased":["Footwork","Acrobatics","Well Laid Plans","Flying Knee"],"campfire_rested":2,"item_purchase_floors":[7,19,19,19],"current_hp_per_floor":[68,68,68,68,43,1,1,22,22,22,18,18,18,18,39,15,70,65,65,65,49,33,33,15,15,15,0],"gold":0,"neow_bonus":"BOSS_RELIC","is_prod":false,"is_daily":false,"chose_seed":false,"campfire_upgraded":2,"win_rate":0,"timestamp":1547358296,"path_taken":["M","?","M","?","?","E","?","R","T","M","M","?","R","?","R","BOSS","M","$","?","?","?","R","E","R","T","M"],"build_version":"2019-01-10","purchased_purges":0,"victory":false,"max_hp_per_floor":[70,70,70,70,70,70,70,70,70,70,70,70,70,70,70,70,70,70,70,70,49,49,49,49,49,49,49],"card_choices":[{"not_picked":["Deadly Poison","Backflip"],"picked":"Footwork","floor":1.0},{"not_picked":["Blade Dance","Deflect"],"picked":"Flying Knee","floor":3.0},{"not_picked":["Flechettes","Masterful Stab"],"picked":"A Thousand Cuts","floor":6.0},{"not_picked":["Deadly Poison","Underhanded Strike"],"picked":"Dagger Throw","floor":10.0},{"not_picked":["Calculated Gamble","Sucker Punch"],"picked":"Dash","floor":11.0},{"not_picked":["Deflect","Calculated Gamble"],"picked":"Dagger Throw","floor":14.0},{"not_picked":["Malaise","Corpse Explosion"],"picked":"Doppelganger","floor":16.0},{"not_picked":["Dagger Spray","Flying Knee"],"picked":"Backflip","floor":17.0},{"not_picked":["Dodge and Roll","Accuracy"],"picked":"Infinite Blades","floor":17.0},{"not_picked":["Accuracy","Poisoned Stab"],"picked":"Terror","floor":17.0},{"not_picked":["Leg Sweep","Blur"],"picked":"Cloak And Dagger","floor":17.0},{"not_picked":["Blade Dance","Underhanded Strike"],"picked":"Backflip","floor":17.0},{"not_picked":["Noxious Fumes","Unload"],"picked":"Sucker Punch+1","floor":18.0},{"not_picked":["Terror+1","Flying Knee"],"picked":"Leg Sweep","floor":24}],"player_experience":76651,"relics_obtained":[{"floor":6.0,"key":"StoneCalendar"},{"floor":24,"key":"Paper Crane"},{"floor":26,"key":"Gambling Chip"}],"event_choices":[{"cards_removed":["Strike_G"],"damage_healed":0.0,"max_hp_gain":0.0,"max_hp_loss":0.0,"gold_gain":0.0,"event_name":"The Cleric","player_choice":"Card Removal","floor":2.0,"gold_loss":50.0,"damage_taken":0.0},{"damage_healed":0.0,"max_hp_gain":0.0,"max_hp_loss":0.0,"gold_gain":0.0,"event_name":"Living Wall","player_choice":"Grow","floor":4.0,"gold_loss":0.0,"damage_taken":0.0,"cards_upgraded":["Footwork"]},{"damage_healed":0.0,"max_hp_gain":0.0,"max_hp_loss":0.0,"gold_gain":0.0,"event_name":"Scrap Ooze","player_choice":"Success","floor":5.0,"gold_loss":0.0,"damage_taken":25.0,"relics_obtained":["Mummified Hand"]},{"damage_healed":0.0,"max_hp_gain":0.0,"max_hp_loss":0.0,"gold_gain":0.0,"event_name":"Big Fish","player_choice":"Box","floor":12.0,"gold_loss":0.0,"damage_taken":0.0,"relics_obtained":["Shuriken"],"cards_obtained":["Regret"]},{"damage_healed":0,"gold_gain":0,"player_choice":"Paid Fearfully","damage_taken":0,"max_hp_gain":0,"max_hp_loss":0,"event_name":"Masked Bandits","floor":20,"gold_loss":40},{"damage_healed":0,"gold_gain":0,"player_choice":"Became a vampire","damage_taken":0,"max_hp_gain":0,"max_hp_loss":21,"event_name":"Vampires","floor":21,"gold_loss":0,"cards_obtained":["Bite","Bite","Bite","Bite","Bite"]},{"damage_healed":0,"gold_gain":0,"player_choice":"Fight","damage_taken":0,"max_hp_gain":0,"max_hp_loss":0,"event_name":"Colosseum","floor":22,"gold_loss":0},{"damage_healed":0,"gold_gain":0,"player_choice":"Fled From Nobs","damage_taken":0,"max_hp_gain":0,"max_hp_loss":0,"event_name":"Colosseum","floor":22,"gold_loss":0}],"is_beta":false,"boss_relics":[{"not_picked":["Snecko Eye","Fusion Hammer"],"picked":"Orrery"}],"items_purged_floors":[],"is_endless":false,"potions_floor_spawned":[1,10,16,18,22],"killed_by":"2 Thieves","ascension_level":0}