{"gold_per_floor":[110,110,31,46,61,61,61,61,61,131,141,161,161,176,176,275,275,286,286,297,297],"floor_reached":21,"playtime":805,"items_purged":[],"score":239,"play_id":"49aa691b-93f4-470b-8e17-e1fd98d43e3c","local_time":"20190101154104","is_ascension_mode":true,"campfire_choices":[{"data":"Perfected Strike","floor":6.0,"key":"SMITH"},{"data":"Shrug It Off","floor":8.0,"key":"SMITH"},{"data":"Defend_R","floor":13.0,"key":"SMITH"},{"data":"Double Tap","floor":15.0,"key":"SMITH"}],"neow_cost":"NONE","seed_source_timestamp":0,"circlet_count":0,"master_deck":["Strike_R","Strike_R","Strike_R","Strike_R","Strike_R","Defend_R","Defend_R","Defend_R","Defend_R+1","Bash","Double Tap+1","Perfected Strike+1","Shrug It Off+1","Ghostly Armor+1","Bludgeon","Decay","Decay","Doubt","Flame Barrier"],"special_seed":0,"relics":["Burning Blood","Mango","Oddly Smooth Stone","WingedGreaves","Gremlin Horn","Calling Bell","Vajra","Dodecahedron","Peace Pipe"],"potions_floor_usage":[21,21],"damage_taken":[{"damage":5.0,"enemies":"2 Louse","floor":1.0,"turns":3.0},{"damage":10.0,"enemies":"Jaw Worm","floor":4.0,"turns":5.0},{"damage":0.0,"enemies":"Cultist","floor":5.0,"turns":3.0},{"damage":6.0,"enemies":"2 Fungi Beasts","floor":11.0,"turns":2.0},{"damage":2.0,"enemies":"Exordium Wildlife","floor":12.0,"turns":4.0},{"damage":0.0,"enemies":"Exordium Thugs","floor":14.0,"turns":3.0},{"damage":73.0,"enemies":"Hexaghost","floor":16.0,"turns":12.0},{"damage":43.0,"enemies":"3 Byrds","floor":18.0,"turns":9.0},{"damage":20.0,"enemies":"2 Thieves","floor":20.0,"turns":5.0},{"damage":24,"enemies":"Shelled Parasite and Fungi","floor":21,"turns":3}],"seed_played":"7502051833648627292","potions_obtained":[{"floor":5.0,"key":"SneckoOil"},{"floor":12.0,"key":"Explosive Potion"},{"floor":16.0,"key":"SpeedPotion"}],"is_trial":false,"path_per_floor":["M","?","?","M","M","R","?","R","T","T","M","M","R","M","R","B",null,"M","?","M","M"],"character_chosen":"IRONCLAD","items_purchased":[],"campfire_rested":0,"item_purchase_floors":[],"current_hp_per_floor":[73,69,69,65,71,71,71,71,71,71,71,75,75,81,81,14,74,37,37,23,0],"gold":297,"neow_bonus":"ONE_RANDOM_RARE_CARD","is_prod":false,"is_daily":false,"chose_seed":false,"campfire_upgraded":4,"win_rate":0,"timestamp":1546353664,"path_taken":["M","?","?","?","M","R","?","R","T","?","M","M","R","?","R","BOSS","M","?","M","?"],"build_version":"2018-12-20","purchased_purges":0,"victory":false,"max_hp_per_floor":[80,94,94,94,94,94,94,94,94,94,94,94,94,94,94,94,94,94,94,94,94],"card_choices":[{"not_picked":["Pummel","Shrug It Off"],"picked":"Perfected Strike","floor":1.0},{"not_picked":["Body Slam","Sever Soul"],"picked":"Shrug It Off","floor":4.0},{"not_picked":["Anger","Rupture"],"picked":"Ghostly Armor","floor":5.0},{"not_picked":["Second Wind","Sword Boomerang","Sever Soul"],"picked":"SKIP","floor":11.0},{"not_picked":["Anger","Headbutt","Heavy Blade"],"picked":"SKIP","floor":12.0},{"not_picked":["Dropkick","Flex","Reaper"],"picked":"SKIP","floor":14.0},{"not_picked":["Offering","Impervious"],"picked":"Bludgeon","floor":16.0},{"not_picked":["Body Slam","Second Wind","Warcry"],"picked":"SKIP","floor":18.0},{"not_picked":["Rupture+1","Cleave+1"],"picked":"Flame Barrier","floor":20.0}],"player_experience":249190,"relics_obtained":[{"floor":9.0,"key":"WingedGreaves"},{"floor":10.0,"key":"Gremlin Horn"},{"floor":17.0,"key":"Vajra"},{"floor":17.0,"key":"Dodecahedron"},{"floor":17.0,"key":"Peace Pipe"}],"event_choices":[{"damage_healed":0.0,"max_hp_gain":0.0,"max_hp_loss":0.0,"gold_gain":0.0,"event_name":"Scrap Ooze","player_choice":"Success","floor":2.0,"gold_loss":0.0,"damage_taken":18.0,"relics_obtained":["Mango"]},{"damage_healed":0.0,"max_hp_gain":0.0,"max_hp_loss":0.0,"gold_gain":0.0,"event_name":"WeMeetAgain","player_choice":"Paid Gold","floor":3.0,"gold_loss":79.0,"damage_taken":0.0,"relics_obtained":["Oddly Smooth Stone"]},{"damage_healed":0.0,"max_hp_gain":0.0,"max_hp_loss":0.0,"gold_gain":0.0,"event_name":"Living Wall","player_choice":"Grow","floor":7.0,"gold_loss":0.0,"damage_taken":0.0,"cards_upgraded":["Ghostly Armor"]},{"damage_healed":0.0,"max_hp_gain":0.0,"max_hp_loss":0.0,"gold_gain":0.0,"event_name":"Match and Keep!","player_choice":"0 cards matched","floor":19.0,"gold_loss":0.0,"damage_taken":0.0,"cards_obtained":[]}],"is_beta":false,"boss_relics":[{"not_picked":["Philosopher\u0027s Stone","White Beast Statue"],"picked":"Calling Bell"}],"items_purged_floors":[],"is_endless":false,"potions_floor_spawned":[5,12,16],"killed_by":"Shelled Parasite and Fungi","ascension_level":8}