{"gold_per_floor":[114,128,144,155,1,1,19,19,43,77,77,105,116,136,136,233,233,249,7,106,125,139,139,173,190,190,38,57,57,57,71,71,175,175,188,200,26,40,94,120,120,148,148,159,159,176,176,0,0,0],"floor_reached":51,"playtime":6574,"items_purged":["Strike_B","Leap","Defend_B"],"score":1212,"play_id":"1e427e06-5830-46ba-abb7-2f518b9ba64a","local_time":"20190131234040","is_ascension_mode":true,"campfire_choices":[{"data":"Go for the Eyes","floor":6.0,"key":"SMITH"},{"data":"Darkness","floor":8.0,"key":"SMITH"},{"data":"Dualcast","floor":15.0,"key":"SMITH"},{"floor":23.0,"key":"REST"},{"floor":30.0,"key":"REST"},{"data":"Defragment","floor":32.0,"key":"SMITH"},{"floor":41.0,"key":"REST"},{"floor":47,"key":"DIG"},{"floor":49,"key":"REST"}],"neow_cost":"TEN_PERCENT_HP_LOSS","seed_source_timestamp":0,"circlet_count":0,"master_deck":["AscendersBane","Strike_B","Defend_B","Defend_B","Dualcast+1","Compile Driver","Scrape","Coolheaded","Go for the Eyes+1","Sweeping Beam","Go for the Eyes","Chill","Darkness+1","Steam","Creative AI","Reinforced Body+1","Redo+1","BootSequence+1","Gash","Conserve Battery","Hello World","Defragment+1","Go for the Eyes","Double Energy","Turbo","Coolheaded","Stack+1","Machine Learning","Conserve Battery+1","Turbo+1","Loop+1","Reprogram","Echo Form","Parasite","Defragment","Self Repair+1","Discovery+1","Loop+1"],"special_seed":0,"relics":["Cracked Core","Dream Catcher","Vajra","Centennial Puzzle","Astrolabe","Mummified Hand","Darkstone Periapt","Bottled Tornado","Runic Pyramid","Prayer Wheel","Shovel","Toxic Egg 2","Boot","Letter Opener","Red Mask"],"potions_floor_usage":[46],"damage_taken":[{"damage":0.0,"enemies":"Cultist","floor":1.0,"turns":3.0},{"damage":7.0,"enemies":"Small Slimes","floor":2.0,"turns":3.0},{"damage":0.0,"enemies":"2 Louse","floor":3.0,"turns":2.0},{"damage":1.0,"enemies":"2 Fungi Beasts","floor":4.0,"turns":2.0},{"damage":8.0,"enemies":"Large Slime","floor":7.0,"turns":5.0},{"damage":6.0,"enemies":"Lagavulin","floor":10.0,"turns":7.0},{"damage":4.0,"enemies":"3 Sentries","floor":12.0,"turns":6.0},{"damage":5.0,"enemies":"Exordium Wildlife","floor":13.0,"turns":2.0},{"damage":1.0,"enemies":"3 Louse","floor":14.0,"turns":3.0},{"damage":19.0,"enemies":"Slime Boss","floor":16.0,"turns":8.0},{"damage":14.0,"enemies":"3 Byrds","floor":18.0,"turns":6.0},{"damage":11.0,"enemies":"Shell Parasite","floor":21.0,"turns":4.0},{"damage":15.0,"enemies":"Snake Plant","floor":22.0,"turns":4.0},{"damage":18.0,"enemies":"Book of Stabbing","floor":24.0,"turns":7.0},{"damage":0.0,"enemies":"Centurion and Healer","floor":25.0,"turns":6.0},{"damage":8.0,"enemies":"3 Cultists","floor":28.0,"turns":5.0},{"damage":6.0,"enemies":"Colosseum Slavers","floor":29.0,"turns":5.0},{"damage":4.0,"enemies":"Shelled Parasite and Fungi","floor":31.0,"turns":8.0},{"damage":0.0,"enemies":"Collector","floor":33.0,"turns":7.0},{"damage":4.0,"enemies":"3 Shapes","floor":35.0,"turns":6.0},{"damage":0.0,"enemies":"3 Darklings","floor":36.0,"turns":7.0},{"damage":3.0,"enemies":"Spire Growth","floor":38.0,"turns":6.0},{"damage":18.0,"enemies":"2 Orb Walkers","floor":39.0,"turns":5.0},{"damage":27.0,"enemies":"Reptomancer","floor":40.0,"turns":10.0},{"damage":3.0,"enemies":"Nemesis","floor":42.0,"turns":7.0},{"damage":4,"enemies":"Writhing Mass","floor":44,"turns":6},{"damage":15,"enemies":"4 Shapes","floor":46,"turns":5},{"damage":17,"enemies":"Donu and Deca","floor":50,"turns":8}],"seed_played":"-6915574707229310617","potions_obtained":[{"floor":2.0,"key":"Ancient Potion"},{"floor":7.0,"key":"SkillPotion"},{"floor":12.0,"key":"Dexterity Potion"},{"floor":13.0,"key":"Block Potion"},{"floor":16.0,"key":"FearPotion"},{"floor":25.0,"key":"SteroidPotion"},{"floor":31.0,"key":"Fruit Juice"},{"floor":38.0,"key":"Energy Potion"},{"floor":39.0,"key":"Block Potion"},{"floor":42.0,"key":"Explosive Potion"}],"is_trial":false,"path_per_floor":["M","M","M","M","$","R","M","R","T","E","?","E","M","M","R","B",null,"M","$","?","M","M","R","E","M","T","$","M","?","R","M","R","B",null,"M","M","$","M","?","E","R","E","T","M","?","M","R","?","R","B",null],"character_chosen":"DEFECT","items_purchased":["Chill","Mummified Hand","Turbo","PowerPotion"],"campfire_rested":4,"item_purchase_floors":[5,19,27,37],"current_hp_per_floor":[68,61,61,60,60,60,52,52,52,46,46,42,37,36,36,17,55,41,41,41,30,15,35,17,17,17,17,9,3,23,24,24,24,61,57,57,57,54,36,9,30,27,27,29,29,14,14,14,37,30],"gold":0,"neow_bonus":"TRANSFORM_TWO_CARDS","is_prod":false,"is_daily":false,"chose_seed":false,"campfire_upgraded":4,"win_rate":0,"timestamp":1548978040,"path_taken":["M","M","M","M","$","R","M","R","T","E","?","E","M","?","R","BOSS","M","$","?","M","M","R","E","M","T","$","M","?","R","M","R","BOSS","M","M","$","M","?","E","R","E","T","M","?","M","R","?","R","BOSS"],"build_version":"2019-01-23","purchased_purges":3,"victory":true,"max_hp_per_floor":[68,68,68,68,68,68,68,68,68,68,68,68,68,68,68,68,68,68,68,68,68,68,68,68,68,68,68,68,68,68,73,73,73,73,73,73,73,73,73,73,73,73,73,79,79,79,79,79,79,79],"card_choices":[{"not_picked":["Barrage","Steam Power"],"picked":"Coolheaded","floor":1.0},{"not_picked":["Coolheaded","Hello World"],"picked":"Go for the Eyes","floor":2.0},{"not_picked":["Self Repair","Coolheaded"],"picked":"Sweeping Beam","floor":3.0},{"not_picked":["Hologram","Steam"],"picked":"Go for the Eyes","floor":4.0},{"not_picked":["Blizzard","Go for the Eyes"],"picked":"Darkness","floor":7.0},{"not_picked":["Creative AI","Turbo","Barrage"],"picked":"SKIP","floor":10.0},{"not_picked":["Go for the Eyes","Ball Lightning"],"picked":"Steam","floor":12.0},{"not_picked":["Fusion","Rebound"],"picked":"Leap","floor":13.0},{"not_picked":["Doom and Gloom","Barrage","Undo"],"picked":"SKIP","floor":14.0},{"not_picked":["Rainbow","Amplify"],"picked":"Creative AI","floor":16.0},{"not_picked":["Rip and Tear+1","Coolheaded"],"picked":"Gash","floor":18.0},{"not_picked":["Compile Driver","Scrape"],"picked":"Conserve Battery","floor":21.0},{"not_picked":["Rip and Tear","Darkness"],"picked":"Hello World","floor":22.0},{"not_picked":["Cold Snap+1","Beam Cell"],"picked":"Defragment","floor":23.0},{"not_picked":["Darkness","Conserve Battery"],"picked":"Go for the Eyes","floor":24.0},{"not_picked":["Barrage","Cold Snap"],"picked":"Double Energy","floor":25.0},{"not_picked":["Sweeping Beam","Compile Driver","Rebound+1"],"picked":"SKIP","floor":28.0},{"not_picked":["Fusion+1","Streamline"],"picked":"Coolheaded","floor":30.0},{"not_picked":["Chaos","Barrage+1"],"picked":"Stack+1","floor":31.0},{"not_picked":["Biased Cognition","Multi-Cast"],"picked":"Machine Learning","floor":33.0},{"not_picked":["Cold Snap+1","Beam Cell+1"],"picked":"Conserve Battery+1","floor":35.0},{"not_picked":["Sweeping Beam+1","Conserve Battery+1"],"picked":"Turbo+1","floor":36.0},{"not_picked":["Redo","Skim+1"],"picked":"Loop+1","floor":38.0},{"not_picked":["Hologram","Beam Cell"],"picked":"Reprogram","floor":39.0},{"not_picked":["Coolheaded","Conserve Battery+1","Compile Driver+1"],"picked":"SKIP","floor":40.0},{"not_picked":["Coolheaded","Gash"],"picked":"Echo Form","floor":42.0},{"not_picked":["Glacier+1","Genetic Algorithm+1"],"picked":"Defragment","floor":44},{"not_picked":["Scrape","Sweeping Beam+1"],"picked":"Self Repair+1","floor":44},{"not_picked":["Panacea+1","Finesse+1"],"picked":"Discovery+1","floor":45},{"not_picked":["Reinforced Body+1","Compile Driver+1"],"picked":"Loop+1","floor":46},{"not_picked":["Sunder","Leap+1","Ball Lightning+1"],"picked":"SKIP","floor":46}],"player_experience":215861,"relics_obtained":[{"floor":9.0,"key":"Dream Catcher"},{"floor":10.0,"key":"Vajra"},{"floor":12.0,"key":"Centennial Puzzle"},{"floor":24.0,"key":"Darkstone Periapt"},{"floor":26.0,"key":"Bottled Tornado"},{"floor":39.0,"key":"Prayer Wheel"},{"floor":40.0,"key":"Shovel"},{"floor":42.0,"key":"Toxic Egg 2"},{"floor":43,"key":"Boot"},{"floor":47,"key":"Letter Opener"}],"event_choices":[{"damage_healed":0.0,"max_hp_gain":0.0,"max_hp_loss":0.0,"gold_gain":0.0,"event_name":"Match and Keep!","player_choice":"1 cards matched","floor":11.0,"gold_loss":0.0,"damage_taken":0.0,"cards_obtained":["Zap"]},{"damage_healed":0.0,"max_hp_gain":0.0,"max_hp_loss":0.0,"gold_gain":99.0,"event_name":"Nest","player_choice":"Stole From Cult","floor":20.0,"gold_loss":0.0,"damage_taken":0.0},{"damage_healed":0.0,"max_hp_gain":0.0,"max_hp_loss":0.0,"gold_gain":0.0,"event_name":"Colosseum","player_choice":"Fight","floor":29.0,"gold_loss":0.0,"damage_taken":0.0},{"damage_healed":0.0,"max_hp_gain":0.0,"max_hp_loss":0.0,"gold_gain":0.0,"event_name":"Colosseum","player_choice":"Fled From Nobs","floor":29.0,"gold_loss":0.0,"damage_taken":0.0},{"damage_healed":0.0,"max_hp_gain":0.0,"max_hp_loss":0.0,"gold_gain":0.0,"event_name":"Mysterious Sphere","player_choice":"Fight","floor":39.0,"gold_loss":0.0,"damage_taken":0.0},{"damage_healed":0,"gold_gain":0,"player_choice":"Memory 1","damage_taken":0,"max_hp_gain":0,"max_hp_loss":0,"event_name":"SensoryStone","floor":45,"gold_loss":0},{"damage_healed":0,"gold_gain":0,"player_choice":"Paid","damage_taken":0,"relics_obtained":["Red Mask"],"max_hp_gain":0,"max_hp_loss":0,"event_name":"Tomb of Lord Red Mask","floor":48,"gold_loss":176}],"is_beta":false,"boss_relics":[{"not_picked":["Lizard Tail","Velvet Choker"],"picked":"Astrolabe"},{"not_picked":["Coffee Dripper","Tiny House"],"picked":"Runic Pyramid"}],"items_purged_floors":[5,27,37],"is_endless":false,"potions_floor_spawned":[2,7,12,13,16,18,25,31,38,39,42,44],"ascension_level":11}