{"gold_per_floor":[115,115,290,308,308,352,352,375,400,400,420,115,130,146,146,237,237,251,267,290,315,315,315,334,334,361,361,361,381,183,207,207,303,303,316,23,356,59,77,110,110,124,150,168,168,168,184,114,114,114],"floor_reached":50,"playtime":2511,"items_purged":["Doubt","Strike_R"],"score":877,"play_id":"c19d2809-e039-4a6f-8940-96c8d80048f8","local_time":"20190119111548","is_ascension_mode":true,"campfire_choices":[{"data":"Uppercut","floor":7,"key":"SMITH"},{"data":"Sadistic Nature","floor":15,"key":"SMITH"},{"data":"Shockwave","floor":23,"key":"SMITH"},{"data":"Flame Barrier","floor":27,"key":"SMITH"},{"floor":32,"key":"REST"},{"data":"Demon Form","floor":41,"key":"SMITH"},{"data":"Uppercut","floor":49,"key":"SMITH"}],"neow_cost":"NONE","seed_source_timestamp":681633587355826,"circlet_count":0,"master_deck":["AscendersBane","Strike_R","Strike_R","Strike_R","Defend_R","Defend_R+1","Defend_R","Defend_R+1","Bash","Shockwave+1","Uppercut+1","Intimidate","Shrug It Off","Sadistic Nature+1","Shrug It Off","Clothesline","Demon Form+1","Thunderclap","Flame Barrier+1","Battle Trance","Necronomicurse","Sadistic Nature+1","Headbutt","Flame Barrier+1","Uppercut+1","The Bomb","Shrug It Off+1","Dropkick"],"relics":["Burning Blood","NeowsBlessing","Oddly Smooth Stone","War Paint","Orichalcum","Sozu","Singing Bowl","Happy Flower","Necronomicon","DollysMirror","Velvet Choker","Bottled Tornado","Ginger","Art of War"],"potions_floor_usage":[16,21],"damage_taken":[{"damage":0,"enemies":"Small Slimes","floor":1,"turns":1},{"damage":0,"enemies":"Jaw Worm","floor":4,"turns":1},{"damage":0,"enemies":"3 Sentries","floor":6,"turns":2},{"damage":6,"enemies":"2 Louse","floor":8,"turns":4},{"damage":3,"enemies":"Blue Slaver","floor":11,"turns":4},{"damage":3,"enemies":"Large Slime","floor":13,"turns":12},{"damage":0,"enemies":"Looter","floor":14,"turns":3},{"damage":25,"enemies":"Slime Boss","floor":16,"turns":11},{"damage":8,"enemies":"Shell Parasite","floor":18,"turns":6},{"damage":5,"enemies":"Chosen","floor":19,"turns":6},{"damage":11,"enemies":"Centurion and Healer","floor":20,"turns":7},{"damage":19,"enemies":"Sentry and Sphere","floor":21,"turns":6},{"damage":21,"enemies":"Colosseum Slavers","floor":22,"turns":6},{"damage":12,"enemies":"Snake Plant","floor":24,"turns":5},{"damage":2,"enemies":"3 Cultists","floor":29,"turns":5},{"damage":9,"enemies":"Cultist and Chosen","floor":31,"turns":6},{"damage":32,"enemies":"Collector","floor":33,"turns":8},{"damage":1,"enemies":"3 Darklings","floor":35,"turns":5},{"damage":5,"enemies":"Orb Walker","floor":39,"turns":3},{"damage":19,"enemies":"Reptomancer","floor":40,"turns":5},{"damage":6,"enemies":"Spire Growth","floor":42,"turns":4},{"damage":0,"enemies":"Transient","floor":44,"turns":5},{"damage":1,"enemies":"Maw","floor":47,"turns":4},{"damage":78,"enemies":"Awakened One","floor":50,"turns":7}],"seed_played":"-1394061854663559874","potions_obtained":[{"floor":4,"key":"PowerPotion"},{"floor":6,"key":"Energy Potion"}],"is_trial":false,"path_per_floor":["M","?","?","M","?","E","R","M","T","?","M","$","M","M","R","B",null,"M","M","M","M","?","R","M","?","T","R","?","M","$","M","R","B",null,"M","$","?","$","M","E","R","M","T","M","?","?","M","$","R","B"],"character_chosen":"IRONCLAD","items_purchased":["Sadistic Nature","Shrug It Off","DollysMirror","Bottled Tornado","Uppercut","The Bomb","Dropkick"],"campfire_rested":1,"item_purchase_floors":[12,12,30,36,36,38,48],"current_hp_per_floor":[74,74,74,75,57,63,63,63,63,56,59,59,62,68,68,49,69,67,68,63,50,35,35,29,29,29,29,13,19,19,16,39,15,63,68,68,68,68,69,58,58,60,60,68,68,68,75,75,75,0],"gold":114,"neow_bonus":"THREE_ENEMY_KILL","is_prod":false,"is_daily":false,"chose_seed":false,"campfire_upgraded":6,"win_rate":0,"timestamp":1547856948,"path_taken":["M","?","?","M","?","E","R","M","T","?","M","$","?","M","R","BOSS","M","M","M","M","?","R","M","?","T","R","?","M","?","M","R","BOSS","M","$","?","$","M","E","R","M","T","M","?","?","M","$","R","BOSS"],"build_version":"2019-01-17v2","purchased_purges":2,"victory":false,"max_hp_per_floor":[75,75,75,75,75,75,75,75,75,75,75,75,75,75,75,75,75,75,75,75,75,75,75,75,75,75,75,75,77,77,77,77,79,79,79,79,79,79,79,81,81,83,83,85,85,85,87,87,87,87],"card_choices":[{"not_picked":["Anger","Pummel"],"picked":"Shockwave","floor":1},{"not_picked":["Havoc","Iron Wave"],"picked":"Uppercut","floor":4},{"not_picked":["Anger","Dark Embrace"],"picked":"Intimidate","floor":6},{"not_picked":["Perfected Strike","Whirlwind","Rupture"],"picked":"SKIP","floor":8},{"not_picked":["Flex","Feed"],"picked":"Shrug It Off","floor":11},{"not_picked":["Heavy Blade","Sword Boomerang"],"picked":"Clothesline","floor":13},{"not_picked":["Clash","Rampage","Warcry"],"picked":"SKIP","floor":14},{"not_picked":["Reaper","Offering"],"picked":"Demon Form","floor":16},{"not_picked":["Wild Strike","Shockwave"],"picked":"Thunderclap","floor":18},{"not_picked":["Entrench","Thunderclap","Clothesline"],"picked":"SKIP","floor":19},{"not_picked":["Sentinel","Burning Pact"],"picked":"Flame Barrier","floor":20},{"not_picked":["Iron Wave","Shrug It Off"],"picked":"Battle Trance","floor":21},{"not_picked":["Twin Strike+1","Warcry","Seeing Red+1"],"picked":"SKIP","floor":24},{"not_picked":["Havoc","Warcry","Seeing Red"],"picked":"Singing Bowl","floor":29},{"not_picked":["Thunderclap","Anger"],"picked":"Headbutt","floor":31},{"not_picked":["Demon Form","Double Tap","Bludgeon"],"picked":"Singing Bowl","floor":33},{"not_picked":["Thunderclap","Warcry"],"picked":"Flame Barrier+1","floor":35},{"not_picked":["Havoc","Disarm+1"],"picked":"Shrug It Off+1","floor":39},{"not_picked":["Evolve","Armaments","Searing Blow"],"picked":"Singing Bowl","floor":40},{"not_picked":["Sword Boomerang+1","Sever Soul","Warcry"],"picked":"Singing Bowl","floor":42},{"not_picked":["Inflame","Sword Boomerang+1","Twin Strike"],"picked":"Singing Bowl","floor":44},{"not_picked":["Iron Wave","Twin Strike+1","Evolve"],"picked":"Singing Bowl","floor":47}],"player_experience":662152,"relics_obtained":[{"floor":6,"key":"Oddly Smooth Stone"},{"floor":9,"key":"War Paint"},{"floor":26,"key":"Happy Flower"},{"floor":28,"key":"Necronomicon"},{"floor":40,"key":"Ginger"},{"floor":43,"key":"Art of War"}],"event_choices":[{"damage_healed":0,"gold_gain":0,"cards_transformed":["Strike_R"],"player_choice":"Change","damage_taken":0,"max_hp_gain":0,"max_hp_loss":0,"event_name":"Living Wall","floor":2,"gold_loss":0,"cards_obtained":["Impervious"]},{"damage_healed":0,"gold_gain":175,"player_choice":"AGREE","damage_taken":0,"max_hp_gain":0,"max_hp_loss":0,"event_name":"Liars Game","floor":3,"gold_loss":0,"cards_obtained":["Doubt"]},{"damage_healed":0,"gold_gain":0,"player_choice":"Take Damage","damage_taken":18,"relics_obtained":["Golden Idol"],"max_hp_gain":0,"max_hp_loss":0,"event_name":"Golden Idol","floor":5,"gold_loss":0},{"damage_healed":0,"gold_gain":0,"player_choice":"Success","damage_taken":7,"relics_obtained":["Orichalcum"],"max_hp_gain":0,"max_hp_loss":0,"event_name":"Scrap Ooze","floor":10,"gold_loss":0},{"damage_healed":0,"gold_gain":0,"player_choice":"Fight","damage_taken":0,"max_hp_gain":0,"max_hp_loss":0,"event_name":"Colosseum","floor":22,"gold_loss":0},{"damage_healed":0,"gold_gain":0,"player_choice":"Fled From Nobs","damage_taken":0,"max_hp_gain":0,"max_hp_loss":0,"event_name":"Colosseum","floor":22,"gold_loss":0},{"damage_healed":0,"gold_gain":0,"player_choice":"Opened","damage_taken":0,"relics_obtained":["Singing Bowl"],"max_hp_gain":0,"max_hp_loss":0,"event_name":"The Mausoleum","floor":25,"gold_loss":0},{"damage_healed":0,"gold_gain":0,"player_choice":"Obtained Book","damage_taken":16,"max_hp_gain":0,"max_hp_loss":0,"event_name":"Cursed Tome","floor":28,"gold_loss":0},{"damage_healed":0,"gold_gain":333,"player_choice":"Gave Idol","damage_taken":0,"max_hp_gain":0,"max_hp_loss":0,"event_name":"The Moai Head","floor":37,"relics_lost":["Golden Idol"],"gold_loss":0},{"damage_healed":0,"gold_gain":0,"player_choice":"Ignored","damage_taken":0,"max_hp_gain":0,"max_hp_loss":0,"event_name":"Mysterious Sphere","floor":45,"gold_loss":0},{"cards_removed":["Impervious"],"damage_healed":0,"gold_gain":0,"player_choice":"Removed Skill","damage_taken":0,"max_hp_gain":0,"max_hp_loss":0,"event_name":"Falling","floor":46,"gold_loss":0}],"is_beta":false,"boss_relics":[{"not_picked":["White Beast Statue","Fusion Hammer"],"picked":"Sozu"},{"not_picked":["Black Star","Coffee Dripper"],"picked":"Velvet Choker"}],"items_purged_floors":[12,38],"is_endless":false,"potions_floor_spawned":[4,6,11,13,18,20,22,31,33,35,42],"killed_by":"Awakened One","ascension_level":14}