{"gold_per_floor":[110,110,110,110,26,62,62,82,82,82,100,100,140,159,159,280,280,303,402,131,131,149,189,189,225,225,225,241,274,274,297,297,425,425,444,154,173,197,197,235,235,251,328,328,368,391,431,0,0,0],"floor_reached":51,"playtime":2388,"items_purged":[],"score":1019,"play_id":"680ecdf4-e1b7-4390-9fd3-f64a2d89bf56","local_time":"20181215135304","is_ascension_mode":true,"campfire_choices":[{"floor":7,"key":"REST"},{"data":"Carnage","floor":12,"key":"SMITH"},{"data":"Anger","floor":15,"key":"SMITH"},{"data":"Fiend Fire","floor":24,"key":"SMITH"},{"floor":27,"key":"DIG"},{"floor":30,"key":"DIG"},{"floor":32,"key":"DIG"},{"data":"Demon Form","floor":41,"key":"SMITH"},{"floor":44,"key":"DIG"},{"floor":49,"key":"DIG"}],"neow_cost":"NONE","seed_source_timestamp":94844554327822,"circlet_count":0,"master_deck":["Strike_R","Strike_R","Strike_R","Strike_R","Strike_R","Defend_R","Defend_R","Defend_R","Defend_R","Bash","Pommel Strike","Dark Shackles","Carnage+1","Wild Strike","Anger+1","Fiend Fire+1","Clothesline","Impervious+1","Demon Form+1","Impervious+1","Flame Barrier+1","Bandage Up+1","Ghostly Armor+1","Limit Break+1","Writhe","Limit Break+1"],"relics":["Burning Blood","Oddly Smooth Stone","Golden Idol","Bag of Marbles","Centennial Puzzle","Anchor","Snecko Eye","Dead Branch","Nloth\u0027s Gift","Orichalcum","Nunchaku","Shovel","Toxic Egg 2","Ancient Tea Set","Smiling Mask","Sundial","Cursed Key","Sling","Gremlin Horn","Self Forming Clay","Magic Flower","Bottled Tornado","Red Skull","Red Mask","Bird Faced Urn"],"potions_floor_usage":[13,23,23,23,33,40,46,50,50],"damage_taken":[{"damage":1,"enemies":"2 Louse","floor":1,"turns":3},{"damage":30,"enemies":"3 Sentries","floor":6,"turns":11},{"damage":0,"enemies":"Jaw Worm","floor":8,"turns":3},{"damage":0,"enemies":"Cultist","floor":11,"turns":2},{"damage":27,"enemies":"Lagavulin","floor":13,"turns":4},{"damage":0,"enemies":"Red Slaver","floor":14,"turns":1},{"damage":31,"enemies":"The Guardian","floor":16,"turns":9},{"damage":0,"enemies":"Chosen","floor":18,"turns":2},{"damage":10,"enemies":"2 Thieves","floor":22,"turns":3},{"damage":7,"enemies":"Gremlin Leader","floor":23,"turns":3},{"damage":13,"enemies":"Slavers","floor":25,"turns":2},{"damage":0,"enemies":"Snecko","floor":28,"turns":3},{"damage":5,"enemies":"Book of Stabbing","floor":29,"turns":3},{"damage":6,"enemies":"Centurion and Healer","floor":31,"turns":2},{"damage":29,"enemies":"Champ","floor":33,"turns":9},{"damage":1,"enemies":"3 Darklings","floor":35,"turns":2},{"damage":1,"enemies":"3 Shapes","floor":37,"turns":2},{"damage":6,"enemies":"Sphere and 2 Shapes","floor":38,"turns":1},{"damage":3,"enemies":"Reptomancer","floor":40,"turns":2},{"damage":0,"enemies":"4 Shapes","floor":42,"turns":3},{"damage":0,"enemies":"Nemesis","floor":45,"turns":5},{"damage":0,"enemies":"Spire Growth","floor":46,"turns":3},{"damage":0,"enemies":"Reptomancer","floor":47,"turns":3},{"damage":27,"enemies":"Awakened One","floor":50,"turns":7}],"seed_played":"-1000819206717430620","potions_obtained":[{"floor":6,"key":"BloodPotion"},{"floor":8,"key":"EntropicBrew"},{"floor":11,"key":"Regen Potion"},{"floor":18,"key":"Regen Potion"},{"floor":29,"key":"Strength Potion"},{"floor":37,"key":"Poison Potion"},{"floor":40,"key":"PowerPotion"},{"floor":45,"key":"Fruit Juice"},{"floor":47,"key":"EssenceOfSteel"}],"is_trial":false,"path_per_floor":["M","?","?","?","$","E","R","M","T","T","M","R","E","M","R","B",null,"M","?","$","?","M","E","R","E","T","R","M","E","R","M","R","B",null,"M","$","M","M","$","E","R","M","T","R","E","M","E","?","R","B",null],"character_chosen":"IRONCLAD","items_purchased":["Dark Shackles","Dead Branch","Clothesline","Sling","Bandage Up+1"],"campfire_rested":1,"item_purchase_floors":[5,20,20,36,36],"current_hp_per_floor":[80,80,73,73,73,49,73,79,79,79,80,80,64,70,70,45,80,80,80,80,80,76,80,80,73,73,73,79,80,80,80,80,57,80,80,80,80,80,80,80,80,80,80,80,80,85,85,85,85,76],"gold":0,"neow_bonus":"RANDOM_COMMON_RELIC","is_prod":false,"is_daily":false,"chose_seed":false,"campfire_upgraded":4,"win_rate":0,"timestamp":1544878384,"path_taken":["M","?","?","?","?","E","R","?","T","?","M","R","E","M","R","BOSS","M","?","$","?","M","E","R","E","T","R","?","E","R","M","R","BOSS","M","$","M","M","$","E","R","M","T","R","E","M","E","?","R","BOSS"],"build_version":"2018-12-13","purchased_purges":0,"victory":true,"max_hp_per_floor":[80,80,80,80,80,80,80,80,80,80,80,80,80,80,80,80,80,80,80,80,80,80,80,80,80,80,80,80,80,80,80,80,80,80,80,80,80,80,80,80,80,80,80,80,80,85,85,85,85,85],"card_choices":[{"not_picked":["Wild Strike","Body Slam"],"picked":"Pommel Strike","floor":1},{"not_picked":["Uppercut","Battle Trance"],"picked":"Carnage","floor":6},{"not_picked":["Headbutt","Juggernaut","Clash"],"picked":"SKIP","floor":8},{"not_picked":["Sever Soul","Heavy Blade"],"picked":"Wild Strike","floor":11},{"not_picked":["Thunderclap","Wild Strike","Warcry"],"picked":"SKIP","floor":13},{"not_picked":["True Grit","Intimidate"],"picked":"Anger","floor":14},{"not_picked":["Dark Embrace","Barricade"],"picked":"Fiend Fire","floor":16},{"not_picked":["Warcry","Armaments","Havoc+1"],"picked":"SKIP","floor":18},{"not_picked":["Anger+1","Flex","Reaper"],"picked":"SKIP","floor":22},{"not_picked":["Flex","Feel No Pain","Berserk"],"picked":"SKIP","floor":23},{"not_picked":["Twin Strike","Brutality","Clothesline"],"picked":"SKIP","floor":25},{"not_picked":["Iron Wave+1","Warcry+1","Heavy Blade+1"],"picked":"SKIP","floor":28},{"not_picked":["Dark Embrace","Warcry+1"],"picked":"Impervious+1","floor":29},{"not_picked":["Sentinel+1","Warcry+1"],"picked":"Demon Form","floor":31},{"not_picked":["Dark Embrace","Reaper"],"picked":"Impervious+1","floor":33},{"not_picked":["Headbutt+1","Wild Strike+1"],"picked":"Flame Barrier+1","floor":35},{"not_picked":["Rupture","Seeing Red+1"],"picked":"Ghostly Armor+1","floor":37},{"not_picked":["Intimidate+1","Wild Strike","Thunderclap"],"picked":"SKIP","floor":38},{"not_picked":["Battle Trance+1","Clothesline"],"picked":"Limit Break+1","floor":40},{"not_picked":["Intimidate+1","Pommel Strike","Twin Strike"],"picked":"SKIP","floor":42},{"not_picked":["Berserk","Pummel","Havoc+1"],"picked":"SKIP","floor":45},{"not_picked":["Second Wind+1","True Grit+1","Headbutt"],"picked":"SKIP","floor":46},{"not_picked":["Rage+1","Clothesline"],"picked":"Limit Break+1","floor":47}],"player_experience":180168,"relics_obtained":[{"floor":6,"key":"Bag of Marbles"},{"floor":9,"key":"Centennial Puzzle"},{"floor":10,"key":"Anchor"},{"floor":13,"key":"The Courier"},{"floor":23,"key":"Orichalcum"},{"floor":25,"key":"Nunchaku"},{"floor":26,"key":"Shovel"},{"floor":27,"key":"Toxic Egg 2"},{"floor":29,"key":"Ancient Tea Set"},{"floor":30,"key":"Smiling Mask"},{"floor":32,"key":"Sundial"},{"floor":40,"key":"Gremlin Horn"},{"floor":43,"key":"Self Forming Clay"},{"floor":44,"key":"Magic Flower"},{"floor":45,"key":"Bottled Tornado"},{"floor":47,"key":"Red Skull"},{"floor":49,"key":"Bird Faced Urn"}],"event_choices":[{"damage_healed":0,"gold_gain":0,"player_choice":"Take Wound","damage_taken":0,"relics_obtained":["Golden Idol"],"max_hp_gain":0,"max_hp_loss":0,"event_name":"Golden Idol","floor":2,"gold_loss":0,"cards_obtained":["Injury"]},{"cards_removed":["Injury"],"damage_healed":0,"gold_gain":0,"player_choice":"Card Removal","damage_taken":7,"max_hp_gain":0,"max_hp_loss":0,"event_name":"Golden Wing","floor":3,"gold_loss":0},{"damage_healed":0,"gold_gain":0,"player_choice":"Leave","damage_taken":0,"max_hp_gain":0,"max_hp_loss":0,"event_name":"The Cleric","floor":4,"gold_loss":0},{"damage_healed":0,"gold_gain":99,"player_choice":"Stole From Cult","damage_taken":0,"max_hp_gain":0,"max_hp_loss":0,"event_name":"Nest","floor":19,"gold_loss":0},{"damage_healed":0,"gold_gain":0,"player_choice":"Traded Relic","damage_taken":0,"relics_obtained":["Nloth\u0027s Gift"],"max_hp_gain":0,"max_hp_loss":0,"event_name":"N\u0027loth","floor":21,"relics_lost":["The Courier"],"gold_loss":0},{"damage_healed":0,"gold_gain":0,"player_choice":"Paid","damage_taken":0,"relics_obtained":["Red Mask"],"max_hp_gain":0,"max_hp_loss":0,"event_name":"Tomb of Lord Red Mask","floor":48,"gold_loss":431}],"is_beta":false,"boss_relics":[{"not_picked":["Astrolabe","Coffee Dripper"],"picked":"Snecko Eye"},{"not_picked":["Runic Pyramid","Sozu"],"picked":"Cursed Key"}],"items_purged_floors":[],"is_endless":false,"potions_floor_spawned":[6,8,11,18,22,29,31,37,40,45,47],"ascension_level":1}