{"gold_per_floor":[12,24,39,55,155,155,174,174,174,231,38,113,113,132,132,230,230,230,115,115,115,115,115,115,115,115,115,115,115],"floor_reached":29,"playtime":1238,"items_purged":["Strike_B"],"score":305,"play_id":"8270bf96-e161-43cf-aba8-272266b0d56c","local_time":"20190126210518","is_ascension_mode":true,"campfire_choices":[{"data":"Machine Learning","floor":6,"key":"SMITH"},{"data":"Defragment","floor":8,"key":"SMITH"},{"floor":13,"key":"REST"},{"floor":15,"key":"REST"},{"floor":23,"key":"REST"},{"floor":25,"key":"REST"}],"neow_cost":"NO_GOLD","seed_source_timestamp":581995363327407,"circlet_count":0,"master_deck":["Strike_B","Strike_B","Strike_B","Defend_B","Defend_B","Defend_B","Defend_B","Zap","Dualcast","Gash","Go for the Eyes","Machine Learning+1","Defragment+1","Fusion","Skim","Leap","Thunder Strike","BootSequence","Self Repair","Storm+1","Stack+1","Consume","Enlightenment","Heatsinks"],"relics":["Cracked Core","Gambling Chip","Bottled Flame","Tiny Chest","Runic Capacitor","Mercury Hourglass","Ectoplasm","Mummified Hand","Ornamental Fan"],"potions_floor_usage":[16,16,21],"damage_taken":[{"damage":0,"enemies":"Small Slimes","floor":1,"turns":2},{"damage":0,"enemies":"Cultist","floor":2,"turns":3},{"damage":8,"enemies":"Jaw Worm","floor":3,"turns":4},{"damage":5,"enemies":"Red Slaver","floor":4,"turns":4},{"damage":17,"enemies":"Large Slime","floor":7,"turns":5},{"damage":37,"enemies":"3 Sentries","floor":10,"turns":9},{"damage":7,"enemies":"Blue Slaver","floor":14,"turns":4},{"damage":0,"enemies":"Slime Boss","floor":16,"turns":5},{"damage":16,"enemies":"Chosen","floor":18,"turns":5},{"damage":21,"enemies":"3 Byrds","floor":21,"turns":3},{"damage":38,"enemies":"Shelled Parasite and Fungi","floor":22,"turns":6},{"damage":20,"enemies":"3 Cultists","floor":24,"turns":4},{"damage":18,"enemies":"Snake Plant","floor":28,"turns":3},{"damage":26,"enemies":"Book of Stabbing","floor":29,"turns":3}],"seed_played":"-3211697125574251865","potions_obtained":[{"floor":4,"key":"Fire Potion"},{"floor":14,"key":"AttackPotion"},{"floor":18,"key":"Explosive Potion"},{"floor":24,"key":"GamblersBrew"},{"floor":28,"key":"Explosive Potion"}],"is_trial":false,"path_per_floor":["M","M","M","M","?","R","M","R","T","E","$","T","R","M","R","B",null,"M","$","T","M","M","R","M","R","T","?","M","E"],"character_chosen":"DEFECT","items_purchased":["Runic Capacitor","Self Repair"],"campfire_rested":4,"item_purchase_floors":[11,19],"current_hp_per_floor":[75,75,67,62,62,62,45,45,45,8,8,8,30,23,45,45,75,59,59,59,45,14,36,23,45,45,31,20,0],"gold":115,"neow_bonus":"ONE_RARE_RELIC","is_prod":false,"is_daily":false,"chose_seed":false,"campfire_upgraded":2,"win_rate":0,"timestamp":1548554718,"path_taken":["M","M","M","M","?","R","M","R","T","E","$","?","R","?","R","BOSS","M","$","?","?","M","R","M","R","T","?","M","E"],"build_version":"2019-01-23","purchased_purges":1,"victory":false,"max_hp_per_floor":[75,75,75,75,75,75,75,75,75,75,75,75,75,75,75,75,75,75,75,75,75,75,75,75,75,75,75,75,75],"card_choices":[{"not_picked":["Rebound","Redo"],"picked":"Gash","floor":1},{"not_picked":["Redo","Turbo"],"picked":"Go for the Eyes","floor":2},{"not_picked":["Redo","Capacitor"],"picked":"Machine Learning","floor":3},{"not_picked":["Loop","Steam Power"],"picked":"Defragment","floor":4},{"not_picked":["Rip and Tear","Stack"],"picked":"Fusion","floor":7},{"not_picked":["Ball Lightning","Barrage"],"picked":"Skim","floor":10},{"not_picked":["Rebound","Hologram"],"picked":"Leap","floor":14},{"not_picked":["Machine Learning","Hyperbeam"],"picked":"Thunder Strike","floor":16},{"not_picked":["Sunder","Ball Lightning"],"picked":"BootSequence","floor":18},{"not_picked":["Go for the Eyes","Steam"],"picked":"Storm+1","floor":21},{"not_picked":["Rebound","FTL"],"picked":"Stack+1","floor":22},{"not_picked":["Go for the Eyes","Barrage"],"picked":"Consume","floor":24},{"not_picked":["Aggregate+1","Sweeping Beam"],"picked":"Heatsinks","floor":28}],"player_experience":118101,"relics_obtained":[{"floor":9,"key":"Bottled Flame"},{"floor":10,"key":"Tiny Chest"},{"floor":12,"key":"Mercury Hourglass"},{"floor":20,"key":"Mummified Hand"},{"floor":26,"key":"Ornamental Fan"}],"event_choices":[{"damage_healed":0,"gold_gain":100,"player_choice":"Pray","damage_taken":0,"max_hp_gain":0,"max_hp_loss":0,"event_name":"Golden Shrine","floor":5,"gold_loss":0},{"damage_healed":0,"gold_gain":0,"player_choice":"CARD ","damage_taken":14,"max_hp_gain":0,"max_hp_loss":0,"event_name":"Knowing Skull","floor":27,"potions_obtained":[],"gold_loss":0,"cards_obtained":["Enlightenment"]},{"damage_healed":0,"gold_gain":0,"player_choice":"CARD ","damage_taken":14,"max_hp_gain":0,"max_hp_loss":0,"event_name":"Knowing Skull","floor":27,"potions_obtained":[],"gold_loss":0,"cards_obtained":["Enlightenment"]}],"is_beta":false,"boss_relics":[{"not_picked":["Philosopher\u0027s Stone","Inserter"],"picked":"Ectoplasm"}],"items_purged_floors":[19],"is_endless":false,"potions_floor_spawned":[4,14,18,24,28],"killed_by":"Book of Stabbing","ascension_level":2}