{"gold_per_floor":[116,116,116,116,135,135,60,60,60,60,60,78,95,105,105,208,208,225,225,225,244,244],"floor_reached":22,"playtime":586,"items_purged":[],"score":174,"play_id":"29c1b632-7a46-4b05-82a0-d8b24877fa79","local_time":"20180731122520","is_ascension_mode":false,"campfire_choices":[{"data":"Streamline","floor":6,"key":"SMITH"},{"data":"Loop","floor":8,"key":"SMITH"},{"data":"Steam","floor":15,"key":"SMITH"}],"neow_cost":"NONE","seed_source_timestamp":820904643022288,"circlet_count":0,"master_deck":["Strike_B+1","Strike_B","Strike_B","Strike_B","Defend_B","Defend_B","Defend_B","Defend_B","Zap+1","Dualcast","Steam+1","Streamline+1","Loop+1","Parasite","Lockon","Melter","Steam+1","Electrodynamics","Barrage","Leap","Barrage","Barrage","Creative AI+1","Beam Cell"],"relics":["Cracked Core","Dodecahedron","Cables","Orrery"],"potions_floor_usage":[16],"damage_taken":[{"damage":7,"enemies":"2 Louse","floor":1,"turns":3},{"damage":0,"enemies":"Jaw Worm","floor":5,"turns":3},{"damage":0,"enemies":"Small Slimes","floor":12,"turns":3},{"damage":9,"enemies":"Blue Slaver","floor":13,"turns":3},{"damage":0,"enemies":"Exordium Wildlife","floor":14,"turns":3},{"damage":24,"enemies":"Hexaghost","floor":16,"turns":9},{"damage":10,"enemies":"Chosen","floor":18,"turns":3},{"damage":29,"enemies":"Shell Parasite","floor":21,"turns":5},{"damage":42,"enemies":"Cultist and Chosen","floor":22,"turns":4}],"seed_played":"5979317689552215258","potions_obtained":[{"floor":1,"key":"Explosive Potion"},{"floor":5,"key":"AttackPotion"},{"floor":21,"key":"AttackPotion"}],"is_trial":false,"path_per_floor":["M","?","?","$","M","R","$","R","T","?","?","M","M","M","R","B",null,"M","?","?","M"],"character_chosen":"DEFECT","items_purchased":["Loop"],"campfire_rested":0,"item_purchase_floors":[7],"current_hp_per_floor":[68,56,56,56,56,56,56,56,56,41,59,59,50,50,50,26,75,65,65,65,36,0],"gold":244,"neow_bonus":"UPGRADE_CARD","is_prod":false,"is_daily":false,"chose_seed":false,"campfire_upgraded":3,"win_rate":0.0,"timestamp":1533032720,"path_taken":["M","?","?","$","?","R","?","R","T","?","?","M","?","M","R","BOSS","M","?","?","M","?"],"build_version":"2018-07-26","purchased_purges":0,"victory":false,"max_hp_per_floor":[75,75,75,75,75,75,75,75,75,75,75,75,75,75,75,75,75,75,75,75,75,75],"card_choices":[{"not_picked":["Reprogram","Cold Snap"],"picked":"Steam","floor":1},{"not_picked":["Reprogram","Hologram"],"picked":"Streamline","floor":5},{"not_picked":["Reprogram","Reinforced Body"],"picked":"Lockon","floor":12},{"not_picked":["Redo","Stack"],"picked":"Melter","floor":13},{"not_picked":["Skim","Hologram"],"picked":"Steam","floor":14},{"not_picked":["Multi-Cast","Rainbow"],"picked":"Electrodynamics","floor":16},{"not_picked":["Compile Driver","Darkness"],"picked":"Barrage","floor":17},{"not_picked":["Tempest","Rebound"],"picked":"Leap","floor":17},{"not_picked":["Rip and Tear","Auto Shields"],"picked":"Barrage","floor":17},{"not_picked":["Sweeping Beam","Darkness"],"picked":"Barrage","floor":17},{"not_picked":["Rip and Tear+1","Scrape"],"picked":"Creative AI","floor":18},{"not_picked":["Coolheaded","Glacier"],"picked":"Beam Cell","floor":21}],"player_experience":239917,"relics_obtained":[{"floor":9,"key":"Cables"}],"event_choices":[{"event_name":"Scrap Ooze","player_choice":"success","floor":2,"damage_taken":12},{"event_name":"Golden Idol","player_choice":"Ignored","floor":3,"damage_taken":0},{"event_name":"Shining Light","player_choice":"Entered Light","floor":10,"damage_taken":0},{"event_name":"Mushrooms","player_choice":"Healed and dodged fight","floor":11,"damage_taken":0},{"event_name":"Upgrade Shrine","player_choice":"Upgraded","floor":19,"damage_taken":0},{"event_name":"Match and Keep!","player_choice":"0 cards matched","floor":20,"damage_taken":0}],"is_beta":false,"boss_relics":[{"not_picked":["Snecko Eye","Tiny House"],"picked":"Orrery"}],"items_purged_floors":[],"is_endless":false,"potions_floor_spawned":[1,5,21],"killed_by":"Cultist and Chosen","ascension_level":0}