{"gold_per_floor":[110,110,110,185,200,200,225,225,280,280,293,263,263,117,117,216,216,233,158,158,158,174,174,205,205,250,268,279,311,325,343,343,447,447,458,132,152,169,189,214,228,228,228,240,240,340,350,376,376,376],"floor_reached":51,"playtime":2611,"items_purged":["Strike_B"],"score":1209,"play_id":"8c1a509f-ee63-4d77-a5dd-6aa0f20af826","local_time":"20190128224116","is_ascension_mode":true,"campfire_choices":[{"data":"Defragment","floor":6,"key":"SMITH"},{"data":"Buffer","floor":8,"key":"SMITH"},{"data":"Genetic Algorithm","floor":10,"key":"SMITH"},{"floor":15,"key":"REST"},{"floor":23,"key":"REST"},{"data":"Loop","floor":32,"key":"SMITH"},{"data":"Defragment","floor":42,"key":"SMITH"},{"data":"Buffer","floor":45,"key":"SMITH"},{"data":"Capacitor","floor":49,"key":"SMITH"}],"neow_cost":"NONE","seed_source_timestamp":34036266319417,"circlet_count":0,"master_deck":["Defend_B","Defend_B","Defend_B","Defend_B","Zap","Dualcast","Defragment+1","Buffer+1","Genetic Algorithm+1","Leap","Conserve Battery","Electrodynamics","Storm","Conserve Battery","Glacier+1","Loop+1","Streamline+1","Thunder Strike+1","Capacitor+1","Defragment+1","Go for the Eyes+1","Buffer+1","Force Field+1"],"relics":["Cracked Core","NeowsBlessing","Orichalcum","Bag of Marbles","PreservedInsect","Happy Flower","Snecko Eye","Shuriken","Vajra","Molten Egg 2","Omamori","Toxic Egg 2","Black Star","Strawberry","Oddly Smooth Stone","Mango","Kunai","Bird Faced Urn","Whetstone","Smiling Mask"],"potions_floor_usage":[16,18,24,24,27,27,29,35,37,40,40,47,47,50],"damage_taken":[{"damage":0,"enemies":"Jaw Worm","floor":1,"turns":1},{"damage":0,"enemies":"Small Slimes","floor":5,"turns":1},{"damage":0,"enemies":"3 Sentries","floor":7,"turns":1},{"damage":0,"enemies":"2 Louse","floor":11,"turns":3},{"damage":1,"enemies":"Looter","floor":12,"turns":4},{"damage":65,"enemies":"Hexaghost","floor":16,"turns":15},{"damage":0,"enemies":"Chosen","floor":18,"turns":5},{"damage":13,"enemies":"Shell Parasite","floor":22,"turns":8},{"damage":2,"enemies":"Slavers","floor":24,"turns":3},{"damage":0,"enemies":"Cultist and Chosen","floor":27,"turns":4},{"damage":0,"enemies":"Snecko","floor":28,"turns":4},{"damage":0,"enemies":"Book of Stabbing","floor":29,"turns":6},{"damage":0,"enemies":"Centurion and Healer","floor":30,"turns":8},{"damage":0,"enemies":"Chosen and Byrds","floor":31,"turns":4},{"damage":0,"enemies":"Collector","floor":33,"turns":12},{"damage":0,"enemies":"3 Shapes","floor":35,"turns":3},{"damage":3,"enemies":"3 Darklings","floor":37,"turns":8},{"damage":0,"enemies":"Transient","floor":38,"turns":5},{"damage":3,"enemies":"Spire Growth","floor":39,"turns":4},{"damage":22,"enemies":"Reptomancer","floor":40,"turns":6},{"damage":10,"enemies":"Writhing Mass","floor":41,"turns":8},{"damage":2,"enemies":"Transient","floor":44,"turns":5},{"damage":0,"enemies":"Mind Bloom Boss Battle","floor":46,"turns":5},{"damage":0,"enemies":"3 Darklings","floor":47,"turns":3},{"damage":0,"enemies":"Nemesis","floor":48,"turns":7},{"damage":0,"enemies":"Time Eater","floor":50,"turns":11}],"seed_played":"-4468089560054143445","potions_obtained":[{"floor":5,"key":"SkillPotion"},{"floor":7,"key":"Dexterity Potion"},{"floor":11,"key":"SteroidPotion"},{"floor":16,"key":"SpeedPotion"},{"floor":22,"key":"SkillPotion"},{"floor":24,"key":"FearPotion"},{"floor":28,"key":"AttackPotion"},{"floor":29,"key":"Energy Potion"},{"floor":39,"key":"Explosive Potion"},{"floor":41,"key":"Regen Potion"},{"floor":46,"key":"Fire Potion"},{"floor":47,"key":"Poison Potion"}],"is_trial":false,"path_per_floor":["M","?","?","?","M","R","E","R","T","R","M","M","T","$","R","B",null,"M","?","?","?","M","R","E","T","T","M","M","E","M","M","R","B",null,"M","$","M","M","M","E","M","R","T","M","R","?","M","E","R","B",null],"character_chosen":"DEFECT","items_purchased":["Happy Flower","Strawberry","PowerPotion","PowerPotion"],"campfire_rested":2,"item_purchase_floors":[14,36,36,36],"current_hp_per_floor":[68,61,61,50,50,50,50,50,50,50,50,49,49,49,71,6,58,58,58,44,44,31,55,53,53,53,53,53,53,53,53,53,53,73,73,80,77,77,74,66,56,56,56,54,54,54,77,91,91,101],"gold":376,"neow_bonus":"THREE_ENEMY_KILL","is_prod":false,"is_daily":false,"chose_seed":false,"campfire_upgraded":7,"win_rate":0,"timestamp":1548733276,"path_taken":["M","?","?","?","M","R","E","R","T","R","M","M","?","$","R","BOSS","M","?","?","?","M","R","E","?","T","M","M","E","?","M","R","BOSS","M","$","M","M","?","E","M","R","T","M","R","?","M","E","R","BOSS"],"build_version":"2019-01-23","purchased_purges":1,"victory":true,"max_hp_per_floor":[75,75,75,75,75,75,75,75,75,75,75,75,75,75,75,75,75,75,75,80,80,80,80,80,80,80,80,80,80,80,80,80,80,80,80,87,87,87,87,101,101,101,101,101,101,101,101,101,101,101],"card_choices":[{"not_picked":["Rebound","FTL"],"picked":"Defragment","floor":1},{"not_picked":["Gash","Cold Snap"],"picked":"Genetic Algorithm","floor":5},{"not_picked":["Chill","Scrape","Stack"],"picked":"SKIP","floor":7},{"not_picked":["Darkness","Multi-Cast"],"picked":"Leap","floor":11},{"not_picked":["Loop","White Noise"],"picked":"Conserve Battery","floor":12},{"not_picked":["Thunder Strike","Rainbow"],"picked":"Electrodynamics","floor":16},{"not_picked":["Force Field+1","Static Discharge+1"],"picked":"Storm","floor":18},{"not_picked":["Steam Power+1","Undo"],"picked":"Conserve Battery","floor":22},{"not_picked":["Leap+1","White Noise","Hologram"],"picked":"SKIP","floor":24},{"not_picked":["Gash+1","Turbo+1","Conserve Battery+1"],"picked":"SKIP","floor":27},{"not_picked":["Gash+1","Reinforced Body"],"picked":"Glacier+1","floor":28},{"not_picked":["Turbo+1","Streamline+1"],"picked":"Loop","floor":29},{"not_picked":["Rebound+1","Steam Power+1"],"picked":"Streamline+1","floor":30},{"not_picked":["Barrage+1","Beam Cell+1","Redo+1"],"picked":"SKIP","floor":31},{"not_picked":["All For One+1","Electrodynamics"],"picked":"Thunder Strike+1","floor":33},{"not_picked":["Ball Lightning+1","Streamline+1"],"picked":"Capacitor","floor":35},{"not_picked":["Melter+1","Steam Power+1"],"picked":"Defragment","floor":37},{"not_picked":["Steam+1","Redo+1"],"picked":"Go for the Eyes+1","floor":38},{"not_picked":["Steam+1","Melter+1","Sweeping Beam+1"],"picked":"SKIP","floor":39},{"not_picked":["Steam+1","Melter+1","Sweeping Beam+1"],"picked":"SKIP","floor":39},{"not_picked":["Redo+1","Loop","Turbo+1"],"picked":"SKIP","floor":40},{"not_picked":["Ball Lightning+1","Barrage+1"],"picked":"Buffer","floor":41},{"not_picked":["Redo+1","Streamline+1","Go for the Eyes+1"],"picked":"SKIP","floor":44},{"not_picked":["Tempest+1","Beam Cell+1"],"picked":"Force Field+1","floor":47},{"not_picked":["BootSequence+1","Barrage+1","Cold Snap+1"],"picked":"SKIP","floor":48}],"player_experience":158747,"relics_obtained":[{"floor":7,"key":"Orichalcum"},{"floor":9,"key":"Bag of Marbles"},{"floor":13,"key":"PreservedInsect"},{"floor":24,"key":"Vajra"},{"floor":25,"key":"Molten Egg 2"},{"floor":26,"key":"Omamori"},{"floor":29,"key":"Toxic Egg 2"},{"floor":40,"key":"Oddly Smooth Stone"},{"floor":40,"key":"Mango"},{"floor":43,"key":"Kunai"},{"floor":46,"key":"Bird Faced Urn"},{"floor":48,"key":"Whetstone"},{"floor":48,"key":"Smiling Mask"}],"event_choices":[{"cards_removed":["Strike_B"],"damage_healed":0,"gold_gain":0,"player_choice":"Card Removal","damage_taken":7,"max_hp_gain":0,"max_hp_loss":0,"event_name":"Golden Wing","floor":2,"gold_loss":0},{"damage_healed":0,"gold_gain":0,"cards_transformed":["Strike_B"],"player_choice":"Change","damage_taken":0,"max_hp_gain":0,"max_hp_loss":0,"event_name":"Living Wall","floor":3,"gold_loss":0,"cards_obtained":["Buffer"]},{"damage_healed":0,"gold_gain":75,"player_choice":"Gather Gold","damage_taken":11,"max_hp_gain":0,"max_hp_loss":0,"event_name":"World of Goop","floor":4,"gold_loss":0},{"cards_removed":["Strike_B"],"damage_healed":0,"gold_gain":0,"player_choice":"Gave Gold","damage_taken":0,"max_hp_gain":0,"max_hp_loss":0,"event_name":"Beggar","floor":19,"gold_loss":75},{"damage_healed":0,"gold_gain":0,"player_choice":"Shed Blood","damage_taken":19,"max_hp_gain":5,"max_hp_loss":0,"event_name":"Forgotten Altar","floor":20,"gold_loss":0},{"damage_healed":0,"gold_gain":0,"player_choice":"Opened","damage_taken":0,"relics_obtained":["Shuriken"],"max_hp_gain":0,"max_hp_loss":0,"event_name":"The Mausoleum","floor":21,"gold_loss":0},{"damage_healed":0,"gold_gain":0,"player_choice":"Fight","damage_taken":0,"max_hp_gain":0,"max_hp_loss":0,"event_name":"MindBloom","floor":46,"gold_loss":0}],"is_beta":false,"boss_relics":[{"not_picked":["Inserter","Cursed Key"],"picked":"Snecko Eye"},{"not_picked":["FrozenCore","Sozu"],"picked":"Black Star"}],"items_purged_floors":[36],"is_endless":false,"potions_floor_spawned":[5,7,11,16,22,24,28,29,39,41,46,47],"ascension_level":6}