{"gold_per_floor":[110,75,150,170,42,68,68,29,79,79,79,107,107,133,133,133],"floor_reached":16,"playtime":668,"items_purged":["Strike_R"],"score":217,"play_id":"a294c01c-9fd4-42fc-8e1e-271b470a256d","local_time":"20190116015302","is_ascension_mode":true,"campfire_choices":[{"data":"Armaments","floor":7,"key":"SMITH"},{"floor":10,"key":"REST"},{"data":"Carnage","floor":13,"key":"SMITH"},{"data":"Feel No Pain","floor":15,"key":"SMITH"}],"neow_cost":"NONE","seed_source_timestamp":3377568341578056,"circlet_count":0,"master_deck":["AscendersBane","Strike_R","Strike_R","Strike_R","Strike_R","Defend_R","Defend_R","Defend_R","Defend_R","Bash","Ghostly Armor","Armaments+1","Twin Strike","Carnage+1","Parasite","Offering","Feel No Pain+1"],"relics":["Burning Blood","Orichalcum","Blood Vial","PreservedInsect","Darkstone Periapt","Ice Cream"],"potions_floor_usage":[1,16],"damage_taken":[{"damage":14,"enemies":"Small Slimes","floor":1,"turns":4},{"damage":8,"enemies":"2 Louse","floor":4,"turns":3},{"damage":52,"enemies":"3 Sentries","floor":6,"turns":18},{"damage":16,"enemies":"Lagavulin","floor":12,"turns":5},{"damage":15,"enemies":"3 Sentries","floor":14,"turns":6},{"damage":56,"enemies":"Hexaghost","floor":16,"turns":12}],"seed_played":"-4940658154926586330","potions_obtained":[{"floor":1,"key":"Fruit Juice"},{"floor":12,"key":"Swift Potion"}],"is_trial":false,"path_per_floor":["M","?","?","M","$","E","R","$","T","R","?","E","R","E","R","B"],"character_chosen":"IRONCLAD","items_purchased":["Armaments","Carnage"],"campfire_rested":1,"item_purchase_floors":[5,8],"current_hp_per_floor":[65,80,69,67,67,21,21,21,21,45,65,57,57,50,50,0],"gold":133,"neow_bonus":"RANDOM_COMMON_RELIC","is_prod":false,"is_daily":false,"chose_seed":false,"campfire_upgraded":3,"win_rate":0,"timestamp":1547599982,"path_taken":["M","?","?","M","$","E","R","?","T","R","?","E","R","E","R","BOSS"],"build_version":"2019-01-10","purchased_purges":1,"victory":false,"max_hp_per_floor":[80,80,80,80,80,80,80,80,80,80,80,80,80,80,80,80],"card_choices":[{"not_picked":["Rupture","Headbutt"],"picked":"Ghostly Armor","floor":1},{"not_picked":["Clash","Clothesline","Blood for Blood"],"picked":"SKIP","floor":4},{"not_picked":["Armaments","Burning Pact"],"picked":"Twin Strike","floor":6},{"not_picked":["Thunderclap","Warcry"],"picked":"Offering","floor":12},{"not_picked":["Pommel Strike","Twin Strike"],"picked":"Feel No Pain","floor":14}],"player_experience":740800,"relics_obtained":[{"floor":6,"key":"Blood Vial"},{"floor":9,"key":"PreservedInsect"},{"floor":12,"key":"Darkstone Periapt"},{"floor":14,"key":"Ice Cream"}],"event_choices":[{"damage_healed":20,"gold_gain":0,"player_choice":"Healed","damage_taken":0,"max_hp_gain":0,"max_hp_loss":0,"event_name":"The Cleric","floor":2,"gold_loss":35},{"damage_healed":0,"gold_gain":75,"player_choice":"Gather Gold","damage_taken":11,"max_hp_gain":0,"max_hp_loss":0,"event_name":"World of Goop","floor":3,"gold_loss":0},{"damage_healed":20,"gold_gain":0,"player_choice":"Healed and dodged fight","damage_taken":0,"max_hp_gain":0,"max_hp_loss":0,"event_name":"Mushrooms","floor":11,"gold_loss":0,"cards_obtained":["Parasite"]}],"is_beta":false,"boss_relics":[],"items_purged_floors":[5],"is_endless":false,"potions_floor_spawned":[1,12],"killed_by":"Hexaghost","ascension_level":18}