{"gold_per_floor":[20,170,190,200,220,240,267,267],"floor_reached":8,"playtime":665,"items_purged":[],"score":111,"play_id":"b33b8531-53cc-4235-ad06-2f72db58e43a","local_time":"20190101181207","is_ascension_mode":true,"campfire_choices":[],"neow_cost":"NO_GOLD","seed_source_timestamp":2140335982310009,"circlet_count":0,"master_deck":["AscendersBane","Strike_R","Strike_R","Strike_R","Strike_R","Strike_R","Defend_R","Defend_R","Defend_R","Defend_R","Bash","Barricade","Rampage","Doubt","Whirlwind","Inflame","Flame Barrier","Warcry"],"relics":["Burning Blood","Oddly Smooth Stone"],"potions_floor_usage":[6,6,7],"damage_taken":[{"damage":7,"enemies":"2 Louse","floor":1,"turns":4},{"damage":7,"enemies":"Cultist","floor":3,"turns":4},{"damage":16,"enemies":"Jaw Worm","floor":4,"turns":5},{"damage":16,"enemies":"2 Fungi Beasts","floor":5,"turns":4},{"damage":0,"enemies":"Large Slime","floor":6,"turns":2},{"damage":54,"enemies":"Gremlin Nob","floor":7,"turns":6},{"damage":19,"enemies":"Exordium Wildlife","floor":8,"turns":4}],"seed_played":"-6186398411240975910","potions_obtained":[{"floor":3,"key":"AttackPotion"},{"floor":4,"key":"Weak Potion"},{"floor":5,"key":"BloodPotion"},{"floor":6,"key":"Fruit Juice"}],"is_trial":false,"path_per_floor":["M","?","M","M","M","M","E","M"],"character_chosen":"IRONCLAD","items_purchased":[],"campfire_rested":0,"item_purchase_floors":[],"current_hp_per_floor":[67,67,66,56,46,57,17,0],"gold":267,"neow_bonus":"THREE_RARE_CARDS","is_prod":false,"is_daily":false,"chose_seed":false,"campfire_upgraded":0,"win_rate":0,"timestamp":1546362727,"path_taken":["M","?","M","M","M","M","E","M"],"build_version":"2018-12-20","purchased_purges":0,"victory":false,"max_hp_per_floor":[75,75,75,75,75,80,80,80],"card_choices":[{"not_picked":["Berserk","Immolate"],"picked":"Barricade","floor":0},{"not_picked":["Iron Wave","Disarm"],"picked":"Rampage","floor":1},{"not_picked":["Armaments","Twin Strike"],"picked":"Whirlwind","floor":3},{"not_picked":["Rampage","Intimidate"],"picked":"Inflame","floor":4},{"not_picked":["Fire Breathing","Anger"],"picked":"Flame Barrier","floor":6},{"not_picked":["Twin Strike","Immolate"],"picked":"Warcry","floor":7}],"player_experience":649296,"relics_obtained":[{"floor":7,"key":"Oddly Smooth Stone"}],"event_choices":[{"damage_healed":0,"gold_gain":150,"player_choice":"AGREE","damage_taken":0,"max_hp_gain":0,"max_hp_loss":0,"event_name":"Liars Game","floor":2,"gold_loss":0,"cards_obtained":["Doubt"]}],"is_beta":false,"boss_relics":[],"items_purged_floors":[],"is_endless":false,"potions_floor_spawned":[3,4,5,6],"killed_by":"Exordium Wildlife","ascension_level":17}