{"gold_per_floor":[116,128,147,147,160,160,185,198,221,261,283,295,45,24,24,24],"floor_reached":16,"playtime":1359,"items_purged":[],"score":212,"play_id":"b9afaec5-a6eb-47cd-bb38-532f43e08078","local_time":"20190129234512","is_ascension_mode":true,"campfire_choices":[{"data":"Buffer","floor":6,"key":"SMITH"},{"data":"Go for the Eyes","floor":12,"key":"SMITH"},{"data":"Zap","floor":15,"key":"SMITH"}],"neow_cost":"NONE","seed_source_timestamp":520676586168800,"circlet_count":0,"master_deck":["AscendersBane","Strike_B","Strike_B","Strike_B","Strike_B","Defend_B","Defend_B","Defend_B","Defend_B","Zap+1","Dualcast","Buffer+1","Stack","Doom and Gloom","Sunder","Rip and Tear","Glacier","Ball Lightning","Go for the Eyes+1"],"relics":["Cracked Core","Bag of Preparation","MawBank","Art of War","Molten Egg 2"],"potions_floor_usage":[5,7,11],"damage_taken":[{"damage":1,"enemies":"2 Louse","floor":1,"turns":2},{"damage":10,"enemies":"Small Slimes","floor":2,"turns":3},{"damage":1,"enemies":"Cultist","floor":3,"turns":5},{"damage":11,"enemies":"Gremlin Gang","floor":5,"turns":3},{"damage":20,"enemies":"3 Sentries","floor":7,"turns":6},{"damage":1,"enemies":"Looter","floor":8,"turns":3},{"damage":0,"enemies":"Gremlin Nob","floor":10,"turns":5},{"damage":6,"enemies":"Lots of Slimes","floor":11,"turns":3},{"damage":18,"enemies":"Hexaghost","floor":16,"turns":11}],"seed_played":"8332110156806075063","potions_obtained":[{"floor":1,"key":"Fire Potion"},{"floor":2,"key":"PowerPotion"},{"floor":10,"key":"EssenceOfSteel"}],"is_trial":false,"path_per_floor":["M","M","M","?","M","R","E","M","T","E","M","R","$","?","R","B"],"character_chosen":"DEFECT","items_purchased":["Molten Egg 2"],"campfire_rested":0,"item_purchase_floors":[13],"current_hp_per_floor":[67,57,56,56,45,45,25,24,24,24,18,18,18,18,18,0],"gold":24,"neow_bonus":"ONE_RANDOM_RARE_CARD","is_prod":false,"is_daily":false,"chose_seed":false,"campfire_upgraded":3,"win_rate":0,"timestamp":1548805512,"path_taken":["M","M","M","?","M","R","E","M","T","E","M","R","$","?","R","BOSS"],"build_version":"2019-01-23","purchased_purges":0,"victory":false,"max_hp_per_floor":[75,75,75,75,75,75,75,75,75,75,75,75,75,75,75,75],"card_choices":[{"not_picked":["Leap","Reinforced Body","Self Repair"],"picked":"SKIP","floor":1},{"not_picked":["Skim","Undo"],"picked":"Stack","floor":2},{"not_picked":["Leap","Coolheaded"],"picked":"Doom and Gloom","floor":3},{"not_picked":["Recycle","Coolheaded"],"picked":"Sunder","floor":5},{"not_picked":["Meteor Strike","Force Field"],"picked":"Rip and Tear","floor":7},{"not_picked":["Beam Cell","Scrape"],"picked":"Glacier","floor":8},{"not_picked":["Stack","Sweeping Beam"],"picked":"Ball Lightning","floor":10},{"not_picked":["Stack","BootSequence"],"picked":"Go for the Eyes","floor":11}],"player_experience":209522,"relics_obtained":[{"floor":7,"key":"Bag of Preparation"},{"floor":9,"key":"MawBank"},{"floor":10,"key":"Art of War"}],"event_choices":[{"damage_healed":0,"gold_gain":0,"player_choice":"Ignored","damage_taken":0,"max_hp_gain":0,"max_hp_loss":0,"event_name":"Liars Game","floor":4,"gold_loss":0},{"damage_healed":0,"gold_gain":0,"player_choice":"Left Gold","damage_taken":0,"max_hp_gain":0,"max_hp_loss":0,"event_name":"World of Goop","floor":14,"gold_loss":21}],"is_beta":false,"boss_relics":[],"items_purged_floors":[],"is_endless":false,"potions_floor_spawned":[1,2,10],"killed_by":"Hexaghost","ascension_level":11}