{"gold_per_floor":[122,154,177,207,231,243,284,296,308,330,342],"floor_reached":11,"playtime":521,"items_purged":[],"score":96,"play_id":"c5e0c2a7-74ee-47ed-a5c8-4307331d3402","local_time":"20190119040909","is_ascension_mode":true,"campfire_choices":[{"data":"Zap","floor":6,"key":"SMITH"}],"neow_cost":"NONE","seed_source_timestamp":710047238558796,"circlet_count":0,"master_deck":["Strike_B","Strike_B","Strike_B","Strike_B","Defend_B","Defend_B","Defend_B","Defend_B","Zap+1","Dualcast","Loop","FTL"],"relics":["Cracked Core","MawBank","Bottled Flame","Ancient Tea Set","Ornamental Fan"],"potions_floor_usage":[],"damage_taken":[{"damage":1,"enemies":"Cultist","floor":1,"turns":3},{"damage":0,"enemies":"Small Slimes","floor":2,"turns":3},{"damage":1,"enemies":"2 Louse","floor":3,"turns":2},{"damage":21,"enemies":"Gremlin Gang","floor":4,"turns":6},{"damage":0,"enemies":"Large Slime","floor":5,"turns":5},{"damage":33,"enemies":"Lagavulin","floor":7,"turns":8},{"damage":7,"enemies":"Looter","floor":10,"turns":3},{"damage":21,"enemies":"Exordium Thugs","floor":11,"turns":3}],"seed_played":"-4251761360876734368","potions_obtained":[{"floor":5,"key":"FocusPotion"},{"floor":7,"key":"Regen Potion"}],"is_trial":false,"path_per_floor":["M","M","M","M","M","R","E","?","T","M","M"],"character_chosen":"DEFECT","items_purchased":[],"campfire_rested":0,"item_purchase_floors":[],"current_hp_per_floor":[74,74,73,52,52,52,19,19,19,12,0],"gold":342,"neow_bonus":"RANDOM_COMMON_RELIC","is_prod":false,"is_daily":false,"chose_seed":false,"campfire_upgraded":1,"win_rate":0,"timestamp":1547883549,"path_taken":["M","M","M","?","M","R","E","?","T","?","M"],"build_version":"2019-01-17v2","purchased_purges":0,"victory":false,"max_hp_per_floor":[75,75,75,75,75,75,75,75,75,75,75],"card_choices":[{"not_picked":["Sweeping Beam","Compile Driver"],"picked":"Loop","floor":1},{"not_picked":["Streamline","Redo","Barrage"],"picked":"SKIP","floor":2},{"not_picked":["Coolheaded","Darkness","Beam Cell"],"picked":"SKIP","floor":3},{"not_picked":["Leap","Go for the Eyes","Sweeping Beam"],"picked":"SKIP","floor":4},{"not_picked":["Coolheaded","Undo","Redo"],"picked":"SKIP","floor":5},{"not_picked":["Cold Snap","Hyperbeam","Barrage"],"picked":"SKIP","floor":7},{"not_picked":["BootSequence","Rebound"],"picked":"FTL","floor":10}],"player_experience":182790,"relics_obtained":[{"floor":7,"key":"Bottled Flame"},{"floor":9,"key":"Ornamental Fan"}],"event_choices":[{"damage_healed":0,"gold_gain":0,"player_choice":"Gave Potion","damage_taken":0,"relics_obtained":["Ancient Tea Set"],"max_hp_gain":0,"max_hp_loss":0,"event_name":"WeMeetAgain","floor":8,"gold_loss":0}],"is_beta":false,"boss_relics":[],"items_purged_floors":[],"is_endless":false,"potions_floor_spawned":[5,7],"killed_by":"Exordium Thugs","ascension_level":5}