{"gold_per_floor":[118,118,44,59,79,79,99,114,138,213,213,224,73,85,85,187,187,204,222,7,7,7],"floor_reached":22,"playtime":1433,"items_purged":["Zap"],"score":203,"play_id":"0c8e1a24-7f37-4877-8277-9c16d75708ae","local_time":"20190116024428","is_ascension_mode":false,"campfire_choices":[{"data":"Capacitor","floor":6,"key":"SMITH"},{"floor":11,"key":"REST"},{"floor":15,"key":"REST"}],"neow_cost":"NONE","seed_source_timestamp":483313802686734,"circlet_count":0,"master_deck":["Strike_B","Strike_B","Strike_B+1","Strike_B","Defend_B","Defend_B","Defend_B","Defend_B","Dualcast","Coolheaded","Capacitor+1","Cold Snap","Capacitor","Cold Snap+1","Coolheaded","Go for the Eyes","Glacier","Multi-Cast","Gash","Coolheaded+1","Barrage","Capacitor","Rip and Tear","Coolheaded"],"relics":["FrozenCore","Bag of Preparation","Whetstone"],"potions_floor_usage":[],"damage_taken":[{"damage":0,"enemies":"2 Louse","floor":1,"turns":4},{"damage":7,"enemies":"Cultist","floor":4,"turns":5},{"damage":6,"enemies":"Small Slimes","floor":5,"turns":4},{"damage":6,"enemies":"Exordium Wildlife","floor":7,"turns":5},{"damage":8,"enemies":"Blue Slaver","floor":8,"turns":5},{"damage":6,"enemies":"Looter","floor":12,"turns":4},{"damage":15,"enemies":"2 Fungi Beasts","floor":14,"turns":4},{"damage":24,"enemies":"Slime Boss","floor":16,"turns":26},{"damage":4,"enemies":"Spheric Guardian","floor":18,"turns":12},{"damage":18,"enemies":"Chosen","floor":19,"turns":14},{"damage":13,"enemies":"Colosseum Slavers","floor":21,"turns":10},{"damage":43,"enemies":"3 Cultists","floor":22,"turns":5}],"seed_played":"-751950607430057487","potions_obtained":[{"floor":2,"key":"GamblersBrew"},{"floor":2,"key":"SneckoOil"},{"floor":2,"key":"Dexterity Potion"},{"floor":16,"key":"Energy Potion"},{"floor":18,"key":"FocusPotion"}],"is_trial":false,"path_per_floor":["M","?","$","M","M","R","M","M","T","?","R","M","$","M","R","B",null,"M","M","$","?","M"],"character_chosen":"DEFECT","items_purchased":["Capacitor","Glacier","Barrage","Capacitor","Rip and Tear","Coolheaded"],"campfire_rested":2,"item_purchase_floors":[3,13,20,20,20,20],"current_hp_per_floor":[75,75,75,68,62,62,56,48,48,37,59,53,53,38,60,36,75,71,53,53,40,0],"gold":7,"neow_bonus":"RANDOM_COMMON_RELIC","is_prod":false,"is_daily":false,"chose_seed":false,"campfire_upgraded":1,"win_rate":0,"timestamp":1547603068,"path_taken":["M","?","$","M","M","R","M","?","T","?","R","M","$","M","R","BOSS","M","M","$","?","M"],"build_version":"2019-01-10","purchased_purges":1,"victory":false,"max_hp_per_floor":[75,75,75,75,75,75,75,75,75,75,75,75,75,75,75,75,75,75,75,75,75,75],"card_choices":[{"not_picked":["Compile Driver","Reprogram"],"picked":"Coolheaded","floor":1},{"not_picked":["Scrape","Rebound"],"picked":"Cold Snap","floor":4},{"not_picked":["Steam","Go for the Eyes"],"picked":"Capacitor","floor":5},{"not_picked":["Auto Shields","Rebound"],"picked":"Cold Snap","floor":7},{"not_picked":["Redo","Conserve Battery"],"picked":"Coolheaded","floor":8},{"not_picked":["Biased Cognition","Turbo"],"picked":"Go for the Eyes","floor":12},{"not_picked":["Rebound","Conserve Battery","Redo"],"picked":"SKIP","floor":14},{"not_picked":["Rainbow","Electrodynamics"],"picked":"Multi-Cast","floor":16},{"not_picked":["Beam Cell","Compile Driver"],"picked":"Gash","floor":18},{"not_picked":["Rebound+1","Beam Cell"],"picked":"Coolheaded+1","floor":19}],"player_experience":424256,"relics_obtained":[{"floor":9,"key":"Whetstone"}],"event_choices":[{"damage_healed":0,"gold_gain":0,"player_choice":"Got Potions","damage_taken":0,"max_hp_gain":0,"max_hp_loss":0,"event_name":"Lab","floor":2,"gold_loss":0},{"damage_healed":0,"gold_gain":75,"player_choice":"Gather Gold","damage_taken":11,"max_hp_gain":0,"max_hp_loss":0,"event_name":"World of Goop","floor":10,"gold_loss":0},{"damage_healed":0,"gold_gain":0,"player_choice":"Fight","damage_taken":0,"max_hp_gain":0,"max_hp_loss":0,"event_name":"Colosseum","floor":21,"gold_loss":0},{"damage_healed":0,"gold_gain":0,"player_choice":"Fled From Nobs","damage_taken":0,"max_hp_gain":0,"max_hp_loss":0,"event_name":"Colosseum","floor":21,"gold_loss":0}],"is_beta":false,"boss_relics":[{"not_picked":["Philosopher\u0027s Stone","Coffee Dripper"],"picked":"FrozenCore"}],"items_purged_floors":[13],"is_endless":false,"potions_floor_spawned":[4,16,18,21],"killed_by":"3 Cultists","ascension_level":0}