{"gold_per_floor":[109,9,28,103,115,142,15,15,39,57,76,93,93,112,112,112],"floor_reached":16,"playtime":2301,"items_purged":["Defend_R","Defend_R"],"score":104,"play_id":"3b75ad3f-1a9f-4e84-9bda-4d6b5008512b","local_time":"20190120191148","is_ascension_mode":false,"campfire_choices":[{"floor":15,"key":"REST"}],"neow_cost":"","seed_source_timestamp":553180308134982,"circlet_count":0,"master_deck":["Strike_R","Strike_R","Strike_R","Strike_R","Strike_R","Defend_R","Defend_R+1","Bash","Armaments","Warcry+1","Fire Breathing","Carnage","Demon Form","Armaments","Clothesline","Headbutt","Anger"],"relics":["Burning Blood","Juzu Bracelet","Red Skull","Golden Idol"],"potions_floor_usage":[6,12,16,16],"damage_taken":[{"damage":10,"enemies":"Cultist","floor":1,"turns":4},{"damage":2,"enemies":"Small Slimes","floor":3,"turns":3},{"damage":6,"enemies":"2 Louse","floor":5,"turns":3},{"damage":26,"enemies":"3 Sentries","floor":6,"turns":8},{"damage":17,"enemies":"Large Slime","floor":10,"turns":6},{"damage":3,"enemies":"Red Slaver","floor":11,"turns":4},{"damage":0,"enemies":"Blue Slaver","floor":12,"turns":1},{"damage":21,"enemies":"Exordium Thugs","floor":14,"turns":4},{"damage":58,"enemies":"The Guardian","floor":16,"turns":7}],"seed_played":"-2916953644831929155","potions_obtained":[{"floor":1,"key":"SpeedPotion"},{"floor":10,"key":"Regen Potion"},{"floor":11,"key":"AttackPotion"},{"floor":12,"key":"GamblersBrew"}],"is_trial":false,"path_per_floor":["M","$","M","?","M","E","$","?","T","M","M","M","?","M","R","B"],"character_chosen":"IRONCLAD","items_purchased":["Warcry","Armaments"],"campfire_rested":1,"item_purchase_floors":[2,7],"current_hp_per_floor":[76,76,80,69,69,49,49,33,33,22,25,31,31,16,38,0],"gold":112,"neow_bonus":"","is_prod":false,"is_daily":false,"chose_seed":false,"campfire_upgraded":0,"win_rate":0.0,"timestamp":1547979108,"path_taken":["M","?","M","?","M","E","$","?","T","M","M","M","?","M","R","BOSS"],"build_version":"2019-01-17v2","purchased_purges":2,"victory":false,"max_hp_per_floor":[80,80,80,80,80,80,80,80,80,80,80,80,74,74,74,74],"card_choices":[{"not_picked":["Blood for Blood","Second Wind"],"picked":"Armaments","floor":1},{"not_picked":["Bloodletting","Pummel"],"picked":"Fire Breathing","floor":3},{"not_picked":["Cleave","Twin Strike"],"picked":"Carnage","floor":5},{"not_picked":["Sword Boomerang","Heavy Blade"],"picked":"Demon Form","floor":6},{"not_picked":["Clash","Fire Breathing"],"picked":"Clothesline","floor":10},{"not_picked":["Flex","Spot Weakness","Inflame"],"picked":"SKIP","floor":11},{"not_picked":["Twin Strike","Bloodletting"],"picked":"Headbutt","floor":12},{"not_picked":["Twin Strike","Carnage"],"picked":"Anger","floor":14}],"player_experience":0,"relics_obtained":[{"floor":6,"key":"Juzu Bracelet"},{"floor":9,"key":"Red Skull"}],"event_choices":[{"damage_healed":0,"gold_gain":75,"player_choice":"Gather Gold","damage_taken":11,"max_hp_gain":0,"max_hp_loss":0,"event_name":"World of Goop","floor":4,"gold_loss":0},{"damage_healed":0,"gold_gain":0,"player_choice":"Entered Light","damage_taken":16,"max_hp_gain":0,"max_hp_loss":0,"event_name":"Shining Light","floor":8,"gold_loss":0,"cards_upgraded":["Defend_R","Warcry"]},{"damage_healed":0,"gold_gain":0,"player_choice":"Lose Max HP","damage_taken":0,"relics_obtained":["Golden Idol"],"max_hp_gain":0,"max_hp_loss":6,"event_name":"Golden Idol","floor":13,"gold_loss":0}],"is_beta":false,"boss_relics":[],"items_purged_floors":[2,7],"is_endless":false,"potions_floor_spawned":[1,10,11,12],"killed_by":"The Guardian","ascension_level":0}