{"gold_per_floor":[113,0,0,12,22,47,47,57,57,70,70,80,95,108,108,204,204,223,240,240,258,271,271,291,69,93,93,103,103,117,117,117,215,215,233,233,47,47,47,47,58,77,77,0,12,12,23,43,43,43],"floor_reached":50,"playtime":2425,"items_purged":["Strike_B","Zap+1"],"score":477,"play_id":"925beb63-6d2e-495f-8b68-7b118cc89a71","local_time":"20190131104035","is_ascension_mode":false,"campfire_choices":[{"data":"Chill","floor":7.0,"key":"SMITH"},{"data":"Chill","floor":11.0,"key":"SMITH"},{"floor":15.0,"key":"REST"},{"floor":23.0,"key":"REST"},{"floor":29.0,"key":"REST"},{"floor":32.0,"key":"REST"},{"data":"Defragment","floor":40.0,"key":"SMITH"},{"floor":46.0,"key":"REST"},{"floor":49.0,"key":"RECALL"}],"neow_cost":"NONE","seed_source_timestamp":1118592510201542,"circlet_count":0,"master_deck":["Strike_B","Defend_B","Defend_B","Defend_B","Defend_B","Dualcast","Sweeping Beam","Blizzard","Chill+1","White Noise","Streamline","Auto Shields","Chill+1","Machine Learning","Recycle+1","Cold Snap","Leap+1","Core Surge","Defragment+1","Coolheaded","Coolheaded+1","Seek","Redo+1","Barrage+1"],"special_seed":0,"relics":["FrozenCore","Singing Bowl","Sozu","PreservedInsect","Potion Belt","Pen Nib","Red Mask"],"potions_floor_usage":[],"damage_taken":[{"damage":0.0,"enemies":"Small Slimes","floor":1.0,"turns":3.0},{"damage":0.0,"enemies":"Cultist","floor":4.0,"turns":3.0},{"damage":8.0,"enemies":"Jaw Worm","floor":5.0,"turns":4.0},{"damage":17.0,"enemies":"3 Sentries","floor":6.0,"turns":10.0},{"damage":0.0,"enemies":"2 Fungi Beasts","floor":8.0,"turns":3.0},{"damage":19.0,"enemies":"Exordium Thugs","floor":10.0,"turns":4.0},{"damage":7.0,"enemies":"Looter","floor":12.0,"turns":3.0},{"damage":11.0,"enemies":"Large Slime","floor":13.0,"turns":5.0},{"damage":7.0,"enemies":"Blue Slaver","floor":14.0,"turns":3.0},{"damage":26.0,"enemies":"The Guardian","floor":16.0,"turns":15.0},{"damage":21.0,"enemies":"Shell Parasite","floor":18.0,"turns":6.0},{"damage":0.0,"enemies":"3 Byrds","floor":19.0,"turns":5.0},{"damage":28.0,"enemies":"Sentry and Sphere","floor":21.0,"turns":6.0},{"damage":29.0,"enemies":"Snake Plant","floor":22.0,"turns":7.0},{"damage":16.0,"enemies":"3 Cultists","floor":24.0,"turns":7.0},{"damage":7.0,"enemies":"Cultist and Chosen","floor":28.0,"turns":8.0},{"damage":9.0,"enemies":"Centurion and Healer","floor":30.0,"turns":8.0},{"damage":53.0,"enemies":"Champ","floor":33.0,"turns":12.0},{"damage":9.0,"enemies":"3 Darklings","floor":35.0,"turns":6.0},{"damage":0.0,"enemies":"3 Shapes","floor":41.0,"turns":7.0},{"damage":57.0,"enemies":"Transient","floor":42.0,"turns":5.0},{"damage":22.0,"enemies":"Writhing Mass","floor":45.0,"turns":12.0},{"damage":8.0,"enemies":"Maw","floor":47.0,"turns":11.0},{"damage":0.0,"enemies":"Spire Growth","floor":48.0,"turns":8.0},{"damage":28,"enemies":"Awakened One","floor":50,"turns":4}],"seed_played":"-8749567006908787533","potions_obtained":[{"floor":5.0,"key":"EssenceOfSteel"},{"floor":6.0,"key":"Regen Potion"},{"floor":8.0,"key":"SpeedPotion"},{"floor":10.0,"key":"LiquidBronze"}],"is_trial":false,"path_per_floor":["M","$","?","M","M","E","R","M","T","M","R","M","M","M","R","B",null,"M","M","?","M","M","R","M","$","T","?","M","R","M","?","R","B",null,"M","?","$","?","?","R","M","M","T","?","M","R","M","M","R","B"],"character_chosen":"DEFECT","items_purchased":["Blizzard","Chill","PreservedInsect","Defragment","Coolheaded"],"campfire_rested":5,"item_purchase_floors":[2,2,25,37,37],"current_hp_per_floor":[75,75,75,75,67,50,50,50,50,31,31,26,17,12,36,19,81,60,62,62,34,5,29,15,15,15,15,10,36,29,29,55,2,89,82,84,84,84,84,84,84,29,29,29,7,35,27,27,27,0],"gold":43,"neow_bonus":"UPGRADE_CARD","is_prod":false,"is_daily":false,"chose_seed":false,"campfire_upgraded":3,"win_rate":0,"timestamp":1548902435,"path_taken":["M","$","?","M","M","E","R","M","T","M","R","M","M","M","R","BOSS","M","M","?","M","M","R","M","?","T","?","M","R","M","?","R","BOSS","M","?","$","?","?","R","M","M","T","?","M","R","?","M","R","BOSS"],"build_version":"2019-01-23","purchased_purges":2,"victory":false,"max_hp_per_floor":[75,75,75,75,75,75,75,75,75,75,75,77,79,81,81,81,81,81,83,83,83,83,83,85,85,85,85,87,87,89,89,89,89,89,91,93,93,93,93,93,93,95,95,95,95,95,95,95,95,95],"card_choices":[{"not_picked":["Stack","Hologram"],"picked":"Sweeping Beam","floor":1.0},{"not_picked":["Hologram","Scrape"],"picked":"White Noise","floor":4.0},{"not_picked":["Consume","Steam","Scrape"],"picked":"SKIP","floor":5.0},{"not_picked":["FTL","Turbo"],"picked":"Streamline","floor":6.0},{"not_picked":["Hologram","Doom and Gloom"],"picked":"Auto Shields","floor":8.0},{"not_picked":["White Noise","Lockon"],"picked":"Chill","floor":10.0},{"not_picked":["Beam Cell","Reinforced Body","Steam"],"picked":"Singing Bowl","floor":12.0},{"not_picked":["Go for the Eyes","Force Field","Aggregate"],"picked":"Singing Bowl","floor":13.0},{"not_picked":["Darkness","Reprogram","Capacitor"],"picked":"Singing Bowl","floor":14.0},{"not_picked":["Seek","All For One"],"picked":"Machine Learning","floor":16.0},{"not_picked":["Rip and Tear","Beam Cell"],"picked":"Recycle+1","floor":18.0},{"not_picked":["Reprogram","Rip and Tear","Loop"],"picked":"Singing Bowl","floor":19.0},{"not_picked":["Rip and Tear","Go for the Eyes"],"picked":"Cold Snap","floor":21.0},{"not_picked":["Compile Driver","Steam+1"],"picked":"Leap+1","floor":22.0},{"not_picked":["Scrape","Turbo","Hyperbeam"],"picked":"Singing Bowl","floor":24.0},{"not_picked":["Steam Power","Steam+1","Lockon+1"],"picked":"Singing Bowl","floor":28.0},{"not_picked":["Consume+1","Stack","Doom and Gloom"],"picked":"Singing Bowl","floor":30.0},{"not_picked":["Buffer","Creative AI"],"picked":"Core Surge","floor":33.0},{"not_picked":["Beam Cell+1","Hologram+1","Scrape"],"picked":"Singing Bowl","floor":35.0},{"not_picked":["HandOfGreed","Thinking Ahead","Purity"],"picked":"Singing Bowl","floor":36.0},{"not_picked":["Streamline","Ball Lightning"],"picked":"Coolheaded+1","floor":41.0},{"not_picked":["Double Energy","Leap+1","Gash+1"],"picked":"Singing Bowl","floor":42.0},{"not_picked":["FTL","Beam Cell"],"picked":"Seek","floor":45.0},{"not_picked":["Melter+1","Streamline+1"],"picked":"Redo+1","floor":47.0},{"not_picked":["Reinforced Body+1","Chaos+1"],"picked":"Barrage+1","floor":48.0}],"player_experience":615892,"relics_obtained":[{"floor":6.0,"key":"Singing Bowl"},{"floor":26.0,"key":"Potion Belt"},{"floor":43.0,"key":"Pen Nib"}],"event_choices":[{"damage_healed":0.0,"max_hp_gain":0.0,"max_hp_loss":0.0,"gold_gain":0.0,"event_name":"WeMeetAgain","player_choice":"Ignored","floor":3.0,"gold_loss":0.0,"damage_taken":0.0},{"damage_healed":0.0,"max_hp_gain":0.0,"max_hp_loss":0.0,"gold_gain":0.0,"cards_transformed":["Strike_B"],"event_name":"Transmorgrifier","player_choice":"Transformed","floor":20.0,"gold_loss":0.0,"damage_taken":0.0,"cards_obtained":["Sunder"]},{"damage_healed":0.0,"max_hp_gain":0.0,"max_hp_loss":0.0,"gold_gain":0.0,"event_name":"Ghosts","player_choice":"Ignored","floor":27.0,"gold_loss":0.0,"damage_taken":0.0},{"cards_removed":["Strike_B"],"damage_healed":0.0,"max_hp_gain":0.0,"max_hp_loss":0.0,"gold_gain":0.0,"event_name":"Back to Basics","player_choice":"Elegance","floor":31.0,"gold_loss":0.0,"damage_taken":0.0},{"damage_healed":0.0,"max_hp_gain":0.0,"max_hp_loss":0.0,"gold_gain":0.0,"event_name":"SensoryStone","player_choice":"Memory 1","floor":36.0,"gold_loss":0.0,"damage_taken":0.0},{"cards_removed":["Sunder"],"damage_healed":0.0,"max_hp_gain":0.0,"max_hp_loss":0.0,"gold_gain":0.0,"event_name":"Falling","player_choice":"Removed Attack","floor":38.0,"gold_loss":0.0,"damage_taken":0.0},{"damage_healed":0.0,"max_hp_gain":0.0,"max_hp_loss":0.0,"gold_gain":0.0,"event_name":"Mysterious Sphere","player_choice":"Ignored","floor":39.0,"gold_loss":0.0,"damage_taken":0.0},{"damage_healed":0.0,"max_hp_gain":0.0,"max_hp_loss":0.0,"gold_gain":0.0,"event_name":"Tomb of Lord Red Mask","player_choice":"Paid","floor":44.0,"gold_loss":77.0,"damage_taken":0.0,"relics_obtained":["Red Mask"]}],"is_beta":false,"boss_relics":[{"not_picked":["Coffee Dripper","Eternal Feather"],"picked":"Sozu"},{"not_picked":["Runic Dome","White Beast Statue"],"picked":"FrozenCore"}],"items_purged_floors":[25,37],"is_endless":false,"potions_floor_spawned":[5,6,8,10,19,21,22,24,30,42,47,48],"killed_by":"Awakened One","ascension_level":0}