{"gold_per_floor":[117,117,117,117,136,171,96,124,124,24,44,60,60,71,71,172,172,184,184,184,184,199,199,210,210,210,210],"floor_reached":27,"playtime":3290,"items_purged":["Strike_G","Strike_G"],"score":257,"play_id":"133adf4b-3b80-4237-a648-5ea809c0c48e","local_time":"20181226053702","is_ascension_mode":true,"campfire_choices":[{"floor":13,"key":"REST"},{"floor":15,"key":"REST"},{"data":"Tools of the Trade","floor":23,"key":"SMITH"},{"floor":25,"key":"REST"}],"neow_cost":"NONE","seed_source_timestamp":368336487288706,"circlet_count":0,"master_deck":["Defend_G","Defend_G+1","Defend_G","Defend_G","Strike_G","Strike_G","Strike_G+1","Survivor","Neutralize","Prepared+1","Flying Knee","Flying Knee","Accuracy","Distraction+1","Bouncing Flask+1","Cloak And Dagger+1","Acrobatics+1","Tools of the Trade+1","Dodge and Roll+1","Ghostly+1","Ghostly+1","Ghostly+1","Ghostly+1","Ghostly+1","Burst+1","Prepared+1","Bouncing Flask+1"],"relics":["Ring of the Snake","Toxic Egg 2","Anchor","The Specimen","Pantograph","Black Star"],"potions_floor_usage":[6,22,22,27,27,27],"damage_taken":[{"damage":4,"enemies":"Cultist","floor":1,"turns":5},{"damage":0,"enemies":"Small Slimes","floor":5,"turns":3},{"damage":22,"enemies":"3 Sentries","floor":6,"turns":7},{"damage":26,"enemies":"Gremlin Nob","floor":8,"turns":5},{"damage":0,"enemies":"Jaw Worm","floor":11,"turns":4},{"damage":0,"enemies":"3 Louse","floor":12,"turns":4},{"damage":0,"enemies":"Looter","floor":14,"turns":3},{"damage":40,"enemies":"Slime Boss","floor":16,"turns":12},{"damage":21,"enemies":"Shell Parasite","floor":18,"turns":6},{"damage":8,"enemies":"3 Byrds","floor":22,"turns":6},{"damage":6,"enemies":"Centurion and Healer","floor":24,"turns":9},{"damage":33,"enemies":"Book of Stabbing","floor":27,"turns":6}],"seed_played":"-3549870714217260863","potions_obtained":[{"floor":1,"key":"Energy Potion"},{"floor":5,"key":"Strength Potion"},{"floor":11,"key":"Energy Potion"},{"floor":12,"key":"LiquidBronze"},{"floor":22,"key":"Explosive Potion"},{"floor":24,"key":"Poison Potion"}],"is_trial":false,"path_per_floor":["M","T","?","?","M","E","$","E","T","$","M","M","R","M","R","B",null,"M","?","?","?","M","R","M","R","T","E"],"character_chosen":"THE_SILENT","items_purchased":[],"campfire_rested":3,"item_purchase_floors":[],"current_hp_per_floor":[66,66,52,52,52,30,30,4,4,4,4,4,25,25,46,30,70,49,49,35,35,27,27,21,31,31,0],"gold":210,"neow_bonus":"THREE_CARDS","is_prod":false,"is_daily":false,"chose_seed":false,"campfire_upgraded":1,"win_rate":0,"timestamp":1545815222,"path_taken":["M","?","?","?","M","E","$","E","T","$","M","?","R","M","R","BOSS","M","?","?","?","M","R","?","R","T","E"],"build_version":"2018-12-20","purchased_purges":2,"victory":false,"max_hp_per_floor":[70,70,70,70,70,70,70,70,70,70,70,70,70,70,70,70,70,70,70,35,35,35,35,35,35,35,35],"card_choices":[{"not_picked":["Predator","Finisher"],"picked":"Prepared","floor":0},{"not_picked":["Noxious Fumes","Deflect"],"picked":"Flying Knee","floor":1},{"not_picked":["Finisher","Outmaneuver+1"],"picked":"Flying Knee","floor":5},{"not_picked":["Slice","Distraction+1"],"picked":"Accuracy","floor":6},{"not_picked":["Heel Hook","Skewer"],"picked":"Distraction+1","floor":8},{"not_picked":["Poisoned Stab","Dagger Throw"],"picked":"Bouncing Flask+1","floor":11},{"not_picked":["Caltrops","Predator"],"picked":"Cloak And Dagger+1","floor":12},{"not_picked":["Poisoned Stab","Skewer"],"picked":"Acrobatics+1","floor":14},{"not_picked":["After Image","A Thousand Cuts"],"picked":"Tools of the Trade","floor":16},{"not_picked":["Quick Slash","Acrobatics+1"],"picked":"Dodge and Roll+1","floor":18},{"not_picked":["Underhanded Strike","Riddle With Holes"],"picked":"Prepared+1","floor":22},{"not_picked":["Underhanded Strike","PiercingWail+1"],"picked":"Bouncing Flask+1","floor":24}],"player_experience":36926,"relics_obtained":[{"floor":2,"key":"Toxic Egg 2"},{"floor":6,"key":"Anchor"},{"floor":8,"key":"The Specimen"},{"floor":9,"key":"Pantograph"}],"event_choices":[{"damage_healed":0,"gold_gain":0,"player_choice":"Entered Light","damage_taken":14,"max_hp_gain":0,"max_hp_loss":0,"event_name":"Shining Light","floor":3,"gold_loss":0,"cards_upgraded":["Defend_G","Strike_G"]},{"damage_healed":0,"gold_gain":0,"player_choice":"Upgraded","damage_taken":0,"max_hp_gain":0,"max_hp_loss":0,"event_name":"Upgrade Shrine","floor":4,"gold_loss":0,"cards_upgraded":["Prepared"]},{"damage_healed":0,"gold_gain":0,"player_choice":"Ignored","damage_taken":0,"max_hp_gain":0,"max_hp_loss":0,"event_name":"Cursed Tome","floor":19,"gold_loss":0},{"damage_healed":0,"gold_gain":0,"player_choice":"Became a Ghost","damage_taken":0,"max_hp_gain":0,"max_hp_loss":35,"event_name":"Ghosts","floor":20,"gold_loss":0,"cards_obtained":["Ghostly","Ghostly","Ghostly","Ghostly","Ghostly"]},{"damage_healed":0,"gold_gain":0,"cards_transformed":["Defend_G"],"player_choice":"Transformed","damage_taken":0,"max_hp_gain":0,"max_hp_loss":0,"event_name":"Transmorgrifier","floor":21,"gold_loss":0,"cards_obtained":["Burst"]}],"is_beta":false,"boss_relics":[{"not_picked":["Coffee Dripper","White Beast Statue"],"picked":"Black Star"}],"items_purged_floors":[7,10],"is_endless":false,"potions_floor_spawned":[1,5,11,12,22,24],"killed_by":"Book of Stabbing","ascension_level":1}