{"gold_per_floor":[365,540,105,123,123,123,133,152,228,256,2,33,43,43,43,43],"floor_reached":16,"playtime":935,"items_purged":["Doubt"],"score":110,"play_id":"04d04e04-cf84-437b-9d48-cba1e282a341","local_time":"20190114171459","is_ascension_mode":false,"campfire_choices":[{"data":"Capacitor","floor":6,"key":"SMITH"},{"floor":15,"key":"REST"}],"neow_cost":"CURSE","seed_source_timestamp":363224350407735,"circlet_count":0,"master_deck":["Strike_B+1","Strike_B","Strike_B","Strike_B","Defend_B","Defend_B","Defend_B","Defend_B","Dualcast","Writhe","BootSequence","Chill+1","Capacitor+1","Conserve Battery","Sweeping Beam","Cold Snap","Barrage","Sweeping Beam","Coolheaded","Redo"],"relics":["Cracked Core","ClockworkSouvenir","Boot","Bottled Tornado","Dream Catcher"],"potions_floor_usage":[],"damage_taken":[{"damage":7,"enemies":"Small Slimes","floor":1,"turns":4},{"damage":0,"enemies":"2 Louse","floor":4,"turns":3},{"damage":3,"enemies":"Jaw Worm","floor":7,"turns":4},{"damage":0,"enemies":"Blue Slaver","floor":8,"turns":4},{"damage":32,"enemies":"Gremlin Nob","floor":10,"turns":7},{"damage":1,"enemies":"3 Sentries","floor":12,"turns":6},{"damage":9,"enemies":"Exordium Thugs","floor":13,"turns":5},{"damage":30,"enemies":"Hexaghost","floor":16,"turns":9}],"seed_played":"9000703253382207052","potions_obtained":[{"floor":7,"key":"Strength Potion"},{"floor":8,"key":"Strength Potion"},{"floor":12,"key":"Explosive Potion"}],"is_trial":false,"path_per_floor":["M","?","$","M","?","R","M","M","T","E","$","E","M","?","R","B"],"character_chosen":"DEFECT","items_purchased":["Chill","Capacitor","ClockworkSouvenir","Bottled Tornado"],"campfire_rested":1,"item_purchase_floors":[3,3,3,11],"current_hp_per_floor":[68,68,68,68,53,53,50,50,50,18,18,17,8,8,30,0],"gold":43,"neow_bonus":"TWO_FIFTY_GOLD","is_prod":false,"is_daily":false,"chose_seed":false,"campfire_upgraded":1,"win_rate":0,"timestamp":1547482499,"path_taken":["M","?","$","M","?","R","M","M","T","E","$","E","M","?","R","BOSS"],"build_version":"2019-01-10","purchased_purges":1,"victory":false,"max_hp_per_floor":[75,75,75,75,75,75,75,75,75,75,75,75,75,75,75,75],"card_choices":[{"not_picked":["Beam Cell","Consume"],"picked":"BootSequence","floor":1},{"not_picked":["White Noise","Aggregate"],"picked":"Conserve Battery","floor":4},{"not_picked":["Compile Driver","Chaos"],"picked":"Sweeping Beam","floor":7},{"not_picked":["Turbo","Stack"],"picked":"Cold Snap","floor":8},{"not_picked":["Leap","Tempest"],"picked":"Barrage","floor":10},{"not_picked":["Rebound","Lockon"],"picked":"Sweeping Beam","floor":12},{"not_picked":["All For One","Redo"],"picked":"Coolheaded","floor":13},{"not_picked":["Beam Cell","Tempest"],"picked":"Redo","floor":15}],"player_experience":415119,"relics_obtained":[{"floor":10,"key":"Boot"},{"floor":12,"key":"Dream Catcher"}],"event_choices":[{"damage_healed":0,"gold_gain":175,"player_choice":"AGREE","damage_taken":0,"max_hp_gain":0,"max_hp_loss":0,"event_name":"Liars Game","floor":2,"gold_loss":0,"cards_obtained":["Doubt"]},{"damage_healed":0,"gold_gain":0,"player_choice":"Entered Light","damage_taken":15,"max_hp_gain":0,"max_hp_loss":0,"event_name":"Shining Light","floor":5,"gold_loss":0,"cards_upgraded":["Strike_B","Chill"]},{"cards_removed":["Zap"],"damage_healed":0,"gold_gain":0,"player_choice":"Forget","damage_taken":0,"max_hp_gain":0,"max_hp_loss":0,"event_name":"Living Wall","floor":14,"gold_loss":0}],"is_beta":false,"boss_relics":[],"items_purged_floors":[3],"is_endless":false,"potions_floor_spawned":[7,8,12],"killed_by":"Hexaghost","ascension_level":0}