{"gold_per_floor":[109,209,219,238,253,286,286,303,303,303,303,321,321,307,307,405,405,422,439,458,458,476,476,257,257,257,257,257,257,268,193,193,296,296,310,330,330,340,340,340,35,35,61,61,78,78,97,97,97,97],"floor_reached":50,"playtime":2315,"items_purged":["Defend_B","Hyperbeam"],"score":488,"play_id":"11121b59-d96a-47cb-bd23-5a106eab12f4","local_time":"20180819165641","is_ascension_mode":true,"campfire_choices":[{"floor":7.0,"key":"REST"},{"data":"Leap","floor":11.0,"key":"SMITH"},{"data":"Zap","floor":15.0,"key":"SMITH"},{"data":"Ball Lightning","floor":23,"key":"SMITH"},{"data":"Self Repair","floor":25,"key":"SMITH"},{"data":"Conserve Battery","floor":27,"key":"SMITH"},{"data":"Defragment","floor":29,"key":"SMITH"},{"floor":32,"key":"REST"},{"data":"Defragment","floor":40,"key":"SMITH"},{"data":"Thunder Strike","floor":42,"key":"SMITH"},{"data":"Loop","floor":44,"key":"SMITH"},{"floor":49,"key":"REST"}],"neow_cost":"NONE","seed_source_timestamp":0,"circlet_count":0,"master_deck":["Defend_B","Defend_B","Zap+1","Dualcast","Defragment+1","BootSequence","Leap+1","Self Repair+1","Conserve Battery+1","Double Energy+1","Core Surge+1","Genetic Algorithm+1","White Noise","Conserve Battery+1","Ball Lightning+1","FTL+1","Leap+1","Seek","Defragment+1","Thunder Strike+1","Loop+1","Madness","Madness"],"special_seed":0,"relics":["Cracked Core","Bag of Preparation","Gremlin Horn","Bird Faced Urn","Astrolabe","Blood Vial","Bottled Flame","Busted Crown","Juzu Bracelet","Du-Vu Doll"],"potions_floor_usage":[33,50],"damage_taken":[{"damage":2.0,"enemies":"Jaw Worm","floor":1.0,"turns":4.0},{"damage":0.0,"enemies":"Cultist","floor":3.0,"turns":3.0},{"damage":1.0,"enemies":"2 Louse","floor":4.0,"turns":2.0},{"damage":43.0,"enemies":"Lots of Slimes","floor":5.0,"turns":6.0},{"damage":18.0,"enemies":"3 Sentries","floor":6.0,"turns":7.0},{"damage":0.0,"enemies":"Blue Slaver","floor":8.0,"turns":5.0},{"damage":0.0,"enemies":"3 Louse","floor":12.0,"turns":5.0},{"damage":0.0,"enemies":"Exordium Thugs","floor":14.0,"turns":4.0},{"damage":34.0,"enemies":"The Guardian","floor":16.0,"turns":17.0},{"damage":16,"enemies":"2 Thieves","floor":18,"turns":4},{"damage":7,"enemies":"Chosen","floor":19,"turns":6},{"damage":36,"enemies":"Centurion and Healer","floor":20,"turns":9},{"damage":4,"enemies":"Shelled Parasite and Fungi","floor":22,"turns":7},{"damage":31,"enemies":"Cultist and Chosen","floor":30,"turns":5},{"damage":51,"enemies":"Champ","floor":33,"turns":10},{"damage":0,"enemies":"Orb Walker","floor":35,"turns":3},{"damage":0,"enemies":"Flame Bruiser 1 Orb","floor":36,"turns":7},{"damage":0,"enemies":"4 Shapes","floor":38,"turns":2},{"damage":38,"enemies":"Flame Bruiser 2 Orb","floor":45,"turns":5},{"damage":0,"floor":46,"turns":6},{"damage":20,"enemies":"3 Darklings","floor":47,"turns":5},{"damage":78,"enemies":"Donu and Deca","floor":50,"turns":7}],"seed_played":"1682365876341139857","potions_obtained":[{"floor":1.0,"key":"Regen Potion"},{"floor":4.0,"key":"Ancient Potion"},{"floor":5.0,"key":"Energy Potion"},{"floor":16.0,"key":"Weak Potion"},{"floor":33,"key":"FearPotion"},{"floor":35,"key":"Poison Potion"}],"is_trial":false,"path_per_floor":["M","?","M","M","M","E","R","M","T","?","R","M","?","M","R","B",null,"M","M","M","?","M","R","$","R","T","R","?","R","M","?","R","B",null,"M","M","?","M","?","R","$","R","T","R","M","?","M","?","R"],"character_chosen":"DEFECT","items_purchased":["Blood Vial","Thunder Strike","Dexterity Potion","Loop"],"campfire_rested":3,"item_purchase_floors":[24,41,41,41],"current_hp_per_floor":[73,73,73,72,29,26,48,55,55,48,48,59,59,70,70,47,75,68,74,48,48,57,57,57,57,57,57,57,57,46,46,68,35,75,75,75,75,75,75,75,75,75,75,75,53,75,68,59,75,0],"gold":97,"neow_bonus":"RANDOM_COMMON_RELIC","is_prod":false,"is_daily":false,"chose_seed":false,"campfire_upgraded":9,"win_rate":0,"timestamp":1534669001,"path_taken":["M","?","?","M","M","E","R","M","T","?","R","M","?","M","R","BOSS","M","M","M","?","M","R","$","R","T","R","?","R","M","?","R","BOSS","M","M","?","M","?","R","$","R","T","R","M","?","M","?","R","BOSS"],"build_version":"2018-08-16","purchased_purges":2,"victory":false,"max_hp_per_floor":[75,75,75,75,75,75,75,75,75,75,75,75,75,75,75,75,75,75,75,75,75,75,75,75,75,75,75,75,75,75,75,75,75,75,75,75,75,75,75,75,75,75,75,75,75,75,75,75,75,75],"card_choices":[{"not_picked":["Barrage","Recycle","Undo"],"picked":"SKIP","floor":1.0},{"not_picked":["Steam","Double Energy"],"picked":"Defragment","floor":3.0},{"not_picked":["Gash","Go for the Eyes"],"picked":"BootSequence","floor":4.0},{"not_picked":["Doom and Gloom","Redo"],"picked":"Leap","floor":5.0},{"not_picked":["Conserve Battery","Leap"],"picked":"Self Repair","floor":6.0},{"not_picked":["Biased Cognition","Sunder"],"picked":"Conserve Battery","floor":8.0},{"not_picked":["Chaos","Turbo","Recycle"],"picked":"SKIP","floor":12.0},{"not_picked":["Scrape","Recycle","Steam Power"],"picked":"SKIP","floor":14.0},{"not_picked":["Fission","Meteor Strike"],"picked":"Hyperbeam","floor":16.0},{"not_picked":["Fusion","Compile Driver"],"picked":"White Noise","floor":18},{"not_picked":["Lockon+1","Reinforced Body","Barrage"],"picked":"SKIP","floor":19},{"not_picked":["Defragment","Redo+1"],"picked":"Conserve Battery","floor":20},{"not_picked":["Redo+1","Cold Snap"],"picked":"FTL+1","floor":22},{"not_picked":["Steam Power","Melter","Hologram"],"picked":"SKIP","floor":30},{"not_picked":["Creative AI","Reboot"],"picked":"Seek","floor":33},{"not_picked":["Compile Driver"],"picked":"SKIP","floor":35},{"not_picked":["Turbo+1"],"picked":"SKIP","floor":36},{"not_picked":[],"picked":"Defragment","floor":38},{"not_picked":["Capacitor+1"],"picked":"SKIP","floor":45},{"not_picked":["Stack+1"],"picked":"SKIP","floor":47}],"player_experience":251057,"relics_obtained":[{"floor":6.0,"key":"Gremlin Horn"},{"floor":9.0,"key":"Bird Faced Urn"},{"floor":26,"key":"Bottled Flame"},{"floor":43,"key":"Juzu Bracelet"},{"floor":46,"key":"Du-Vu Doll"}],"event_choices":[{"event_name":"Wheel of Change","player_choice":"Gold","floor":2.0,"damage_taken":0.0},{"event_name":"Golden Wing","player_choice":"Card Removal","floor":10.0,"damage_taken":0.0},{"event_name":"FaceTrader","player_choice":"Leave","floor":13.0,"damage_taken":0.0},{"event_name":"Match and Keep!","player_choice":"1 cards matched","floor":21,"damage_taken":0},{"event_name":"Duplicator","player_choice":"One dupe","floor":28,"damage_taken":0},{"event_name":"Beggar","player_choice":"Gave Gold","floor":31,"damage_taken":0},{"event_name":"Upgrade Shrine","player_choice":"Upgraded","floor":37,"damage_taken":0},{"event_name":"Tomb of Lord Red Mask","player_choice":"Ignored","floor":39,"damage_taken":0},{"event_name":"MindBloom","player_choice":"Fight","floor":46,"damage_taken":0},{"event_name":"Winding Halls","player_choice":"Embrace Madness","floor":48,"damage_taken":0}],"is_beta":false,"boss_relics":[{"not_picked":["Runic Pyramid","Sozu"],"picked":"Astrolabe"},{"not_picked":["Nuclear Battery","Pandora\u0027s Box"],"picked":"Busted Crown"}],"items_purged_floors":[24,41],"is_endless":false,"potions_floor_spawned":[1,4,5,16,18,33,35,38,45],"killed_by":"Donu and Deca","ascension_level":2}