{"gold_per_floor":[112,112,123,123,123,123,150,150,197,44,75,93,93,93,93,167,167,186,186,186,201,201,236,236,267,316,336,352,352,370,440,440,517,517,532,1531,941,440,440,440,472,472,498,530,153,153,164,182,182,182],"floor_reached":51,"playtime":1799,"items_purged":["Strike_G+1","Reflex","Strike_G+1"],"score":1657,"play_id":"be65459a-1bdc-47a0-a57a-bd726f398634","local_time":"20190202165500","is_ascension_mode":true,"campfire_choices":[{"data":"Neutralize","floor":6.0,"key":"SMITH"},{"floor":8.0,"key":"REST"},{"data":"Catalyst","floor":13.0,"key":"SMITH"},{"data":"Noxious Fumes","floor":15.0,"key":"SMITH"},{"data":"Catalyst","floor":24,"key":"SMITH"},{"data":"Burst","floor":29,"key":"SMITH"},{"floor":32,"key":"REST"},{"data":"Apotheosis","floor":40,"key":"SMITH"},{"data":"After Image","floor":46,"key":"SMITH"},{"data":"Well Laid Plans","floor":49,"key":"SMITH"}],"neow_cost":"NONE","seed_source_timestamp":8358595925400,"circlet_count":0,"master_deck":["AscendersBane","Defend_G","Defend_G+1","Defend_G","Defend_G","Defend_G","Survivor","Neutralize+1","Backflip","Noxious Fumes+1","Flying Knee+1","Crippling Poison","Noxious Fumes+1","PiercingWail","Catalyst+1","Blur+1","Burst+1","Slice","Catalyst+1","Ghostly+1","Ghostly","Ghostly","Ghostly","Ghostly","Crippling Poison","Backstab","After Image+1","Apotheosis+1","PiercingWail","Dark Shackles","Sadistic Nature","Noxious Fumes","Deadly Poison+1","Well Laid Plans+1"],"special_seed":0,"relics":["Ring of the Snake","Ice Cream","Bronze Scales","Whetstone","Omamori","Lizard Tail","Regal Pillow","Lantern","Art of War","Pear","Black Star","Membership Card","Vajra","Ancient Tea Set","Bottled Flame","Centennial Puzzle","Strange Spoon","Pen Nib","Dream Catcher","Oddly Smooth Stone","Anchor","Pantograph","PreservedInsect","War Paint","Nunchaku"],"potions_floor_usage":[25,33,37,44,44,50,50],"damage_taken":[{"damage":0.0,"enemies":"2 Louse","floor":1.0,"turns":4.0},{"damage":0.0,"enemies":"Jaw Worm","floor":3.0,"turns":6.0},{"damage":9.0,"enemies":"Lagavulin","floor":7.0,"turns":8.0},{"damage":12.0,"enemies":"Gremlin Nob","floor":11.0,"turns":4.0},{"damage":0.0,"enemies":"Small Slimes","floor":12.0,"turns":4.0},{"damage":9.0,"enemies":"The Guardian","floor":16.0,"turns":9.0},{"damage":9.0,"enemies":"Shell Parasite","floor":18.0,"turns":5.0},{"damage":2.0,"enemies":"Spheric Guardian","floor":21.0,"turns":4.0},{"damage":9.0,"enemies":"Slavers","floor":23.0,"turns":5.0},{"damage":2,"enemies":"Gremlin Leader","floor":25,"turns":6},{"damage":3,"enemies":"Snake Plant","floor":27,"turns":4},{"damage":2,"enemies":"Cultist and Chosen","floor":28,"turns":7},{"damage":3,"enemies":"3 Cultists","floor":30,"turns":5},{"damage":0,"enemies":"Collector","floor":33,"turns":5},{"damage":3,"enemies":"3 Shapes","floor":35,"turns":4},{"damage":0,"enemies":"Giant Head","floor":41,"turns":7},{"damage":0,"enemies":"Nemesis","floor":44,"turns":5},{"damage":0,"enemies":"Orb Walker","floor":47,"turns":5},{"damage":0,"enemies":"Jaw Worm Horde","floor":48,"turns":5},{"damage":0,"enemies":"Awakened One","floor":50,"turns":10}],"seed_played":"4179455765414951477","potions_obtained":[{"floor":7.0,"key":"EssenceOfSteel"},{"floor":11.0,"key":"Regen Potion"},{"floor":18.0,"key":"Weak Potion"},{"floor":21.0,"key":"PowerPotion"},{"floor":28,"key":"Weak Potion"},{"floor":30,"key":"PowerPotion"},{"floor":35,"key":"Block Potion"},{"floor":47,"key":"Poison Potion"}],"is_trial":false,"path_per_floor":["M","?","M","?","?","R","E","R","T","$","E","M","R","?","R","B",null,"M","?","?","M","?","E","R","E","T","M","M","R","M","T","R","B",null,"M","?","$","$","?","R","E","T","T","E","$","R","M","M","R","B",null],"character_chosen":"THE_SILENT","items_purchased":["Crippling Poison","Noxious Fumes","Membership Card","Vajra","Ancient Tea Set","Apotheosis","PiercingWail","Fruit Juice","Dark Shackles","Sadistic Nature","Bottled Flame","Centennial Puzzle","Strange Spoon","Noxious Fumes","SkillPotion","Well Laid Plans","War Paint","Nunchaku","EssenceOfSteel","Energy Potion"],"campfire_rested":2,"item_purchase_floors":[10,10,37,37,37,37,37,37,37,38,38,38,38,38,38,45,45,45,45,45],"current_hp_per_floor":[59,46,46,46,34,34,25,44,44,44,32,32,32,32,32,38,59,50,50,38,36,35,26,26,24,24,21,19,19,16,26,45,45,45,42,42,47,47,47,47,47,47,47,47,47,47,47,47,47,50],"gold":182,"neow_bonus":"TRANSFORM_CARD","is_prod":false,"is_daily":false,"chose_seed":false,"campfire_upgraded":8,"win_rate":0,"timestamp":1549119300,"path_taken":["M","?","M","?","?","R","E","R","T","$","E","?","R","?","R","BOSS","M","?","?","M","?","E","R","E","T","?","M","R","M","?","R","BOSS","M","?","?","$","?","R","E","?","T","E","$","R","M","?","R","BOSS"],"build_version":"2019-01-23","purchased_purges":3,"victory":true,"max_hp_per_floor":[66,66,66,66,66,66,66,66,66,66,66,66,66,66,66,66,66,66,66,71,71,35,35,35,35,35,35,35,35,35,45,45,45,45,45,45,50,50,50,50,50,50,50,50,50,50,50,50,50,50],"card_choices":[{"not_picked":["Blade Dance","Leg Sweep","Escape Plan"],"picked":"SKIP","floor":1.0},{"not_picked":["Eviscerate","Terror"],"picked":"Noxious Fumes","floor":3.0},{"not_picked":["Bullet Time","Choke"],"picked":"Flying Knee","floor":7.0},{"not_picked":["Slice","Blade Dance"],"picked":"PiercingWail","floor":11.0},{"not_picked":["Blade Dance","Underhanded Strike"],"picked":"Catalyst","floor":12.0},{"not_picked":["Storm of Steel","Glass Knife"],"picked":"Burst","floor":16.0},{"not_picked":["Calculated Gamble","Flying Knee","Outmaneuver"],"picked":"SKIP","floor":18.0},{"not_picked":["Accuracy","Backflip"],"picked":"Catalyst","floor":21.0},{"not_picked":["Cloak And Dagger+1","Quick Slash","Caltrops"],"picked":"SKIP","floor":23.0},{"not_picked":["Setup","Dagger Spray"],"picked":"Crippling Poison","floor":25},{"not_picked":["Finisher","Blur","Sucker Punch"],"picked":"SKIP","floor":27},{"not_picked":["Phantasmal Killer","Flying Knee"],"picked":"Backstab","floor":28},{"not_picked":["Bane","Sucker Punch","Quick Slash+1"],"picked":"SKIP","floor":30},{"not_picked":["Venomology","Doppelganger"],"picked":"After Image","floor":33},{"not_picked":["Heel Hook","Riddle With Holes","Blade Dance+1"],"picked":"SKIP","floor":35},{"not_picked":["Dagger Spray","Blade Dance"],"picked":"Deadly Poison+1","floor":41},{"not_picked":["Outmaneuver","Calculated Gamble","Cloak And Dagger"],"picked":"SKIP","floor":44},{"not_picked":["Concentrate","Cloak And Dagger","Masterful Stab"],"picked":"SKIP","floor":47},{"not_picked":["Expertise","Outmaneuver","Deadly Poison"],"picked":"SKIP","floor":48}],"player_experience":572779,"relics_obtained":[{"floor":7.0,"key":"Bronze Scales"},{"floor":9.0,"key":"Whetstone"},{"floor":11.0,"key":"Omamori"},{"floor":23.0,"key":"Regal Pillow"},{"floor":25,"key":"Lantern"},{"floor":26,"key":"Art of War"},{"floor":31,"key":"Pear"},{"floor":41,"key":"Pen Nib"},{"floor":41,"key":"Dream Catcher"},{"floor":42,"key":"Oddly Smooth Stone"},{"floor":43,"key":"Anchor"},{"floor":44,"key":"Pantograph"},{"floor":44,"key":"PreservedInsect"}],"event_choices":[{"damage_healed":0.0,"max_hp_gain":0.0,"max_hp_loss":0.0,"gold_gain":0.0,"event_name":"Shining Light","player_choice":"Entered Light","floor":2.0,"gold_loss":0.0,"damage_taken":13.0,"cards_upgraded":["Strike_G","Defend_G"]},{"damage_healed":0.0,"max_hp_gain":0.0,"max_hp_loss":0.0,"gold_gain":0.0,"event_name":"Living Wall","player_choice":"Grow","floor":4.0,"gold_loss":0.0,"damage_taken":0.0,"cards_upgraded":["Noxious Fumes"]},{"damage_healed":0.0,"max_hp_gain":0.0,"max_hp_loss":0.0,"gold_gain":0.0,"event_name":"Scrap Ooze","player_choice":"Success","floor":5.0,"gold_loss":0.0,"damage_taken":12.0,"relics_obtained":["Ice Cream"]},{"damage_healed":0.0,"max_hp_gain":0.0,"max_hp_loss":0.0,"gold_gain":0.0,"event_name":"Match and Keep!","player_choice":"1 cards matched","floor":14.0,"gold_loss":0.0,"damage_taken":0.0,"cards_obtained":["Blur"]},{"damage_healed":0.0,"max_hp_gain":0.0,"max_hp_loss":0.0,"gold_gain":0.0,"cards_transformed":["Strike_G","Strike_G"],"event_name":"Drug Dealer","player_choice":"Became Test Subject","floor":19.0,"gold_loss":0.0,"damage_taken":0.0,"cards_obtained":["Reflex","Slice"]},{"damage_healed":0.0,"max_hp_gain":5.0,"max_hp_loss":0.0,"gold_gain":0.0,"event_name":"Forgotten Altar","player_choice":"Shed Blood","floor":20.0,"gold_loss":0.0,"damage_taken":17.0},{"damage_healed":0.0,"max_hp_gain":0.0,"max_hp_loss":36.0,"gold_gain":0.0,"event_name":"Ghosts","player_choice":"Became a Ghost","floor":22.0,"gold_loss":0.0,"damage_taken":0.0,"cards_obtained":["Ghostly","Ghostly","Ghostly","Ghostly","Ghostly"]},{"damage_healed":0,"gold_gain":999,"player_choice":"Gold","damage_taken":0,"max_hp_gain":0,"max_hp_loss":0,"event_name":"MindBloom","floor":36,"gold_loss":0,"cards_obtained":["Normality","Normality"]},{"damage_healed":0,"gold_gain":0,"player_choice":"Memory 1","damage_taken":0,"max_hp_gain":0,"max_hp_loss":0,"event_name":"SensoryStone","floor":39,"gold_loss":0}],"is_beta":false,"boss_relics":[{"not_picked":["Calling Bell","HoveringKite"],"picked":"Lizard Tail"},{"not_picked":["Orrery","Eternal Feather"],"picked":"Black Star"}],"items_purged_floors":[37,38,45],"is_endless":false,"potions_floor_spawned":[7,11,18,21,28,30,35,47],"ascension_level":14}