{"gold_per_floor":[10,10,10,10,10,10,26,26,51,51,74,74,87,87,87,207,207,220,235,304,269,287,287,308,308,308,308],"floor_reached":27,"playtime":1087,"items_purged":[],"score":203,"play_id":"01cdf6e1-86a7-4d09-b307-476867c406c9","local_time":"20181220221755","is_ascension_mode":false,"campfire_choices":[{"data":"Zap","floor":6,"key":"SMITH"},{"data":"White Noise","floor":8,"key":"SMITH"},{"data":"Defend_B","floor":12,"key":"SMITH"},{"data":"Loop","floor":15,"key":"SMITH"},{"floor":23,"key":"REST"},{"floor":25,"key":"REST"}],"neow_cost":"NO_GOLD","seed_source_timestamp":558471598062208,"circlet_count":0,"master_deck":["Strike_B","Strike_B","Strike_B","Defend_B+1","Defend_B","Defend_B","Defend_B","Zap+1","Dualcast","Core Surge","White Noise+1","Coolheaded","Loop+1","Leap","Thunder Strike","Double Energy","Capacitor+1","Cold Snap+1"],"relics":["Cracked Core","Golden Idol","Happy Flower","SsserpentHead","Runic Pyramid","Bag of Preparation","Question Card"],"potions_floor_usage":[16,18],"damage_taken":[{"damage":0,"enemies":"Small Slimes","floor":1,"turns":2},{"damage":3,"enemies":"Jaw Worm","floor":7,"turns":3},{"damage":0,"enemies":"Cultist","floor":11,"turns":2},{"damage":0,"enemies":"Looter","floor":13,"turns":3},{"damage":8,"enemies":"The Guardian","floor":16,"turns":13},{"damage":18,"enemies":"3 Byrds","floor":18,"turns":5},{"damage":6,"enemies":"Chosen","floor":19,"turns":6},{"damage":31,"enemies":"Snecko","floor":20,"turns":9},{"damage":10,"enemies":"Centurion and Healer","floor":22,"turns":5},{"damage":8,"enemies":"Cultist and Chosen","floor":24,"turns":6},{"damage":0,"enemies":"Slavers","floor":27,"turns":1}],"seed_played":"2159179755006634976","potions_obtained":[{"floor":7,"key":"PowerPotion"},{"floor":11,"key":"EssenceOfSteel"},{"floor":22,"key":"SteroidPotion"}],"is_trial":false,"path_per_floor":["M","?","?","$","?","R","M","R","T","?","M","R","M","?","R","B",null,"M","M","M","?","M","R","M","R","T","E"],"character_chosen":"DEFECT","items_purchased":[],"campfire_rested":2,"item_purchase_floors":[],"current_hp_per_floor":[75,75,80,80,74,74,71,71,71,71,71,71,71,71,71,63,74,56,50,19,19,9,31,23,45,45,45],"gold":308,"neow_bonus":"THREE_RARE_CARDS","is_prod":false,"is_daily":false,"chose_seed":false,"campfire_upgraded":4,"win_rate":0,"timestamp":1545340675,"path_taken":["M","?","?","?","?","R","?","R","T","?","M","R","M","?","R","BOSS","M","M","?","?","M","R","M","R","T","E"],"build_version":"2018-12-13","purchased_purges":0,"victory":false,"max_hp_per_floor":[75,75,80,80,74,74,74,74,74,74,74,74,74,74,74,74,74,74,74,74,74,74,74,74,74,74,74],"card_choices":[{"not_picked":["Meteor Strike","Machine Learning"],"picked":"Core Surge","floor":0},{"not_picked":["Cold Snap","Stack"],"picked":"White Noise","floor":1},{"not_picked":["Barrage","Rebound"],"picked":"Coolheaded","floor":7},{"not_picked":["Darkness","Turbo"],"picked":"Loop","floor":11},{"not_picked":["Stack","FTL"],"picked":"Leap","floor":13},{"not_picked":["Multi-Cast","Buffer"],"picked":"Thunder Strike","floor":16},{"not_picked":["Steam","Beam Cell","Compile Driver+1"],"picked":"SKIP","floor":18},{"not_picked":["Turbo","Barrage+1"],"picked":"Double Energy","floor":19},{"not_picked":["Coolheaded+1","Redo+1"],"picked":"Capacitor+1","floor":20},{"not_picked":["Barrage","Undo","Rip and Tear"],"picked":"SKIP","floor":22},{"not_picked":["Sweeping Beam+1","Conserve Battery"],"picked":"Cold Snap+1","floor":24}],"player_experience":204390,"relics_obtained":[{"floor":9,"key":"Happy Flower"},{"floor":26,"key":"Question Card"}],"event_choices":[{"cards_removed":["Strike_B"],"damage_healed":0,"gold_gain":0,"player_choice":"Forget","damage_taken":0,"max_hp_gain":0,"max_hp_loss":0,"event_name":"Living Wall","floor":2,"gold_loss":0},{"damage_healed":0,"gold_gain":0,"player_choice":"Donut","damage_taken":0,"max_hp_gain":5,"max_hp_loss":0,"event_name":"Big Fish","floor":3,"gold_loss":0},{"damage_healed":0,"gold_gain":0,"player_choice":"Lose Max HP","damage_taken":0,"relics_obtained":["Golden Idol"],"max_hp_gain":0,"max_hp_loss":6,"event_name":"Golden Idol","floor":5,"gold_loss":0},{"damage_healed":0,"gold_gain":0,"player_choice":"Leave","damage_taken":0,"max_hp_gain":0,"max_hp_loss":0,"event_name":"The Cleric","floor":10,"gold_loss":0},{"damage_healed":0,"gold_gain":0,"player_choice":"Trade","damage_taken":0,"relics_obtained":["SsserpentHead"],"max_hp_gain":0,"max_hp_loss":0,"event_name":"FaceTrader","floor":14,"gold_loss":0},{"damage_healed":0,"gold_gain":0,"player_choice":"Obtained Relic","damage_taken":0,"relics_obtained":["Bag of Preparation"],"max_hp_gain":0,"max_hp_loss":0,"event_name":"Addict","floor":21,"gold_loss":85}],"is_beta":false,"boss_relics":[{"not_picked":["Pandora\u0027s Box","Ectoplasm"],"picked":"Runic Pyramid"}],"items_purged_floors":[],"is_endless":false,"potions_floor_spawned":[7,11,22],"killed_by":"Slavers","ascension_level":0}