{"gold_per_floor":[209,223,186,75,86,86,117,117,171,199,199,37,56,70,70,170,170,188,199,199,209,209,240,240,256,280,293,311,328,328,341,341,442,442,457,470,470,470,115,115,135,135,186,196,115,115,129,141,141,141],"floor_reached":51,"playtime":3273,"items_purged":["Strike_G","Strike_G"],"score":715,"play_id":"3e665dd2-155a-48bb-808c-f241cea0236e","local_time":"20190129141018","is_ascension_mode":true,"campfire_choices":[{"data":"Accuracy","floor":6.0,"key":"SMITH"},{"data":"Cloak And Dagger","floor":8.0,"key":"SMITH"},{"data":"Apotheosis","floor":15.0,"key":"SMITH"},{"data":"Infinite Blades","floor":24.0,"key":"SMITH"},{"data":"Infinite Blades","floor":32.0,"key":"SMITH"},{"data":"Blade Dance","floor":40.0,"key":"SMITH"},{"data":"Blade Dance","floor":42.0,"key":"SMITH"},{"data":"Cloak And Dagger","floor":46.0,"key":"SMITH"},{"data":"Cloak And Dagger","floor":49.0,"key":"SMITH"}],"neow_cost":"NONE","seed_source_timestamp":142577548434763,"circlet_count":0,"master_deck":["Defend_G","Defend_G","Defend_G","Defend_G","Defend_G","Strike_G","Strike_G","Strike_G","Survivor","Neutralize+1","Accuracy+1","Infinite Blades+1","Noxious Fumes","Cloak And Dagger+1","Backstab+1","Apotheosis+1","Cloak And Dagger+1","Infinite Blades+1","Blade Dance+1","Blade Dance+1","Blade Dance+1","Slice","Cloak And Dagger+1","Swift Strike","Cloak And Dagger+1","Escape Plan"],"special_seed":0,"relics":["Ring of the Snake","Potion Belt","Pen Nib","Matryoshka","Meat on the Bone","Art of War","Coffee Dripper","Blood Vial","Whetstone","Bronze Scales","WristBlade","Ornamental Fan","Bag of Preparation"],"potions_floor_usage":[],"damage_taken":[{"damage":1.0,"enemies":"Cultist","floor":1.0,"turns":4.0},{"damage":0.0,"enemies":"2 Louse","floor":2.0,"turns":4.0},{"damage":3.0,"enemies":"Jaw Worm","floor":5.0,"turns":5.0},{"damage":31.0,"enemies":"Gremlin Nob","floor":7.0,"turns":5.0},{"damage":8.0,"enemies":"Lagavulin","floor":10.0,"turns":6.0},{"damage":0.0,"enemies":"Looter","floor":13.0,"turns":3.0},{"damage":0.0,"enemies":"Blue Slaver","floor":14.0,"turns":4.0},{"damage":5.0,"enemies":"The Guardian","floor":16.0,"turns":10.0},{"damage":5.0,"enemies":"Chosen","floor":18.0,"turns":4.0},{"damage":5.0,"enemies":"2 Thieves","floor":19.0,"turns":4.0},{"damage":6.0,"enemies":"Snake Plant","floor":21.0,"turns":5.0},{"damage":44.0,"enemies":"Slavers","floor":23.0,"turns":5.0},{"damage":15.0,"enemies":"Cultist and Chosen","floor":25.0,"turns":6.0},{"damage":19.0,"enemies":"Snecko","floor":27.0,"turns":5.0},{"damage":19.0,"enemies":"Sentry and Sphere","floor":28.0,"turns":4.0},{"damage":14.0,"enemies":"Snake Plant","floor":29.0,"turns":3.0},{"damage":10.0,"enemies":"Shelled Parasite and Fungi","floor":31.0,"turns":3.0},{"damage":31.0,"enemies":"Collector","floor":33.0,"turns":7.0},{"damage":0.0,"enemies":"3 Shapes","floor":35.0,"turns":3.0},{"damage":21.0,"enemies":"3 Darklings","floor":36.0,"turns":3.0},{"damage":0.0,"enemies":"Sphere and 2 Shapes","floor":41.0,"turns":6.0},{"damage":0.0,"enemies":"Jaw Worm Horde","floor":44.0,"turns":3.0},{"damage":0.0,"enemies":"Maw","floor":47.0,"turns":5.0},{"damage":0.0,"enemies":"3 Darklings","floor":48.0,"turns":3.0},{"damage":42,"enemies":"Donu and Deca","floor":50,"turns":8}],"seed_played":"-7642765874664017210","potions_obtained":[{"floor":5.0,"key":"AttackPotion"},{"floor":7.0,"key":"Energy Potion"},{"floor":13.0,"key":"SpeedPotion"},{"floor":18.0,"key":"GhostInAJar"},{"floor":19.0,"key":"Ancient Potion"},{"floor":29.0,"key":"Strength Potion"},{"floor":36.0,"key":"SteroidPotion"},{"floor":44.0,"key":"Explosive Potion"}],"is_trial":false,"path_per_floor":["M","M","?","$","M","R","E","R","T","E","T","$","M","M","R","B",null,"M","M","?","M","?","E","R","M","T","M","M","M","?","M","R","B",null,"M","M","?","?","$","R","M","R","T","M","$","R","M","M","R","B",null],"character_chosen":"THE_SILENT","items_purchased":["Noxious Fumes","Apotheosis","Ornamental Fan","Swift Strike"],"campfire_rested":0,"item_purchase_floors":[4,12,39,45],"current_hp_per_floor":[69,69,69,69,66,66,35,35,35,27,27,27,39,39,39,46,70,65,60,60,54,80,48,48,47,47,42,37,37,37,41,41,24,80,80,59,59,59,59,59,61,61,61,63,63,63,65,67,67,39],"gold":141,"neow_bonus":"HUNDRED_GOLD","is_prod":false,"is_daily":false,"chose_seed":false,"campfire_upgraded":9,"win_rate":0,"timestamp":1548792618,"path_taken":["M","?","?","$","M","R","E","R","T","E","?","$","M","M","R","BOSS","M","M","?","M","?","E","R","M","T","M","M","?","?","M","R","BOSS","M","M","?","?","$","R","M","R","T","?","$","R","M","M","R","BOSS"],"build_version":"2019-01-23","purchased_purges":2,"victory":true,"max_hp_per_floor":[70,70,70,70,70,70,70,70,70,70,70,70,70,70,70,70,70,70,70,70,70,80,80,80,80,80,80,80,80,80,80,80,80,80,80,80,80,76,76,76,76,76,76,76,76,76,76,76,76,76],"card_choices":[{"not_picked":["Deflect","Quick Slash"],"picked":"Accuracy","floor":1.0},{"not_picked":["Acrobatics","Dagger Spray"],"picked":"Infinite Blades","floor":2.0},{"not_picked":["Expertise","Deflect","Bane"],"picked":"SKIP","floor":5.0},{"not_picked":["Prepared","Deadly Poison"],"picked":"Cloak And Dagger","floor":7.0},{"not_picked":["Reflex","Tactician"],"picked":"Backstab","floor":10.0},{"not_picked":["Acrobatics","PiercingWail","Flying Knee"],"picked":"SKIP","floor":13.0},{"not_picked":["Predator","Concentrate","Sucker Punch"],"picked":"SKIP","floor":14.0},{"not_picked":["Night Terror","Burst"],"picked":"Die Die Die","floor":16.0},{"not_picked":["All Out Attack","Leg Sweep"],"picked":"Cloak And Dagger","floor":18.0},{"not_picked":["Expertise","Prepared","Flying Knee+1"],"picked":"SKIP","floor":19.0},{"not_picked":["Eviscerate","Poisoned Stab"],"picked":"Infinite Blades","floor":21.0},{"not_picked":["Adrenaline","Escape Plan"],"picked":"Blade Dance+1","floor":23.0},{"not_picked":["Concentrate","Bane"],"picked":"Blade Dance","floor":25.0},{"not_picked":["Catalyst","Choke","Acrobatics+1"],"picked":"SKIP","floor":27.0},{"not_picked":["Deflect","Sucker Punch"],"picked":"Blade Dance","floor":28.0},{"not_picked":["Crippling Poison","Venomology","Dagger Throw"],"picked":"SKIP","floor":29.0},{"not_picked":["Dagger Spray","Acrobatics","Sucker Punch"],"picked":"SKIP","floor":31.0},{"not_picked":["Setup","Quick Slash+1","Prepared"],"picked":"SKIP","floor":35.0},{"not_picked":["Quick Slash+1","Flying Knee+1"],"picked":"Slice","floor":36.0},{"not_picked":["Underhanded Strike","Dodge and Roll+1"],"picked":"Cloak And Dagger","floor":41.0},{"not_picked":["Choke","Riddle With Holes+1","Dagger Throw+1"],"picked":"SKIP","floor":44.0},{"not_picked":["Terror+1","Grand Finale"],"picked":"Cloak And Dagger+1","floor":47.0},{"not_picked":["Dagger Throw","Dagger Spray+1"],"picked":"Escape Plan","floor":48.0}],"player_experience":249895,"relics_obtained":[{"floor":7.0,"key":"Potion Belt"},{"floor":9.0,"key":"Pen Nib"},{"floor":10.0,"key":"Matryoshka"},{"floor":11.0,"key":"Meat on the Bone"},{"floor":11.0,"key":"Art of War"},{"floor":23.0,"key":"Blood Vial"},{"floor":26.0,"key":"Whetstone"},{"floor":26.0,"key":"Bronze Scales"},{"floor":43.0,"key":"Bag of Preparation"}],"event_choices":[{"damage_healed":0.0,"max_hp_gain":0.0,"max_hp_loss":0.0,"gold_gain":0.0,"event_name":"World of Goop","player_choice":"Left Gold","floor":3.0,"gold_loss":37.0,"damage_taken":0.0},{"damage_healed":0.0,"max_hp_gain":0.0,"max_hp_loss":0.0,"gold_gain":0.0,"event_name":"Ghosts","player_choice":"Ignored","floor":20.0,"gold_loss":0.0,"damage_taken":0.0},{"cards_removed":["Die Die Die"],"damage_healed":16.0,"max_hp_gain":10.0,"max_hp_loss":0.0,"gold_gain":0.0,"event_name":"Bonfire Elementals","player_choice":"Offered Rare","floor":22.0,"gold_loss":0.0,"damage_taken":0.0},{"damage_healed":0.0,"max_hp_gain":0.0,"max_hp_loss":0.0,"gold_gain":0.0,"event_name":"The Woman in Blue","player_choice":"Bought 0 Potions","floor":30.0,"gold_loss":0.0,"damage_taken":0.0},{"damage_healed":0.0,"max_hp_gain":0.0,"max_hp_loss":0.0,"gold_gain":0.0,"event_name":"Tomb of Lord Red Mask","player_choice":"Ignored","floor":37.0,"gold_loss":0.0,"damage_taken":0.0},{"damage_healed":0.0,"max_hp_gain":0.0,"max_hp_loss":4.0,"gold_gain":0.0,"event_name":"Winding Halls","player_choice":"Max HP","floor":38.0,"gold_loss":0.0,"damage_taken":0.0}],"is_beta":false,"boss_relics":[{"not_picked":["White Beast Statue","Sozu"],"picked":"Coffee Dripper"},{"not_picked":["Runic Pyramid","Orrery"],"picked":"WristBlade"}],"items_purged_floors":[4,39],"is_endless":false,"potions_floor_spawned":[5,7,13,18,19,29,31,36,44,47],"ascension_level":1}