{"gold_per_floor":[369,99,111,126,137,137,150,115,115,131,131],"floor_reached":11,"playtime":319,"items_purged":[],"score":67,"play_id":"aedcd695-01f8-4ddb-bd68-22bc3ee9ad29","local_time":"20190114151330","is_ascension_mode":false,"campfire_choices":[{"floor":6,"key":"REST"}],"neow_cost":"TEN_PERCENT_HP_LOSS","seed_source_timestamp":356569983055223,"circlet_count":0,"master_deck":["Strike_B","Strike_B","Strike_B","Strike_B","Defend_B","Defend_B","Defend_B","Defend_B","Zap","Dualcast","Cold Snap","Capacitor","Defragment","Gash","Gash","Hologram","Go for the Eyes"],"relics":["Cracked Core","Dream Catcher","Tiny Chest"],"potions_floor_usage":[11],"damage_taken":[{"damage":12,"enemies":"Jaw Worm","floor":1,"turns":4},{"damage":3,"enemies":"Small Slimes","floor":3,"turns":3},{"damage":12,"enemies":"2 Louse","floor":4,"turns":2},{"damage":28,"enemies":"Lots of Slimes","floor":5,"turns":6},{"damage":11,"enemies":"3 Louse","floor":7,"turns":3},{"damage":9,"enemies":"Looter","floor":10,"turns":4},{"damage":17,"enemies":"3 Sentries","floor":11,"turns":2}],"seed_played":"3018000185033004332","potions_obtained":[{"floor":1,"key":"SpeedPotion"},{"floor":10,"key":"AttackPotion"}],"is_trial":false,"path_per_floor":["M","$","M","M","M","R","M","?","T","M","E"],"character_chosen":"DEFECT","items_purchased":["Dream Catcher","Tiny Chest"],"campfire_rested":1,"item_purchase_floors":[2,2],"current_hp_per_floor":[56,56,53,41,13,33,22,22,22,13,0],"gold":131,"neow_bonus":"TWO_FIFTY_GOLD","is_prod":false,"is_daily":false,"chose_seed":false,"campfire_upgraded":0,"win_rate":0,"timestamp":1547475210,"path_taken":["M","$","M","M","M","R","M","?","T","M","E"],"build_version":"2019-01-10","purchased_purges":0,"victory":false,"max_hp_per_floor":[68,68,68,68,68,68,68,68,68,68,68],"card_choices":[{"not_picked":["FTL","Barrage"],"picked":"Cold Snap","floor":1},{"not_picked":["Leap","Reinforced Body"],"picked":"Capacitor","floor":3},{"not_picked":["Stack","Heatsinks"],"picked":"Defragment","floor":4},{"not_picked":["Sweeping Beam","Steam"],"picked":"Gash","floor":5},{"not_picked":["Ball Lightning","Static Discharge"],"picked":"Gash","floor":6},{"not_picked":["Static Discharge","FTL"],"picked":"Hologram","floor":7},{"not_picked":["Beam Cell","Force Field"],"picked":"Go for the Eyes","floor":10}],"player_experience":413255,"relics_obtained":[],"event_choices":[{"damage_healed":0,"gold_gain":0,"player_choice":"Left Gold","damage_taken":0,"max_hp_gain":0,"max_hp_loss":0,"event_name":"World of Goop","floor":8,"gold_loss":35}],"is_beta":false,"boss_relics":[],"items_purged_floors":[],"is_endless":false,"potions_floor_spawned":[1,10],"killed_by":"3 Sentries","ascension_level":0}