{"gold_per_floor":[11,11,11,25,46,46,71,71,71,71,89,110,35,55,55,176,176,201,201,225,324,324,324,343,243,243,286,311,373,399,137,137,240,240,253,253],"floor_reached":36,"playtime":1845,"items_purged":["Strike_R","Bash","Strike_R"],"score":376,"play_id":"d9eb0e50-10cd-4610-a1af-cdffbebb74f9","local_time":"20190119203544","is_ascension_mode":false,"campfire_choices":[{"data":"Barricade","floor":6,"key":"SMITH"},{"data":"Body Slam","floor":10,"key":"SMITH"},{"floor":15,"key":"REST"},{"floor":23,"key":"REST"},{"data":"True Grit","floor":32,"key":"SMITH"}],"neow_cost":"NO_GOLD","seed_source_timestamp":8979224253145,"circlet_count":0,"master_deck":["Strike_R+1","Strike_R+1","Strike_R","Defend_R","Defend_R","Flex","Seeing Red","Barricade+1","Body Slam+1","Body Slam","True Grit+1","Impervious","Shrug It Off","Exhume","Exhume","Shrug It Off","Shrug It Off"],"relics":["Burning Blood","Bloody Idol","Matryoshka","Orrery","MawBank","Whetstone","Juzu Bracelet","Black Star"],"potions_floor_usage":[14,16,16,16,16,16,27,27,33],"damage_taken":[{"damage":3,"enemies":"2 Louse","floor":1,"turns":4},{"damage":10,"enemies":"Small Slimes","floor":4,"turns":3},{"damage":0,"enemies":"Cultist","floor":5,"turns":3},{"damage":17,"enemies":"Exordium Thugs","floor":7,"turns":5},{"damage":13,"enemies":"2 Fungi Beasts","floor":11,"turns":3},{"damage":16,"enemies":"Red Slaver","floor":12,"turns":3},{"damage":15,"enemies":"Large Slime","floor":14,"turns":5},{"damage":47,"enemies":"The Guardian","floor":16,"turns":11},{"damage":40,"enemies":"3 Byrds","floor":18,"turns":15},{"damage":25,"enemies":"2 Thieves","floor":20,"turns":4},{"damage":26,"enemies":"3 Cultists","floor":24,"turns":9},{"damage":19,"enemies":"Gremlin Leader","floor":27,"turns":10},{"damage":12,"enemies":"Centurion and Healer","floor":28,"turns":7},{"damage":30,"enemies":"Shelled Parasite and Fungi","floor":30,"turns":10},{"damage":18,"enemies":"Champ","floor":33,"turns":13},{"damage":30,"enemies":"Orb Walker","floor":35,"turns":8},{"damage":16,"enemies":"3 Darklings","floor":36,"turns":4}],"seed_played":"-2468126049946887999","potions_obtained":[{"floor":1,"key":"EntropicBrew"},{"floor":5,"key":"FearPotion"},{"floor":11,"key":"AttackPotion"},{"floor":14,"key":"LiquidBronze"},{"floor":18,"key":"Dexterity Potion"},{"floor":24,"key":"SpeedPotion"},{"floor":28,"key":"EssenceOfSteel"},{"floor":33,"key":"Block Potion"},{"floor":35,"key":"Swift Potion"}],"is_trial":false,"path_per_floor":["M","?","?","M","M","R","M","$","T","R","M","M","$","M","R","B",null,"M","?","M","?","?","R","M","$","T","E","M","?","M","$","R","B",null,"M","M"],"character_chosen":"IRONCLAD","items_purchased":["Juzu Bracelet"],"campfire_rested":2,"item_purchase_floors":[31],"current_hp_per_floor":[80,60,60,56,62,62,51,51,51,51,44,34,34,25,49,8,80,46,46,27,27,27,51,36,36,36,33,37,47,33,38,38,31,80,61,45],"gold":253,"neow_bonus":"REMOVE_TWO","is_prod":false,"is_daily":false,"chose_seed":false,"campfire_upgraded":3,"win_rate":0,"timestamp":1547942744,"path_taken":["M","?","?","M","M","R","M","$","T","R","?","M","?","M","R","BOSS","M","?","?","?","?","R","M","?","T","E","M","?","?","$","R","BOSS","M","M"],"build_version":"2019-01-17v2","purchased_purges":3,"victory":false,"max_hp_per_floor":[80,80,80,80,80,80,80,80,80,80,80,80,80,80,80,80,80,80,80,80,80,80,80,80,80,80,80,80,80,80,80,80,80,80,80,80],"card_choices":[{"not_picked":["Wild Strike","Clothesline"],"picked":"Flex","floor":1},{"not_picked":["Headbutt","Combust"],"picked":"Body Slam","floor":4},{"not_picked":["Warcry","Rage","Cleave"],"picked":"SKIP","floor":5},{"not_picked":["Rage","Warcry","Sword Boomerang"],"picked":"SKIP","floor":7},{"not_picked":["Barricade","Clash"],"picked":"Body Slam","floor":11},{"not_picked":["Flame Barrier","Sentinel","Searing Blow"],"picked":"SKIP","floor":12},{"not_picked":["Pommel Strike","Headbutt"],"picked":"True Grit","floor":14},{"not_picked":["Brutality","Bludgeon"],"picked":"Impervious","floor":16},{"not_picked":["Feel No Pain","Second Wind"],"picked":"Shrug It Off","floor":17},{"not_picked":["Headbutt","Warcry"],"picked":"Exhume","floor":17},{"not_picked":["Second Wind","Twin Strike","Clothesline+1"],"picked":"SKIP","floor":18},{"not_picked":["Rampage+1","Uppercut","Headbutt+1"],"picked":"SKIP","floor":20},{"not_picked":["Havoc","Heavy Blade","Pummel"],"picked":"SKIP","floor":24},{"not_picked":["Bloodletting","Sever Soul+1"],"picked":"Shrug It Off","floor":27},{"not_picked":["Carnage","Heavy Blade"],"picked":"Shrug It Off","floor":28},{"not_picked":["Double Tap","Thunderclap","Clothesline+1"],"picked":"SKIP","floor":30},{"not_picked":["Havoc+1","Searing Blow+1","Combust"],"picked":"SKIP","floor":35}],"player_experience":190906,"relics_obtained":[{"floor":9,"key":"Matryoshka"},{"floor":26,"key":"MawBank"},{"floor":27,"key":"Whetstone"}],"event_choices":[{"damage_healed":0,"gold_gain":0,"player_choice":"Take Damage","damage_taken":20,"relics_obtained":["Golden Idol"],"max_hp_gain":0,"max_hp_loss":0,"event_name":"Golden Idol","floor":2,"gold_loss":0},{"damage_healed":0,"gold_gain":0,"player_choice":"2 cards matched","damage_taken":0,"max_hp_gain":0,"max_hp_loss":0,"event_name":"Match and Keep!","floor":3,"gold_loss":0,"cards_obtained":["Seeing Red","Barricade"]},{"damage_healed":0,"gold_gain":0,"player_choice":"Copied","damage_taken":0,"max_hp_gain":0,"max_hp_loss":0,"event_name":"Duplicator","floor":19,"gold_loss":0,"cards_obtained":["Exhume"]},{"damage_healed":0,"gold_gain":99,"player_choice":"Stole From Cult","damage_taken":0,"max_hp_gain":0,"max_hp_loss":0,"event_name":"Nest","floor":21,"gold_loss":0},{"damage_healed":0,"gold_gain":0,"player_choice":"Gave Idol","damage_taken":0,"relics_obtained":["Bloody Idol"],"max_hp_gain":0,"max_hp_loss":0,"event_name":"Forgotten Altar","floor":22,"relics_lost":["Golden Idol"],"gold_loss":0},{"damage_healed":0,"gold_gain":100,"player_choice":"Bet on Murderer","damage_taken":0,"max_hp_gain":0,"max_hp_loss":0,"event_name":"The Joust","floor":29,"gold_loss":50}],"is_beta":false,"boss_relics":[{"not_picked":["Cursed Key","Lizard Tail"],"picked":"Orrery"},{"not_picked":["Black Blood","Fusion Hammer"],"picked":"Black Star"}],"items_purged_floors":[13,25,31],"is_endless":false,"potions_floor_spawned":[1,5,11,14,18,24,28,33,35],"killed_by":"3 Darklings","ascension_level":0}