{"gold_per_floor":[111,211,228,247,20,35,35,54,132,132,150,150,150],"floor_reached":13,"playtime":383,"items_purged":[],"score":77,"play_id":"7336b390-8513-4e62-be3d-bdde4bd44857","local_time":"20190114042112","is_ascension_mode":false,"campfire_choices":[{"floor":7,"key":"REST"},{"data":"Defragment","floor":10,"key":"SMITH"}],"neow_cost":"NONE","seed_source_timestamp":317364798020703,"circlet_count":0,"master_deck":["Strike_B+1","Strike_B","Strike_B+1","Strike_B","Defend_B","Defend_B","Defend_B","Defend_B","Zap","Dualcast","Seek","Steam","Coolheaded","Hologram","Defragment+1","Self Repair","Genetic Algorithm","Tempest"],"relics":["Cracked Core","Whetstone","Mummified Hand","Turnip"],"potions_floor_usage":[],"damage_taken":[{"damage":4,"enemies":"Small Slimes","floor":1,"turns":4},{"damage":1,"enemies":"Cultist","floor":3,"turns":4},{"damage":2,"enemies":"2 Louse","floor":4,"turns":3},{"damage":23,"enemies":"Exordium Wildlife","floor":6,"turns":7},{"damage":24,"enemies":"Large Slime","floor":8,"turns":6},{"damage":6,"enemies":"2 Fungi Beasts","floor":11,"turns":4},{"damage":28,"enemies":"Gremlin Nob","floor":13,"turns":3}],"seed_played":"-781289991490763167","potions_obtained":[{"floor":3,"key":"LiquidBronze"},{"floor":4,"key":"Explosive Potion"}],"is_trial":false,"path_per_floor":["M","?","M","M","$","M","R","M","T","R","M","?","E"],"character_chosen":"DEFECT","items_purchased":["Defragment","Whetstone"],"campfire_rested":1,"item_purchase_floors":[5,5],"current_hp_per_floor":[71,71,70,68,68,45,67,50,50,50,51,26,0],"gold":150,"neow_bonus":"ONE_RANDOM_RARE_CARD","is_prod":false,"is_daily":false,"chose_seed":false,"campfire_upgraded":1,"win_rate":0,"timestamp":1547436072,"path_taken":["M","?","?","M","$","M","R","M","T","R","M","?","E"],"build_version":"2019-01-10","purchased_purges":0,"victory":false,"max_hp_per_floor":[75,75,75,75,75,75,75,75,75,75,75,75,75],"card_choices":[{"not_picked":["Turbo","Compile Driver"],"picked":"Steam","floor":1},{"not_picked":["Turbo","Sweeping Beam"],"picked":"Coolheaded","floor":3},{"not_picked":["Stack","Ball Lightning"],"picked":"Hologram","floor":4},{"not_picked":["Scrape","FTL"],"picked":"Self Repair","floor":6},{"not_picked":["Reinforced Body","Buffer"],"picked":"Genetic Algorithm","floor":8},{"not_picked":["Recycle","Double Energy"],"picked":"Tempest","floor":11}],"player_experience":411597,"relics_obtained":[{"floor":9,"key":"Mummified Hand"}],"event_choices":[{"damage_healed":0,"gold_gain":100,"player_choice":"Pray","damage_taken":0,"max_hp_gain":0,"max_hp_loss":0,"event_name":"Golden Shrine","floor":2,"gold_loss":0},{"damage_healed":0,"gold_gain":0,"player_choice":"Success","damage_taken":25,"relics_obtained":["Turnip"],"max_hp_gain":0,"max_hp_loss":0,"event_name":"Scrap Ooze","floor":12,"gold_loss":0}],"is_beta":false,"boss_relics":[],"items_purged_floors":[],"is_endless":false,"potions_floor_spawned":[3,4],"killed_by":"Gremlin Nob","ascension_level":0}