{"gold_per_floor":[115,126,76,91,103,129,129,204,204,204,217,217,217,217,217,317,317,317,317,317,317,317,317,115,115,115,115,115,115,115,115,115,115,115,115,115,7,7,7,7,7,7,7,7,7,7,7,7,7,7],"floor_reached":50,"playtime":2500,"items_purged":["Strike_R","Strike_R"],"score":515,"play_id":"5df66754-046f-40b4-a1f7-f6ffda28ecb5","local_time":"20190131233131","is_ascension_mode":false,"campfire_choices":[{"data":"Whirlwind","floor":7,"key":"SMITH"},{"data":"Immolate","floor":10,"key":"SMITH"},{"data":"Metallicize","floor":12,"key":"SMITH"},{"data":"Clothesline","floor":15,"key":"SMITH"},{"data":"Demon Form","floor":23,"key":"SMITH"},{"data":"Metallicize","floor":25,"key":"SMITH"},{"data":"Armaments","floor":32,"key":"SMITH"},{"floor":42,"key":"REST"},{"data":"Ghostly Armor","floor":44,"key":"SMITH"},{"data":"Bloodletting","floor":49,"key":"SMITH"}],"neow_cost":"NONE","seed_source_timestamp":99140038904108,"circlet_count":0,"master_deck":["Defend_R","Defend_R","Defend_R","Defend_R+1","Immolate+1","Whirlwind+1","Heavy Blade","Clothesline+1","Flex","Metallicize+1","Flex+1","Shrug It Off","Demon Form+1","Whirlwind+1","Body Slam","Inflame","Metallicize+1","Iron Wave","Headbutt","Armaments+1","Pommel Strike+1","Bloodletting+1","Metallicize","Ghostly Armor+1","Immolate+1","Flame Barrier+1","Shrug It Off+1","Metallicize","True Grit+1","Inflame+1","Flex+1"],"relics":["Burning Blood","Smiling Mask","War Paint","Meat on the Bone","Ectoplasm","Red Mask","Regal Pillow","The Courier","Blue Candle","Philosopher\u0027s Stone","Whetstone","Bottled Lightning","Calipers"],"potions_floor_usage":[6,6,29,33,33,40,40],"damage_taken":[{"damage":3,"enemies":"Small Slimes","floor":1,"turns":2},{"damage":2,"enemies":"2 Louse","floor":2,"turns":2},{"damage":6,"enemies":"Jaw Worm","floor":4,"turns":3},{"damage":15,"enemies":"Looter","floor":5,"turns":3},{"damage":20,"enemies":"Lagavulin","floor":6,"turns":5},{"damage":5,"enemies":"Lots of Slimes","floor":11,"turns":2},{"damage":19,"enemies":"Slime Boss","floor":16,"turns":10},{"damage":1,"enemies":"Chosen","floor":18,"turns":4},{"damage":5,"enemies":"Masked Bandits","floor":20,"turns":3},{"damage":3,"enemies":"Shell Parasite","floor":22,"turns":4},{"damage":0,"enemies":"Snake Plant","floor":27,"turns":3},{"damage":10,"enemies":"Snecko","floor":28,"turns":3},{"damage":6,"enemies":"Sentry and Sphere","floor":29,"turns":4},{"damage":22,"enemies":"Book of Stabbing","floor":31,"turns":5},{"damage":30,"enemies":"Collector","floor":33,"turns":9},{"damage":0,"enemies":"Orb Walker","floor":35,"turns":4},{"damage":5,"enemies":"3 Darklings","floor":36,"turns":3},{"damage":3,"enemies":"Maw","floor":38,"turns":7},{"damage":36,"enemies":"Nemesis","floor":40,"turns":9},{"damage":14,"enemies":"Spire Growth","floor":41,"turns":6},{"damage":0,"enemies":"Mind Bloom Boss Battle","floor":45,"turns":6},{"damage":3,"enemies":"4 Shapes","floor":48,"turns":2},{"damage":86,"enemies":"Awakened One","floor":50,"turns":8}],"seed_played":"8701911626981349126","potions_obtained":[{"floor":1,"key":"BloodPotion"},{"floor":2,"key":"Fire Potion"},{"floor":5,"key":"FearPotion"},{"floor":18,"key":"Fire Potion"},{"floor":28,"key":"Block Potion"},{"floor":29,"key":"GamblersBrew"},{"floor":36,"key":"Fire Potion"}],"is_trial":false,"path_per_floor":["M","M","$","M","M","E","R","?","T","R","M","R","?","?","R","B",null,"M","?","?","?","M","R","$","R","T","M","M","M","?","E","R","B",null,"M","M","$","M","$","E","M","R","T","R","?","?","$","M","R","B"],"character_chosen":"IRONCLAD","items_purchased":["Clothesline","Regal Pillow","Metallicize"],"campfire_rested":1,"item_purchase_floors":[3,24,37],"current_hp_per_floor":[80,80,80,80,71,57,57,46,46,46,47,47,40,66,66,53,80,80,80,80,80,80,80,80,80,80,80,76,76,76,60,60,56,80,80,80,80,80,80,50,54,80,80,80,80,80,80,80,80,0],"gold":7,"neow_bonus":"ONE_RANDOM_RARE_CARD","is_prod":false,"is_daily":false,"chose_seed":false,"campfire_upgraded":9,"win_rate":0,"timestamp":1549006291,"path_taken":["M","M","$","M","M","E","R","?","T","R","M","R","?","?","R","BOSS","M","?","?","?","M","R","$","R","T","M","M","?","?","E","R","BOSS","M","M","$","M","$","E","M","R","T","R","?","?","?","?","R","BOSS"],"build_version":"2019-01-23","purchased_purges":2,"victory":false,"max_hp_per_floor":[80,80,80,80,80,80,80,80,80,80,80,80,80,80,80,80,80,80,80,80,80,80,80,80,80,80,80,80,80,80,80,80,80,80,80,80,80,80,80,80,80,80,80,80,80,80,80,80,80,80],"card_choices":[{"not_picked":["Perfected Strike","Iron Wave"],"picked":"Whirlwind","floor":1},{"not_picked":["Sword Boomerang","Flame Barrier"],"picked":"Heavy Blade","floor":2},{"not_picked":["Sentinel","Warcry"],"picked":"Flex","floor":4},{"not_picked":["Rampage","Armaments"],"picked":"Metallicize","floor":5},{"not_picked":["Sword Boomerang","Clothesline"],"picked":"Flex","floor":6},{"not_picked":["Anger","Shockwave"],"picked":"Shrug It Off","floor":11},{"not_picked":["Dark Embrace","Feed"],"picked":"Demon Form","floor":16},{"not_picked":["Evolve+1","Dropkick"],"picked":"Whirlwind","floor":18},{"not_picked":["Iron Wave","Heavy Blade+1"],"picked":"Metallicize","floor":20},{"not_picked":["Perfected Strike+1","Whirlwind"],"picked":"Headbutt","floor":22},{"not_picked":["Perfected Strike","Entrench"],"picked":"Armaments","floor":27},{"not_picked":["Warcry","Blood for Blood"],"picked":"Pommel Strike+1","floor":28},{"not_picked":["Cleave","Infernal Blade"],"picked":"Bloodletting","floor":29},{"not_picked":["Infernal Blade","Twin Strike"],"picked":"Ghostly Armor","floor":31},{"not_picked":["Exhume","Bludgeon"],"picked":"Immolate","floor":33},{"not_picked":["Flex+1","Wild Strike"],"picked":"Flame Barrier+1","floor":35},{"not_picked":["Anger","Flame Barrier+1"],"picked":"Shrug It Off+1","floor":36},{"not_picked":["Pommel Strike","Cleave+1"],"picked":"True Grit+1","floor":38},{"not_picked":["Armaments+1","Body Slam+1","Burning Pact"],"picked":"SKIP","floor":40},{"not_picked":["Entrench+1","Warcry+1"],"picked":"Inflame+1","floor":41},{"not_picked":["Fiend Fire","Twin Strike"],"picked":"Flex+1","floor":45},{"not_picked":["Body Slam+1","Burning Pact","Warcry"],"picked":"SKIP","floor":48}],"player_experience":144537,"relics_obtained":[{"floor":6,"key":"Smiling Mask"},{"floor":9,"key":"War Paint"},{"floor":20,"key":"Red Mask"},{"floor":26,"key":"The Courier"},{"floor":31,"key":"Blue Candle"},{"floor":40,"key":"Whetstone"},{"floor":43,"key":"Bottled Lightning"},{"floor":45,"key":"Calipers"}],"event_choices":[{"damage_healed":0,"gold_gain":75,"player_choice":"Gather Gold","damage_taken":11,"max_hp_gain":0,"max_hp_loss":0,"event_name":"World of Goop","floor":8,"gold_loss":0},{"damage_healed":0,"gold_gain":0,"player_choice":"Success","damage_taken":7,"relics_obtained":["Meat on the Bone"],"max_hp_gain":0,"max_hp_loss":0,"event_name":"Scrap Ooze","floor":13,"gold_loss":0},{"damage_healed":26,"gold_gain":0,"player_choice":"Banana","damage_taken":0,"max_hp_gain":0,"max_hp_loss":0,"event_name":"Big Fish","floor":14,"gold_loss":0},{"damage_healed":0,"gold_gain":0,"cards_transformed":["Strike_R","Strike_R"],"player_choice":"Became Test Subject","damage_taken":0,"max_hp_gain":0,"max_hp_loss":0,"event_name":"Drug Dealer","floor":19,"gold_loss":0,"cards_obtained":["Body Slam","Inflame"]},{"damage_healed":0,"gold_gain":0,"player_choice":"Fought Bandits","damage_taken":0,"max_hp_gain":0,"max_hp_loss":0,"event_name":"Masked Bandits","floor":20,"gold_loss":0},{"cards_removed":["Strike_R"],"damage_healed":0,"gold_gain":0,"player_choice":"Took Card","damage_taken":0,"max_hp_gain":0,"max_hp_loss":0,"event_name":"NoteForYourself","floor":21,"gold_loss":0,"cards_obtained":["Iron Wave"]},{"damage_healed":0,"gold_gain":0,"player_choice":"Read","damage_taken":0,"max_hp_gain":0,"max_hp_loss":0,"event_name":"The Library","floor":30,"gold_loss":0,"cards_obtained":["Metallicize"]},{"damage_healed":0,"gold_gain":0,"player_choice":"Fight","damage_taken":0,"max_hp_gain":0,"max_hp_loss":0,"event_name":"MindBloom","floor":45,"gold_loss":0},{"cards_removed":["Bash"],"damage_healed":0,"gold_gain":0,"player_choice":"Removed Attack","damage_taken":0,"max_hp_gain":0,"max_hp_loss":0,"event_name":"Falling","floor":46,"gold_loss":0}],"is_beta":false,"boss_relics":[{"not_picked":["Astrolabe","Snecko Eye"],"picked":"Ectoplasm"},{"not_picked":["Lizard Tail","Black Star"],"picked":"Philosopher\u0027s Stone"}],"items_purged_floors":[24,37],"is_endless":false,"potions_floor_spawned":[1,2,5,18,28,29,36],"killed_by":"Awakened One","ascension_level":0}