{"gold_per_floor":[117,117,136,61,61,92,92,105,186,186,196,206,241,251,251,353,353,364,12,12,25,44,44,77,90,166,182,182,192,202,202],"floor_reached":31,"playtime":1629,"items_purged":["Parasite","Strike_G"],"score":312,"play_id":"02786530-340b-4652-9afa-eee7dd7a2237","local_time":"20190128184923","is_ascension_mode":true,"campfire_choices":[{"floor":7.0,"key":"REST"},{"data":"Neutralize","floor":10.0,"key":"SMITH"},{"data":"Bane","floor":15.0,"key":"SMITH"},{"data":"Die Die Die","floor":23.0,"key":"SMITH"},{"floor":28.0,"key":"REST"}],"neow_cost":"CURSE","seed_source_timestamp":0,"circlet_count":0,"master_deck":["Defend_G","Defend_G","Defend_G","Strike_G","Strike_G+1","Survivor+1","Neutralize+1","Noxious Fumes+1","PiercingWail","Flying Knee","Bane+1","Bane","Acrobatics","Die Die Die+1","Wraith Form v2+1","Backflip+1","All Out Attack+1","Deadly Poison","Outmaneuver+1"],"special_seed":0,"relics":["Ring of the Snake","The Specimen","Vajra","Blue Candle","Smiling Mask","Astrolabe","FossilizedHelix","Ninja Scroll","Bottled Tornado"],"potions_floor_usage":[],"damage_taken":[{"damage":4.0,"enemies":"Jaw Worm","floor":1.0,"turns":5.0},{"damage":0.0,"enemies":"Small Slimes","floor":3.0,"turns":3.0},{"damage":22.0,"enemies":"3 Sentries","floor":6.0,"turns":7.0},{"damage":1.0,"enemies":"Cultist","floor":8.0,"turns":3.0},{"damage":1.0,"enemies":"Gremlin Gang","floor":11.0,"turns":6.0},{"damage":0.0,"enemies":"Looter","floor":12.0,"turns":4.0},{"damage":8.0,"enemies":"Gremlin Nob","floor":13.0,"turns":4.0},{"damage":0.0,"enemies":"3 Louse","floor":14.0,"turns":5.0},{"damage":16.0,"enemies":"The Guardian","floor":16.0,"turns":10.0},{"damage":0.0,"enemies":"Chosen","floor":18.0,"turns":5.0},{"damage":2.0,"enemies":"Spheric Guardian","floor":21.0,"turns":4.0},{"damage":13.0,"enemies":"Centurion and Healer","floor":22.0,"turns":7.0},{"damage":9.0,"enemies":"Book of Stabbing","floor":24.0,"turns":7.0},{"damage":6.0,"enemies":"Shelled Parasite and Fungi","floor":25.0,"turns":3.0},{"damage":6.0,"enemies":"Cultist and Chosen","floor":27.0,"turns":4.0},{"damage":12.0,"enemies":"Centurion and Healer","floor":29.0,"turns":4.0},{"damage":13.0,"enemies":"Snake Plant","floor":30.0,"turns":4.0},{"damage":26,"enemies":"Shelled Parasite and Fungi","floor":31,"turns":5}],"seed_played":"-3811132039272243315","potions_obtained":[{"floor":12.0,"key":"PowerPotion"},{"floor":14.0,"key":"GamblersBrew"},{"floor":16.0,"key":"Dexterity Potion"},{"floor":27.0,"key":"Strength Potion"},{"floor":30.0,"key":"Strength Potion"}],"is_trial":false,"path_per_floor":["M","?","M","$","?","E","R","M","T","R","M","M","E","M","R","B",null,"M","$","?","M","M","R","E","M","T","M","R","M","M","M"],"character_chosen":"THE_SILENT","items_purchased":["FossilizedHelix"],"campfire_rested":2,"item_purchase_floors":[19],"current_hp_per_floor":[66,52,52,52,52,30,50,49,49,49,48,48,40,40,40,24,67,67,67,67,65,52,52,43,37,37,31,51,39,26,0],"gold":202,"neow_bonus":"ONE_RARE_RELIC","is_prod":false,"is_daily":false,"chose_seed":false,"campfire_upgraded":3,"win_rate":0,"timestamp":1548697763,"path_taken":["M","?","M","$","?","E","R","M","T","R","M","M","E","M","R","BOSS","M","$","?","M","?","R","E","M","T","M","R","M","?","M"],"build_version":"2019-01-23","purchased_purges":2,"victory":false,"max_hp_per_floor":[70,70,70,67,67,67,67,67,67,67,67,67,67,67,67,67,67,67,67,67,67,67,67,67,67,67,67,67,67,67,67],"card_choices":[{"not_picked":["Dagger Throw","Backstab"],"picked":"Noxious Fumes","floor":1.0},{"not_picked":["Slice","Dagger Throw"],"picked":"PiercingWail","floor":3.0},{"not_picked":["Dagger Throw","Outmaneuver","Masterful Stab"],"picked":"SKIP","floor":6.0},{"not_picked":["Bane","Blur"],"picked":"Flying Knee","floor":8.0},{"not_picked":["Reflex","PiercingWail","Skewer"],"picked":"SKIP","floor":11.0},{"not_picked":["PiercingWail","Acrobatics"],"picked":"Bane","floor":12.0},{"not_picked":["Quick Slash","Heel Hook"],"picked":"Bane","floor":13.0},{"not_picked":["A Thousand Cuts","Dagger Spray"],"picked":"Acrobatics","floor":14.0},{"not_picked":["Glass Knife","Malaise"],"picked":"Die Die Die","floor":16.0},{"not_picked":["Slice+1","Backflip","Deflect"],"picked":"SKIP","floor":18.0},{"not_picked":["Blade Dance","Flying Knee","Slice"],"picked":"SKIP","floor":21.0},{"not_picked":["Underhanded Strike","Dagger Spray","Wraith Form v2"],"picked":"SKIP","floor":22.0},{"not_picked":["Deflect","Predator+1"],"picked":"Deadly Poison","floor":24.0},{"not_picked":["Dagger Throw","Underhanded Strike+1","Acrobatics"],"picked":"SKIP","floor":25.0},{"not_picked":["Quick Slash","Dagger Spray","Sucker Punch+1"],"picked":"SKIP","floor":27.0},{"not_picked":["Dash","Quick Slash+1"],"picked":"Outmaneuver+1","floor":29.0},{"not_picked":["Bane+1","All Out Attack","Acrobatics"],"picked":"SKIP","floor":30.0}],"player_experience":279535,"relics_obtained":[{"floor":6.0,"key":"Vajra"},{"floor":9.0,"key":"Blue Candle"},{"floor":13.0,"key":"Smiling Mask"},{"floor":24.0,"key":"Ninja Scroll"},{"floor":26.0,"key":"Bottled Tornado"}],"event_choices":[{"damage_healed":0.0,"max_hp_gain":0.0,"max_hp_loss":0.0,"gold_gain":0.0,"event_name":"Shining Light","player_choice":"Entered Light","floor":2.0,"gold_loss":0.0,"damage_taken":14.0,"cards_upgraded":["Strike_G","Survivor"]},{"damage_healed":0.0,"max_hp_gain":0.0,"max_hp_loss":0.0,"gold_gain":0.0,"event_name":"Living Wall","player_choice":"Grow","floor":5.0,"gold_loss":0.0,"damage_taken":0.0,"cards_upgraded":["Noxious Fumes"]},{"cards_removed":["Defend_G"],"damage_healed":0.0,"max_hp_gain":0.0,"max_hp_loss":0.0,"gold_gain":0.0,"event_name":"Bonfire Elementals","player_choice":"Offered Basic","floor":20.0,"gold_loss":0.0,"damage_taken":0.0}],"is_beta":false,"boss_relics":[{"not_picked":["Fusion Hammer","Sozu"],"picked":"Astrolabe"}],"items_purged_floors":[4,19],"is_endless":false,"potions_floor_spawned":[12,14,16,27,30],"killed_by":"Shelled Parasite and Fungi","ascension_level":3}