{"gold_per_floor":[115,134,149,149,169,169,200,213,263,263,276,295,309,322,322,419,419,432,445,445,445],"floor_reached":21,"playtime":1466,"items_purged":[],"score":196,"play_id":"2523f0e8-0fef-46d3-8439-bb2aeeefa31c","local_time":"20181113215745","is_ascension_mode":true,"campfire_choices":[{"data":"Cloak And Dagger","floor":6,"key":"SMITH"},{"data":"Dodge and Roll","floor":10,"key":"SMITH"},{"data":"Dash","floor":15,"key":"SMITH"}],"neow_cost":"NONE","seed_source_timestamp":0,"circlet_count":0,"master_deck":["Defend_G","Defend_G","Defend_G","Defend_G","Defend_G","Strike_G","Strike_G","Strike_G","Strike_G","Survivor","Neutralize","Quick Slash","Blur","Cloak And Dagger+1","Sucker Punch","Dodge and Roll+1","Backflip","Escape Plan","Quick Slash","Bane","Dash+1","Corpse Explosion","Caltrops","Dodge and Roll","Poisoned Stab","Poisoned Stab","Bouncing Flask","Quick Slash","Bane+1","Writhe"],"special_seed":0,"relics":["Ring of the Snake","Pen Nib","Snake Skull","Orrery","Frozen Egg 2"],"potions_floor_usage":[5,7,12,16,16,21],"damage_taken":[{"damage":0,"enemies":"Cultist","floor":1,"turns":5},{"damage":0,"enemies":"Jaw Worm","floor":2,"turns":5},{"damage":0,"enemies":"2 Louse","floor":3,"turns":3},{"damage":0,"enemies":"Looter","floor":5,"turns":5},{"damage":8,"enemies":"3 Sentries","floor":7,"turns":11},{"damage":0,"enemies":"Blue Slaver","floor":8,"turns":4},{"damage":4,"enemies":"3 Louse","floor":11,"turns":6},{"damage":0,"enemies":"Large Slime","floor":12,"turns":3},{"damage":2,"enemies":"2 Fungi Beasts","floor":13,"turns":4},{"damage":0,"enemies":"Exordium Wildlife","floor":14,"turns":4},{"damage":33,"enemies":"Slime Boss","floor":16,"turns":19},{"damage":19,"enemies":"3 Byrds","floor":18,"turns":5},{"damage":5,"enemies":"Spheric Guardian","floor":19,"turns":3},{"damage":49,"enemies":"Masked Bandits","floor":21,"turns":4}],"seed_played":"-6084383434466998150","potions_obtained":[{"floor":1,"key":"SpeedPotion"},{"floor":3,"key":"Poison Potion"},{"floor":11,"key":"Explosive Potion"},{"floor":12,"key":"EssenceOfSteel"},{"floor":13,"key":"Explosive Potion"},{"floor":19,"key":"SkillPotion"}],"is_trial":false,"path_per_floor":["M","M","M","?","M","R","E","M","T","R","M","M","M","M","R","B",null,"M","M","?","?"],"character_chosen":"THE_SILENT","items_purchased":[],"campfire_rested":0,"item_purchase_floors":[],"current_hp_per_floor":[70,70,70,70,70,70,62,62,62,62,58,58,56,56,56,23,70,51,46,46,0],"gold":445,"neow_bonus":"THREE_CARDS","is_prod":false,"is_daily":false,"chose_seed":false,"campfire_upgraded":3,"win_rate":0,"timestamp":1542175065,"path_taken":["M","M","?","?","M","R","E","M","T","R","M","?","M","M","R","BOSS","M","M","?","?"],"build_version":"2018-11-08","purchased_purges":0,"victory":false,"max_hp_per_floor":[70,70,70,70,70,70,70,70,70,70,70,70,70,70,70,70,70,70,70,70,70],"card_choices":[{"not_picked":["Prepared","Outmaneuver"],"picked":"Quick Slash","floor":0},{"not_picked":["Riddle With Holes","Skewer"],"picked":"Blur","floor":1},{"not_picked":["Sucker Punch","All Out Attack"],"picked":"Cloak And Dagger","floor":2},{"not_picked":["Bane","Flying Knee"],"picked":"Sucker Punch","floor":3},{"not_picked":["Distraction","Bane"],"picked":"Dodge and Roll","floor":5},{"not_picked":["Quick Slash","Deadly Poison"],"picked":"Backflip","floor":7},{"not_picked":["Doppelganger","Dagger Throw"],"picked":"Escape Plan","floor":8},{"not_picked":["Acrobatics","Underhanded Strike"],"picked":"Quick Slash","floor":11},{"not_picked":["Backflip","Tactician"],"picked":"Bane","floor":12},{"not_picked":["Underhanded Strike","Flying Knee","Prepared"],"picked":"SKIP","floor":13},{"not_picked":["Deflect","Slice"],"picked":"Dash","floor":14},{"not_picked":["Wraith Form v2","Envenom"],"picked":"Corpse Explosion","floor":16},{"not_picked":["Outmaneuver","Bane"],"picked":"Caltrops","floor":17},{"not_picked":["Deflect","Outmaneuver"],"picked":"Dodge and Roll","floor":17},{"not_picked":["Bane","Slice"],"picked":"Poisoned Stab","floor":17},{"not_picked":["Tools of the Trade","Heel Hook"],"picked":"Poisoned Stab","floor":17},{"not_picked":["Deadly Poison","Backstab"],"picked":"Bouncing Flask","floor":17},{"not_picked":["Flying Knee","Underhanded Strike"],"picked":"Quick Slash","floor":18},{"not_picked":["Leg Sweep","Acrobatics"],"picked":"Bane+1","floor":19}],"player_experience":40751,"relics_obtained":[{"floor":7,"key":"Pen Nib"},{"floor":9,"key":"Snake Skull"}],"event_choices":[{"cards_removed":["Strike_G"],"damage_healed":0,"gold_gain":0,"player_choice":"Purged","damage_taken":0,"max_hp_gain":0,"max_hp_loss":0,"event_name":"Purifier","floor":4,"gold_loss":0},{"damage_healed":0,"gold_gain":0,"player_choice":"Opened","damage_taken":0,"relics_obtained":["Frozen Egg 2"],"max_hp_gain":0,"max_hp_loss":0,"event_name":"The Mausoleum","floor":20,"gold_loss":0,"cards_obtained":["Writhe"]},{"damage_healed":0,"gold_gain":0,"player_choice":"Fought Bandits","damage_taken":0,"max_hp_gain":0,"max_hp_loss":0,"event_name":"Masked Bandits","floor":21,"gold_loss":0}],"is_beta":false,"boss_relics":[{"not_picked":["White Beast Statue","Cursed Key"],"picked":"Orrery"}],"items_purged_floors":[],"is_endless":false,"potions_floor_spawned":[1,3,11,12,13,19],"killed_by":"Masked Bandits","ascension_level":1}