{"gold_per_floor":[115,390,401,401,422,422,455,455,455,494,494,515,515],"floor_reached":13,"playtime":374,"items_purged":[],"score":116,"play_id":"6bf09bcb-8b84-478a-84ab-1b723083a9dd","local_time":"20190121014155","is_ascension_mode":true,"campfire_choices":[{"data":"Hologram","floor":6.0,"key":"SMITH"},{"floor":8.0,"key":"REST"}],"neow_cost":"NONE","seed_source_timestamp":2769970991183740,"circlet_count":0,"master_deck":["Strike_B","Strike_B","Strike_B","Strike_B","Defend_B","Defend_B","Defend_B","Defend_B","Zap","Dualcast","Conserve Battery","Regret","Hologram+1","Injury","FTL","Coolheaded","Creative AI","White Noise"],"special_seed":0,"relics":["Cracked Core","NeowsBlessing","Golden Idol","Ornamental Fan","Molten Egg 2","Bronze Scales","Matryoshka"],"potions_floor_usage":[12,13],"damage_taken":[{"damage":0.0,"enemies":"2 Louse","floor":1.0,"turns":1.0},{"damage":0.0,"enemies":"Cultist","floor":3.0,"turns":1.0},{"damage":0.0,"enemies":"Jaw Worm","floor":5.0,"turns":1.0},{"damage":36.0,"enemies":"Gremlin Nob","floor":7.0,"turns":5.0},{"damage":39.0,"enemies":"Lagavulin","floor":10.0,"turns":10.0},{"damage":3,"enemies":"Gremlin Gang","floor":12,"turns":3},{"damage":24,"enemies":"3 Sentries","floor":13,"turns":2}],"seed_played":"-4707113975423126342","potions_obtained":[{"floor":3.0,"key":"Energy Potion"},{"floor":10.0,"key":"AttackPotion"},{"floor":12,"key":"LiquidBronze"}],"is_trial":false,"path_per_floor":["M","?","M","?","M","R","E","R","T","E","T","M","E"],"character_chosen":"DEFECT","items_purchased":[],"campfire_rested":1,"item_purchase_floors":[],"current_hp_per_floor":[75,75,75,75,75,75,39,61,61,22,22,19,0],"gold":515,"neow_bonus":"THREE_ENEMY_KILL","is_prod":false,"is_daily":false,"chose_seed":false,"campfire_upgraded":1,"win_rate":0,"timestamp":1548063715,"path_taken":["M","?","?","?","M","R","E","R","T","E","?","?","E"],"build_version":"2019-01-17v2","purchased_purges":0,"victory":false,"max_hp_per_floor":[75,75,75,75,75,75,75,75,75,75,75,75,75],"card_choices":[{"not_picked":["Redo","Barrage"],"picked":"Conserve Battery","floor":1.0},{"not_picked":["Gash","Compile Driver"],"picked":"Hologram","floor":3.0},{"not_picked":["Redo","Multi-Cast"],"picked":"FTL","floor":5.0},{"not_picked":["Stack","Seek"],"picked":"Coolheaded","floor":7.0},{"not_picked":["Beam Cell+1","Core Surge+1"],"picked":"Creative AI","floor":10.0},{"not_picked":["Gash+1","Scrape+1"],"picked":"White Noise","floor":12}],"player_experience":345061,"relics_obtained":[{"floor":7.0,"key":"Ornamental Fan"},{"floor":9.0,"key":"Molten Egg 2"},{"floor":10.0,"key":"Bronze Scales"},{"floor":11.0,"key":"Matryoshka"}],"event_choices":[{"damage_healed":0.0,"max_hp_gain":0.0,"max_hp_loss":0.0,"gold_gain":275.0,"event_name":"Golden Shrine","player_choice":"Desecrate","floor":2.0,"gold_loss":0.0,"damage_taken":0.0,"cards_obtained":["Regret"]},{"damage_healed":0.0,"max_hp_gain":0.0,"max_hp_loss":0.0,"gold_gain":0.0,"event_name":"Golden Idol","player_choice":"Take Wound","floor":4.0,"gold_loss":0.0,"damage_taken":0.0,"relics_obtained":["Golden Idol"],"cards_obtained":["Injury"]}],"is_beta":false,"boss_relics":[],"items_purged_floors":[],"is_endless":false,"potions_floor_spawned":[3,10,12],"killed_by":"3 Sentries","ascension_level":5}