{"gold_per_floor":[211,55,66,80,93,119,119,134,158,178,158,173,173,191,191,296,296,312,329,329],"floor_reached":20,"playtime":794,"items_purged":[],"score":225,"play_id":"82143976-7809-45db-a3ab-2672760f04c4","local_time":"20190201234318","is_ascension_mode":true,"campfire_choices":[{"data":"Bludgeon","floor":7.0,"key":"SMITH"},{"data":"Inflame","floor":13.0,"key":"SMITH"},{"floor":15.0,"key":"REST"}],"neow_cost":"NONE","seed_source_timestamp":48532976824201,"circlet_count":0,"master_deck":["Strike_R","Strike_R","Strike_R","Strike_R","Strike_R","Defend_R","Defend_R","Defend_R","Defend_R","Bash","Metallicize","Bludgeon+1","Headbutt","Rupture","Flex","Inflame+1","Battle Trance","Offering","Disarm","Havoc+1"],"special_seed":0,"relics":["Burning Blood","Oddly Smooth Stone","Centennial Puzzle","Orichalcum","Eternal Feather"],"potions_floor_usage":[16],"damage_taken":[{"damage":18.0,"enemies":"Cultist","floor":1.0,"turns":6.0},{"damage":5.0,"enemies":"Jaw Worm","floor":3.0,"turns":5.0},{"damage":2.0,"enemies":"2 Louse","floor":4.0,"turns":5.0},{"damage":0.0,"enemies":"Large Slime","floor":5.0,"turns":4.0},{"damage":44.0,"enemies":"Gremlin Nob","floor":6.0,"turns":6.0},{"damage":8.0,"enemies":"Blue Slaver","floor":8.0,"turns":2.0},{"damage":1.0,"enemies":"3 Louse","floor":10.0,"turns":3.0},{"damage":8.0,"enemies":"Exordium Wildlife","floor":12.0,"turns":3.0},{"damage":17.0,"enemies":"Lots of Slimes","floor":14.0,"turns":5.0},{"damage":37,"enemies":"The Guardian","floor":16,"turns":13},{"damage":14,"enemies":"Shell Parasite","floor":18,"turns":6},{"damage":23,"enemies":"Spheric Guardian","floor":19,"turns":5},{"damage":0,"enemies":"Snake Plant","floor":20,"turns":1}],"seed_played":"-8234885901518453662","potions_obtained":[{"floor":1.0,"key":"EssenceOfSteel"},{"floor":3.0,"key":"LiquidBronze"},{"floor":8.0,"key":"SteroidPotion"},{"floor":11.0,"key":"EssenceOfSteel"},{"floor":12.0,"key":"Block Potion"},{"floor":16,"key":"Swift Potion"}],"is_trial":false,"path_per_floor":["M","$","M","M","M","E","R","M","T","M","?","M","R","M","R","B",null,"M","M","M"],"character_chosen":"IRONCLAD","items_purchased":["Oddly Smooth Stone"],"campfire_rested":1,"item_purchase_floors":[2],"current_hp_per_floor":[68,68,69,73,79,41,41,39,39,44,44,42,42,31,55,24,66,58,41,41],"gold":329,"neow_bonus":"HUNDRED_GOLD","is_prod":false,"is_daily":false,"chose_seed":false,"campfire_upgraded":2,"win_rate":0,"timestamp":1549060998,"path_taken":["M","$","M","M","M","E","R","M","T","M","?","M","R","?","R","BOSS","M","M","M"],"build_version":"2019-01-23","purchased_purges":0,"victory":false,"max_hp_per_floor":[80,80,80,80,80,80,80,80,80,80,80,80,80,80,80,80,80,80,80,80],"card_choices":[{"not_picked":["Headbutt","Havoc"],"picked":"Metallicize","floor":1.0},{"not_picked":["Headbutt","Clash","True Grit"],"picked":"SKIP","floor":3.0},{"not_picked":["Searing Blow","Anger"],"picked":"Bludgeon","floor":4.0},{"not_picked":["Pommel Strike","Uppercut"],"picked":"Headbutt","floor":5.0},{"not_picked":["Wild Strike","Twin Strike"],"picked":"Rupture","floor":6.0},{"not_picked":["Battle Trance","Anger"],"picked":"Flex","floor":8.0},{"not_picked":["Thunderclap","Rampage"],"picked":"Inflame","floor":10.0},{"not_picked":["Wild Strike","Headbutt","Iron Wave"],"picked":"SKIP","floor":12.0},{"not_picked":["Clash","Evolve"],"picked":"Battle Trance","floor":14.0},{"not_picked":["Double Tap","Dark Embrace"],"picked":"Offering","floor":16},{"not_picked":["Body Slam","Intimidate"],"picked":"Disarm","floor":18},{"not_picked":["Carnage","Searing Blow"],"picked":"Havoc+1","floor":19}],"player_experience":254728,"relics_obtained":[{"floor":6.0,"key":"Centennial Puzzle"},{"floor":9.0,"key":"Orichalcum"}],"event_choices":[{"damage_healed":0.0,"max_hp_gain":0.0,"max_hp_loss":0.0,"gold_gain":0.0,"event_name":"The Woman in Blue","player_choice":"Bought 1 Potion","floor":11.0,"gold_loss":0.0,"damage_taken":0.0}],"is_beta":false,"boss_relics":[{"not_picked":["Lizard Tail","Orrery"],"picked":"Eternal Feather"}],"items_purged_floors":[],"is_endless":false,"potions_floor_spawned":[1,3,8,12,16],"killed_by":"Snake Plant","ascension_level":5}