{"gold_per_floor":[118,138,138,152,167,199,211,90,90,90,108,119,133,133,133,234,284,303,323,65,84,98,98,0,32,86,86,86],"floor_reached":28,"playtime":2795,"items_purged":["Strike_B"],"score":244,"play_id":"16e59808-8cd6-4042-be5d-ff534d290b79","local_time":"20190127031025","is_ascension_mode":false,"campfire_choices":[{"floor":10,"key":"RECALL"},{"floor":15,"key":"REST"},{"data":"Echo Form","floor":23,"key":"SMITH"}],"neow_cost":"NONE","seed_source_timestamp":163167710937114,"circlet_count":0,"master_deck":["Strike_B","Strike_B","Strike_B","Defend_B","Defend_B","Defend_B","Defend_B","Zap","Dualcast+1","Chill+1","Glacier","Gash","Echo Form+1","Cold Snap","Compile Driver","Storm+1","Capacitor+1","Biased Cognition+1","Ball Lightning","Coolheaded","Loop+1","Coolheaded","Reprogram+1"],"relics":["Cracked Core","Vajra","Strawberry","Frozen Egg 2","GremlinMask","Tiny House","Matryoshka","Du-Vu Doll","Bag of Marbles","Happy Flower"],"potions_floor_usage":[6,7,16,25,25],"damage_taken":[{"damage":1,"enemies":"Jaw Worm","floor":1,"turns":3},{"damage":1,"enemies":"Cultist","floor":2,"turns":3},{"damage":2,"enemies":"2 Louse","floor":4,"turns":3},{"damage":15,"enemies":"Gremlin Gang","floor":5,"turns":5},{"damage":12,"enemies":"3 Sentries","floor":6,"turns":12},{"damage":10,"enemies":"Blue Slaver","floor":7,"turns":2},{"damage":0,"enemies":"Large Slime","floor":11,"turns":3},{"damage":5,"enemies":"3 Louse","floor":12,"turns":3},{"damage":6,"enemies":"Red Slaver","floor":13,"turns":2},{"damage":42,"enemies":"Slime Boss","floor":16,"turns":11},{"damage":5,"enemies":"Shell Parasite","floor":18,"turns":4},{"damage":10,"enemies":"Spheric Guardian","floor":19,"turns":3},{"damage":13,"enemies":"Centurion and Healer","floor":21,"turns":7},{"damage":14,"enemies":"Snake Plant","floor":22,"turns":4},{"damage":41,"enemies":"Slavers","floor":25,"turns":3},{"damage":4,"enemies":"Sentry and Sphere","floor":28,"turns":2}],"seed_played":"-2309911053735289499","potions_obtained":[{"floor":2,"key":"FearPotion"},{"floor":4,"key":"Dexterity Potion"},{"floor":6,"key":"FearPotion"},{"floor":12,"key":"Poison Potion"},{"floor":17,"key":"FearPotion"},{"floor":19,"key":"Ancient Potion"},{"floor":21,"key":"Explosive Potion"},{"floor":22,"key":"FocusPotion"}],"is_trial":false,"path_per_floor":["M","M","?","M","M","E","M","$","T","R","M","M","M","?","R","B",null,"M","M","$","M","M","R","?","E","T","?","M"],"character_chosen":"DEFECT","items_purchased":["Compile Driver","Matryoshka"],"campfire_rested":1,"item_purchase_floors":[8,20],"current_hp_per_floor":[74,73,80,78,63,51,41,41,41,41,41,36,30,30,54,12,87,82,72,72,59,45,45,45,4,4,4,0],"gold":86,"neow_bonus":"RANDOM_COMMON_RELIC","is_prod":false,"is_daily":false,"chose_seed":false,"campfire_upgraded":1,"win_rate":0,"timestamp":1548576625,"path_taken":["M","M","?","?","M","E","M","?","T","R","M","?","?","?","R","BOSS","M","M","$","M","M","R","?","E","T","?","?"],"build_version":"2019-01-23","purchased_purges":1,"victory":false,"max_hp_per_floor":[75,75,82,82,82,82,82,82,82,82,82,82,82,82,82,82,87,87,87,87,87,87,87,87,87,87,87,87],"card_choices":[{"not_picked":["Hologram","Force Field"],"picked":"Chill","floor":1},{"not_picked":["Cold Snap","Streamline"],"picked":"Glacier","floor":2},{"not_picked":["Tempest","Chill"],"picked":"Gash","floor":4},{"not_picked":["Streamline","Cold Snap"],"picked":"Echo Form","floor":5},{"not_picked":["Hologram","Stack","Consume"],"picked":"SKIP","floor":6},{"not_picked":["Steam Power","Static Discharge+1"],"picked":"Cold Snap","floor":7},{"not_picked":["Conserve Battery","Recycle"],"picked":"Storm+1","floor":11},{"not_picked":["Aggregate","Steam Power","Redo"],"picked":"SKIP","floor":12},{"not_picked":["Steam","Conserve Battery"],"picked":"Capacitor+1","floor":13},{"not_picked":["Meteor Strike","Multi-Cast"],"picked":"Biased Cognition+1","floor":16},{"not_picked":["Fusion","Barrage"],"picked":"Ball Lightning","floor":18},{"not_picked":["Cold Snap","Rebound"],"picked":"Coolheaded","floor":19},{"not_picked":["Doom and Gloom","Echo Form+1"],"picked":"Loop+1","floor":21},{"not_picked":["Leap","Rebound"],"picked":"Coolheaded","floor":22},{"not_picked":["Redo","Barrage+1"],"picked":"Reprogram+1","floor":25}],"player_experience":59189,"relics_obtained":[{"floor":6,"key":"Frozen Egg 2"},{"floor":25,"key":"Du-Vu Doll"},{"floor":26,"key":"Bag of Marbles"},{"floor":26,"key":"Happy Flower"}],"event_choices":[{"damage_healed":0,"gold_gain":0,"player_choice":"Gave Potion","damage_taken":0,"relics_obtained":["Strawberry"],"max_hp_gain":0,"max_hp_loss":0,"event_name":"WeMeetAgain","floor":3,"gold_loss":0},{"damage_healed":0,"gold_gain":0,"player_choice":"Trade","damage_taken":0,"relics_obtained":["GremlinMask"],"max_hp_gain":0,"max_hp_loss":0,"event_name":"FaceTrader","floor":14,"gold_loss":0},{"damage_healed":0,"gold_gain":0,"player_choice":"Paid Fearfully","damage_taken":0,"max_hp_gain":0,"max_hp_loss":0,"event_name":"Masked Bandits","floor":24,"gold_loss":98},{"damage_healed":0,"gold_gain":0,"player_choice":"Forge","damage_taken":0,"max_hp_gain":0,"max_hp_loss":0,"event_name":"Accursed Blacksmith","floor":27,"gold_loss":0,"cards_upgraded":["Chill"]}],"is_beta":false,"boss_relics":[{"not_picked":["Coffee Dripper","Velvet Choker"],"picked":"Tiny House"}],"items_purged_floors":[8],"is_endless":false,"potions_floor_spawned":[2,4,6,12,19,21,22],"killed_by":"Sentry and Sphere","ascension_level":0}