{"gold_per_floor":[117,136,65,75,86,119,119,130,430,462,427,461,479,511,511,511],"floor_reached":16,"playtime":904,"items_purged":[],"score":182,"play_id":"eae4e2a4-c71f-4bdd-b9ba-154b2c731418","local_time":"20190125195246","is_ascension_mode":false,"campfire_choices":[{"floor":15,"key":"DIG"}],"neow_cost":"NONE","seed_source_timestamp":443183351056031,"circlet_count":0,"master_deck":["Defend_G","Defend_G","Defend_G","Defend_G","Strike_G","Strike_G","Strike_G","Strike_G","Strike_G","Survivor","Neutralize","Flying Knee","Underhanded Strike","Prepared","Quick Slash","Unload","Backstab","Prepared","Prepared","Backflip","Dagger Spray"],"relics":["Ring of the Snake","Orichalcum","Old Coin","Ornamental Fan","Mango","Shovel","Gremlin Horn"],"potions_floor_usage":[14,16,16],"damage_taken":[{"damage":0,"enemies":"Cultist","floor":1,"turns":3},{"damage":1,"enemies":"2 Louse","floor":2,"turns":3},{"damage":0,"enemies":"Small Slimes","floor":4,"turns":3},{"damage":0,"enemies":"2 Fungi Beasts","floor":5,"turns":2},{"damage":34,"enemies":"Lagavulin","floor":6,"turns":8},{"damage":3,"enemies":"3 Louse","floor":8,"turns":4},{"damage":12,"enemies":"Gremlin Nob","floor":10,"turns":4},{"damage":8,"enemies":"3 Sentries","floor":12,"turns":8},{"damage":6,"enemies":"Exordium Thugs","floor":13,"turns":4},{"damage":0,"enemies":"Gremlin Nob","floor":14,"turns":2},{"damage":46,"enemies":"The Guardian","floor":16,"turns":10}],"seed_played":"-8999880123636808612","potions_obtained":[{"floor":6,"key":"EssenceOfSteel"},{"floor":8,"key":"Weak Potion"},{"floor":10,"key":"Fire Potion"}],"is_trial":false,"path_per_floor":["M","M","$","M","M","E","?","M","T","E","?","E","M","E","R","B"],"character_chosen":"THE_SILENT","items_purchased":["Prepared","Quick Slash"],"campfire_rested":0,"item_purchase_floors":[3,3],"current_hp_per_floor":[77,76,76,76,76,42,42,39,39,27,46,52,46,46,46,0],"gold":511,"neow_bonus":"TEN_PERCENT_HP_BONUS","is_prod":false,"is_daily":false,"chose_seed":false,"campfire_upgraded":0,"win_rate":0.0,"timestamp":1548467566,"path_taken":["M","M","$","M","?","E","?","?","T","E","?","E","M","E","R","BOSS"],"build_version":"2019-01-23","purchased_purges":0,"victory":false,"max_hp_per_floor":[77,77,77,77,77,77,77,77,77,77,77,91,91,91,91,91],"card_choices":[{"not_picked":["Prepared","Terror"],"picked":"Flying Knee","floor":1},{"not_picked":["Dagger Spray","Acrobatics"],"picked":"Underhanded Strike","floor":2},{"not_picked":["Escape Plan","Poisoned Stab"],"picked":"Unload","floor":4},{"not_picked":["Deflect","Bane"],"picked":"Backstab","floor":5},{"not_picked":["Bouncing Flask","Cloak And Dagger"],"picked":"Prepared","floor":6},{"not_picked":["Backflip","Glass Knife"],"picked":"Prepared","floor":8},{"not_picked":["Skewer","Blur","Poisoned Stab"],"picked":"SKIP","floor":10},{"not_picked":["PiercingWail","Finisher"],"picked":"Backflip","floor":12},{"not_picked":["Bouncing Flask","Cloak And Dagger"],"picked":"Dagger Spray","floor":13},{"not_picked":["Footwork","Finisher","Crippling Poison"],"picked":"SKIP","floor":14}],"player_experience":182198,"relics_obtained":[{"floor":6,"key":"Orichalcum"},{"floor":9,"key":"Old Coin"},{"floor":10,"key":"Ornamental Fan"},{"floor":12,"key":"Mango"},{"floor":14,"key":"Shovel"},{"floor":15,"key":"Gremlin Horn"}],"event_choices":[{"cards_removed":["Defend_G"],"damage_healed":0,"gold_gain":0,"player_choice":"Card Removal","damage_taken":0,"max_hp_gain":0,"max_hp_loss":0,"event_name":"Wheel of Change","floor":7,"gold_loss":0},{"damage_healed":19,"gold_gain":0,"player_choice":"Healed","damage_taken":0,"max_hp_gain":0,"max_hp_loss":0,"event_name":"The Cleric","floor":11,"gold_loss":35}],"is_beta":false,"boss_relics":[],"items_purged_floors":[],"is_endless":false,"potions_floor_spawned":[6,8,10,13],"killed_by":"The Guardian","ascension_level":0}