{"gold_per_floor":[118,193,204,224,82,32,32,49,75,75,92,122,138,38,38,135,135,154,164,164,164,183,183,195,195],"floor_reached":25,"playtime":1316,"items_purged":["Strike_G","Strike_G"],"score":236,"play_id":"ca73d46c-e243-4479-a18e-7963157d349b","local_time":"20180826014536","is_ascension_mode":true,"campfire_choices":[{"data":"Blur","floor":7,"key":"SMITH"},{"data":"Noxious Fumes","floor":10,"key":"SMITH"},{"floor":15,"key":"REST"},{"floor":23,"key":"REST"}],"neow_cost":"NONE","seed_source_timestamp":838646007498496,"circlet_count":0,"master_deck":["Defend_G","Defend_G","Defend_G","Defend_G","Defend_G","Strike_G","Survivor","Neutralize","Poisoned Stab","Well Laid Plans","Bane","Blur+1","Noxious Fumes+1","PiercingWail","A Thousand Cuts","Cloak And Dagger","Die Die Die","Backflip","J.A.X.","Dagger Throw+1","Catalyst","Cloak And Dagger+1"],"relics":["Ring of the Snake","Ancient Tea Set","Blood Vial","Dream Catcher","White Beast Statue"],"potions_floor_usage":[16,22,22,25,25],"damage_taken":[{"damage":3,"enemies":"Jaw Worm","floor":1,"turns":5},{"damage":0,"enemies":"Cultist","floor":3,"turns":5},{"damage":0,"enemies":"2 Louse","floor":4,"turns":3},{"damage":0,"enemies":"Gremlin Gang","floor":8,"turns":6},{"damage":1,"enemies":"Blue Slaver","floor":11,"turns":3},{"damage":10,"enemies":"3 Sentries","floor":12,"turns":6},{"damage":12,"enemies":"Exordium Wildlife","floor":13,"turns":4},{"damage":26,"enemies":"The Guardian","floor":16,"turns":9},{"damage":1,"enemies":"3 Byrds","floor":18,"turns":5},{"damage":25,"enemies":"2 Thieves","floor":19,"turns":4},{"damage":53,"enemies":"Snecko","floor":22,"turns":8},{"damage":18,"enemies":"Chosen and Byrds","floor":24,"turns":7},{"damage":13,"enemies":"3 Cultists","floor":25,"turns":4}],"seed_played":"-7565151010817695712","potions_obtained":[{"floor":3,"key":"Poison Potion"},{"floor":8,"key":"SkillPotion"},{"floor":12,"key":"Explosive Potion"},{"floor":18,"key":"Regen Potion"},{"floor":19,"key":"EssenceOfSteel"},{"floor":22,"key":"Explosive Potion"},{"floor":24,"key":"GhostInAJar"}],"is_trial":false,"path_per_floor":["M","?","M","M","$","?","R","M","T","R","M","E","M","$","R","B",null,"M","M","?","?","M","R","M"],"character_chosen":"THE_SILENT","items_purchased":["Blur"],"campfire_rested":2,"item_purchase_floors":[5],"current_hp_per_floor":[67,60,60,60,60,60,60,60,60,60,61,53,43,43,64,40,70,69,45,45,45,6,27,11,0],"gold":195,"neow_bonus":"RANDOM_COMMON_RELIC","is_prod":false,"is_daily":false,"chose_seed":false,"campfire_upgraded":2,"win_rate":0,"timestamp":1535219136,"path_taken":["M","?","?","M","$","?","R","M","T","R","?","E","M","$","R","BOSS","M","M","?","?","M","R","M","M"],"build_version":"2018-08-23v2","purchased_purges":2,"victory":false,"max_hp_per_floor":[70,70,70,70,70,70,70,70,70,70,70,70,70,70,70,70,70,70,70,70,70,70,70,70,70],"card_choices":[{"not_picked":["Deadly Poison","Quick Slash"],"picked":"Poisoned Stab","floor":1},{"not_picked":["Slice","Escape Plan"],"picked":"Well Laid Plans","floor":3},{"not_picked":["Quick Slash","Crippling Poison"],"picked":"Bane","floor":4},{"not_picked":["Blade Dance","Tactician"],"picked":"Noxious Fumes","floor":8},{"not_picked":["Tactician","Deadly Poison"],"picked":"PiercingWail","floor":11},{"not_picked":["Outmaneuver","Dagger Throw","PiercingWail"],"picked":"SKIP","floor":12},{"not_picked":["Bane","Dagger Throw"],"picked":"A Thousand Cuts","floor":13},{"not_picked":["Bane","Masterful Stab"],"picked":"Cloak And Dagger","floor":15},{"not_picked":["Venomology","Doppelganger"],"picked":"Die Die Die","floor":16},{"not_picked":["Blade Dance","Eviscerate"],"picked":"Backflip","floor":18},{"not_picked":["Predator","Blade Dance","Endless Agony"],"picked":"SKIP","floor":19},{"not_picked":["Deadly Poison","Flying Knee"],"picked":"Dagger Throw+1","floor":22},{"not_picked":["Acrobatics","All Out Attack+1"],"picked":"Catalyst","floor":23},{"not_picked":["Sucker Punch","Dash"],"picked":"Cloak And Dagger+1","floor":24}],"player_experience":285735,"relics_obtained":[{"floor":9,"key":"Blood Vial"},{"floor":12,"key":"Dream Catcher"}],"event_choices":[{"event_name":"FaceTrader","player_choice":"Touch","floor":2,"damage_taken":0},{"event_name":"The Cleric","player_choice":"Card Removal","floor":6,"damage_taken":0},{"event_name":"Back to Basics","player_choice":"Elegance","floor":20,"damage_taken":0},{"event_name":"Drug Dealer","player_choice":"Got JAX","floor":21,"damage_taken":0}],"is_beta":false,"boss_relics":[{"not_picked":["Tiny House","Runic Pyramid"],"picked":"White Beast Statue"}],"items_purged_floors":[5,14],"is_endless":false,"potions_floor_spawned":[3,8,12,18,19,22,24],"killed_by":"3 Cultists","ascension_level":3}