{"gold_per_floor":[118,118,118,118,138,172,29,47,120,132,142,142,72,72],"floor_reached":14,"playtime":651,"items_purged":["Strike_G"],"score":113,"play_id":"d914a7aa-ab9d-40d9-a003-46e2c566695d","local_time":"20190201173001","is_ascension_mode":true,"campfire_choices":[{"data":"Storm of Steel","floor":12,"key":"SMITH"}],"neow_cost":"NONE","seed_source_timestamp":416552705931138,"circlet_count":0,"master_deck":["Defend_G","Defend_G","Defend_G","Defend_G","Defend_G","Strike_G","Strike_G","Survivor","Neutralize","Cloak And Dagger","Sucker Punch","Storm of Steel+1","Footwork","Escape Plan","Infinite Blades","Backstab","Noxious Fumes"],"special_seed":0,"relics":["Ring of the Snake","Bronze Scales","Ancient Tea Set","Toxic Egg 2"],"potions_floor_usage":[11],"damage_taken":[{"damage":0.0,"enemies":"Jaw Worm","floor":1.0,"turns":5.0},{"damage":0.0,"enemies":"Cultist","floor":5.0,"turns":4.0},{"damage":20.0,"enemies":"Gremlin Nob","floor":6.0,"turns":5.0},{"damage":0.0,"enemies":"Small Slimes","floor":8.0,"turns":3.0},{"damage":3.0,"enemies":"3 Louse","floor":10.0,"turns":4.0},{"damage":0,"enemies":"Looter","floor":11,"turns":3},{"damage":17,"enemies":"3 Sentries","floor":14,"turns":4}],"seed_played":"3713403896845952822","potions_obtained":[{"floor":0.0,"key":"Ancient Potion"},{"floor":0.0,"key":"Fire Potion"},{"floor":0.0,"key":"SteroidPotion"},{"floor":6.0,"key":"Block Potion"},{"floor":11,"key":"SpeedPotion"}],"is_trial":false,"path_per_floor":["M","?","?","?","M","E","$","M","T","M","M","R","$","E"],"character_chosen":"THE_SILENT","items_purchased":["Footwork","Noxious Fumes"],"campfire_rested":0,"item_purchase_floors":[7,13],"current_hp_per_floor":[70,70,45,38,38,18,18,18,18,15,15,15,15,0],"gold":72,"neow_bonus":"THREE_SMALL_POTIONS","is_prod":false,"is_daily":false,"chose_seed":false,"campfire_upgraded":1,"win_rate":0,"timestamp":1549063801,"path_taken":["M","?","?","?","M","E","$","M","T","M","M","R","$","E"],"build_version":"2019-01-23","purchased_purges":1,"victory":false,"max_hp_per_floor":[70,70,70,70,70,70,70,70,70,70,70,70,70,70],"card_choices":[{"not_picked":["Blur","Flying Knee"],"picked":"Cloak And Dagger","floor":1.0},{"not_picked":["All Out Attack","Crippling Poison"],"picked":"Sucker Punch","floor":5.0},{"not_picked":["Flying Knee","Adrenaline"],"picked":"Storm of Steel","floor":6.0},{"not_picked":["Quick Slash","Outmaneuver"],"picked":"Escape Plan","floor":8.0},{"not_picked":["Distraction+1","Sucker Punch"],"picked":"Infinite Blades","floor":10},{"not_picked":["Bane","Blur+1"],"picked":"Backstab","floor":11}],"player_experience":297672,"relics_obtained":[{"floor":6.0,"key":"Ancient Tea Set"},{"floor":9.0,"key":"Toxic Egg 2"}],"event_choices":[{"cards_removed":["Strike_G"],"damage_healed":0.0,"max_hp_gain":0.0,"max_hp_loss":0.0,"gold_gain":0.0,"event_name":"Living Wall","player_choice":"Forget","floor":2.0,"gold_loss":0.0,"damage_taken":0.0},{"damage_healed":0.0,"max_hp_gain":0.0,"max_hp_loss":0.0,"gold_gain":0.0,"event_name":"Scrap Ooze","player_choice":"Success","floor":3.0,"gold_loss":0.0,"damage_taken":25.0,"relics_obtained":["Bronze Scales"]},{"cards_removed":["Strike_G"],"damage_healed":0.0,"max_hp_gain":0.0,"max_hp_loss":0.0,"gold_gain":0.0,"event_name":"Golden Wing","player_choice":"Card Removal","floor":4.0,"gold_loss":0.0,"damage_taken":7.0}],"is_beta":false,"boss_relics":[],"items_purged_floors":[7],"is_endless":false,"potions_floor_spawned":[1,6,11],"killed_by":"3 Sentries","ascension_level":5}