{"gold_per_floor":[214,225,102,114,97,97,97,123,123,123,163,177,177,193,193,321,321,336,349,349,367,386,386,417,442,492,0,0],"floor_reached":28,"playtime":1633,"items_purged":["Strike_B"],"score":307,"play_id":"9bec364c-de68-4434-9e70-2befbbd1d24b","local_time":"20180828005836","is_ascension_mode":true,"campfire_choices":[{"data":"Leap","floor":6,"key":"SMITH"},{"data":"Zap","floor":10,"key":"SMITH"},{"data":"Coolheaded","floor":13,"key":"SMITH"},{"floor":15,"key":"REST"},{"floor":23,"key":"REST"}],"neow_cost":"NONE","seed_source_timestamp":1008319632329707,"circlet_count":0,"master_deck":["Zap+1","Dualcast","FTL","Ball Lightning","Leap+1","Conserve Battery","Buffer","Coolheaded+1","Conserve Battery","Hyperbeam","Coolheaded","Redo","BootSequence","Hologram","Sunder","Reprogram","Gash","Gash","Go for the Eyes+1","Leap+1"],"relics":["Cracked Core","Golden Idol","Odd Mushroom","Matryoshka","Pear","Pandora\u0027s Box","Darkstone Periapt","Dream Catcher","Art of War"],"potions_floor_usage":[14,16,22],"damage_taken":[{"damage":1,"enemies":"Cultist","floor":1,"turns":3},{"damage":2,"enemies":"Jaw Worm","floor":2,"turns":3},{"damage":0,"enemies":"Small Slimes","floor":4,"turns":3},{"damage":16,"enemies":"Exordium Thugs","floor":5,"turns":5},{"damage":20,"enemies":"The Mushroom Lair","floor":8,"turns":6},{"damage":0,"enemies":"Lagavulin","floor":11,"turns":5},{"damage":2,"enemies":"Looter","floor":12,"turns":3},{"damage":0,"enemies":"Lots of Slimes","floor":14,"turns":1},{"damage":26,"enemies":"Hexaghost","floor":16,"turns":12},{"damage":11,"enemies":"Spheric Guardian","floor":18,"turns":4},{"damage":21,"enemies":"2 Thieves","floor":19,"turns":3},{"damage":42,"enemies":"Cultist and Chosen","floor":21,"turns":8},{"damage":0,"enemies":"Centurion and Healer","floor":22,"turns":9},{"damage":5,"enemies":"Gremlin Leader","floor":24,"turns":9},{"damage":16,"enemies":"Snecko","floor":25,"turns":6},{"damage":8,"enemies":"Chosen and Byrds","floor":28,"turns":5}],"seed_played":"-7304734546561839232","potions_obtained":[{"floor":5,"key":"PowerPotion"},{"floor":11,"key":"Weak Potion"},{"floor":12,"key":"Weak Potion"},{"floor":18,"key":"SneckoOil"},{"floor":19,"key":"Swift Potion"},{"floor":22,"key":"EssenceOfSteel"}],"is_trial":false,"path_per_floor":["M","M","$","M","M","R","?","?","T","R","E","M","R","M","R","B",null,"M","M","?","M","M","R","E","M","T","?"],"character_chosen":"DEFECT","items_purchased":["Leap"],"campfire_rested":2,"item_purchase_floors":[3],"current_hp_per_floor":[74,72,72,72,56,56,56,36,36,36,46,44,44,44,67,41,79,68,47,47,5,5,28,23,7,7,7,0],"gold":0,"neow_bonus":"HUNDRED_GOLD","is_prod":false,"is_daily":false,"chose_seed":false,"campfire_upgraded":3,"win_rate":0,"timestamp":1535389116,"path_taken":["M","?","$","M","M","R","?","?","T","R","E","?","R","M","R","BOSS","M","M","?","M","M","R","E","M","T","?","M"],"build_version":"2018-08-23v2","purchased_purges":1,"victory":false,"max_hp_per_floor":[75,75,75,75,75,75,69,69,69,69,79,79,79,79,79,79,79,79,79,79,79,79,79,79,79,79,79,79],"card_choices":[{"not_picked":["Turbo","Sweeping Beam"],"picked":"FTL","floor":1},{"not_picked":["Turbo","Scrape"],"picked":"Ball Lightning","floor":2},{"not_picked":["Steam","Reprogram"],"picked":"Conserve Battery","floor":4},{"not_picked":["Conserve Battery","Rebound"],"picked":"Buffer","floor":5},{"not_picked":["Barrage","Undo"],"picked":"Coolheaded","floor":11},{"not_picked":["Barrage","Heatsinks","Rebound"],"picked":"SKIP","floor":12},{"not_picked":["Blizzard","Rainbow"],"picked":"Conserve Battery","floor":14},{"not_picked":["Core Surge","Fission"],"picked":"Hyperbeam","floor":16},{"not_picked":["Ball Lightning+1","Go for the Eyes"],"picked":"Gash","floor":18},{"not_picked":["Sweeping Beam","Chaos"],"picked":"Gash","floor":19},{"not_picked":["Sweeping Beam","BootSequence","Ball Lightning+1"],"picked":"SKIP","floor":21},{"not_picked":["Turbo","Leap"],"picked":"Go for the Eyes+1","floor":22},{"not_picked":["Thunder Strike","Sweeping Beam+1"],"picked":"Leap+1","floor":24},{"not_picked":["Sweeping Beam+1","Chaos+1","Darkness"],"picked":"SKIP","floor":25}],"player_experience":311459,"relics_obtained":[{"floor":8,"key":"Odd Mushroom"},{"floor":9,"key":"Matryoshka"},{"floor":11,"key":"Pear"},{"floor":24,"key":"Darkstone Periapt"},{"floor":26,"key":"Dream Catcher"},{"floor":26,"key":"Art of War"}],"event_choices":[{"event_name":"Golden Idol","player_choice":"Lose Max HP","floor":7,"damage_taken":0},{"event_name":"Mushrooms","player_choice":"Fought Mushrooms","floor":8,"damage_taken":0},{"event_name":"Back to Basics","player_choice":"Elegance","floor":20,"damage_taken":0},{"event_name":"Masked Bandits","player_choice":"Paid Fearfully","floor":27,"damage_taken":0}],"is_beta":false,"boss_relics":[{"not_picked":["Orrery","Nuclear Battery"],"picked":"Pandora\u0027s Box"}],"items_purged_floors":[3],"is_endless":false,"potions_floor_spawned":[5,11,12,18,19,22],"killed_by":"Chosen and Byrds","ascension_level":3}