{"gold_per_floor":[115,135,135,135,151,181,256,256,256,275,287,298,298,315,315,411,411,351,351,257,257,257,257,257,257,257,257,207,207,207,207,207,207,207,207,207,207,207,207,207,126,126,126,126,126,126,126,126,126,126,126,126,76,76,76],"floor_reached":55,"playtime":3526,"items_purged":["Defend_B","Defend_B"],"score":645,"play_id":"ff12b9f1-f47d-4abe-8482-a4a45e1ea125","local_time":"20190201194720","is_ascension_mode":false,"campfire_choices":[{"data":"Loop","floor":8.0,"key":"SMITH"},{"data":"White Noise","floor":13.0,"key":"SMITH"},{"floor":15.0,"key":"REST"},{"floor":24.0,"key":"REST"},{"data":"Coolheaded","floor":29.0,"key":"SMITH"},{"floor":32.0,"key":"REST"},{"floor":40.0,"key":"RECALL"},{"floor":47.0,"key":"REST"},{"floor":49.0,"key":"REST"},{"data":"Defragment","floor":52.0,"key":"SMITH"}],"neow_cost":"NONE","seed_source_timestamp":0,"circlet_count":0,"master_deck":["Strike_B","Strike_B+1","Strike_B","Defend_B","Defend_B","Zap+1","Dualcast","Streamline+1","Loop+1","Chill","Cold Snap","Machine Learning","Go for the Eyes","BootSequence","White Noise+1","Glacier","Buffer","Conserve Battery","Gash+1","Defragment+1","Coolheaded+1","FTL","Barrage","Coolheaded","Go for the Eyes+1","Seek","Gash","Seek","Capacitor+1","Leap+1"],"special_seed":0,"relics":["FrozenCore","Shuriken","Ectoplasm","Frozen Egg 2","Smiling Mask","Nunchaku","Ginger","Anchor"],"potions_floor_usage":[55,55,55],"damage_taken":[{"damage":0.0,"enemies":"Small Slimes","floor":1.0,"turns":3.0},{"damage":1.0,"enemies":"Cultist","floor":2.0,"turns":3.0},{"damage":4.0,"enemies":"Jaw Worm","floor":5.0,"turns":2.0},{"damage":21.0,"enemies":"Lagavulin","floor":6.0,"turns":7.0},{"damage":7.0,"enemies":"Red Slaver","floor":10.0,"turns":4.0},{"damage":0.0,"enemies":"2 Fungi Beasts","floor":11.0,"turns":3.0},{"damage":0.0,"enemies":"Looter","floor":12.0,"turns":3.0},{"damage":0.0,"enemies":"3 Louse","floor":14.0,"turns":4.0},{"damage":7.0,"enemies":"The Guardian","floor":16.0,"turns":9.0},{"damage":0.0,"enemies":"2 Thieves","floor":18.0,"turns":4.0},{"damage":0.0,"enemies":"Spheric Guardian","floor":19.0,"turns":5.0},{"damage":0.0,"enemies":"Shelled Parasite and Fungi","floor":22.0,"turns":8.0},{"damage":59.0,"enemies":"Slavers","floor":23.0,"turns":8.0},{"damage":4.0,"enemies":"3 Cultists","floor":27.0,"turns":7.0},{"damage":20.0,"enemies":"Snake Plant","floor":30.0,"turns":4.0},{"damage":36.0,"enemies":"Automaton","floor":33.0,"turns":11.0},{"damage":0.0,"enemies":"3 Shapes","floor":35.0,"turns":7.0},{"damage":16.0,"enemies":"3 Darklings","floor":36.0,"turns":8.0},{"damage":9.0,"enemies":"Sphere and 2 Shapes","floor":37.0,"turns":8.0},{"damage":0.0,"enemies":"Writhing Mass","floor":38.0,"turns":14.0},{"damage":1.0,"enemies":"Mind Bloom Boss Battle","floor":39.0,"turns":10.0},{"damage":0.0,"enemies":"Transient","floor":42.0,"turns":5.0},{"damage":7.0,"enemies":"Jaw Worm Horde","floor":44.0,"turns":6.0},{"damage":10.0,"enemies":"Maw","floor":46.0,"turns":9.0},{"damage":0.0,"enemies":"Writhing Mass","floor":48.0,"turns":8.0},{"damage":60.0,"enemies":"Awakened One","floor":50.0,"turns":16.0},{"damage":40.0,"enemies":"Shield and Spear","floor":54.0,"turns":11.0},{"damage":41,"enemies":"The Heart","floor":55,"turns":2}],"seed_played":"-8146335617050231747","potions_obtained":[{"floor":2.0,"key":"Dexterity Potion"},{"floor":11.0,"key":"SkillPotion"},{"floor":12.0,"key":"Swift Potion"},{"floor":18.0,"key":"Regen Potion"},{"floor":22.0,"key":"LiquidBronze"},{"floor":27.0,"key":"Swift Potion"},{"floor":33.0,"key":"FocusPotion"},{"floor":54.0,"key":"Dexterity Potion"}],"is_trial":false,"path_per_floor":["M","M","?","?","M","E","?","R","T","M","M","M","R","M","R","B",null,"M","M","$","?","M","E","R","?","T","M","$","R","M","?","R","B",null,"M","M","M","M","?","R","$","M","T","M","$","M","R","M","R","B",null,"R","$","E","B"],"character_chosen":"DEFECT","items_purchased":["Defragment","Coolheaded","Seek"],"campfire_rested":5,"item_purchase_floors":[20,20,41],"current_hp_per_floor":[75,74,59,59,55,34,27,27,27,20,20,20,20,20,42,35,75,75,75,75,61,61,17,41,41,41,37,37,37,17,17,41,5,80,80,64,55,55,54,54,54,54,54,47,47,37,61,61,80,20,80,80,80,40,0],"gold":76,"neow_bonus":"TRANSFORM_CARD","is_prod":false,"is_daily":false,"chose_seed":false,"campfire_upgraded":4,"win_rate":0,"timestamp":1549021640,"path_taken":["M","M","?","?","M","E","?","R","T","M","M","M","R","M","R","BOSS","M","M","$","?","M","E","R","?","T","M","$","R","M","?","R","BOSS","M","M","M","M","?","R","$","M","T","M","?","?","R","M","R","BOSS","R","$","E","BOSS"],"build_version":"2019-01-23","purchased_purges":2,"victory":false,"max_hp_per_floor":[75,75,75,75,75,75,75,75,75,75,75,75,75,75,75,75,75,75,75,75,80,80,80,80,80,80,80,80,80,80,80,80,80,80,80,80,80,80,80,80,80,80,80,80,80,80,80,80,80,80,80,80,80,80,80],"card_choices":[{"not_picked":["Sweeping Beam","Chaos"],"picked":"Loop","floor":1.0},{"not_picked":["Steam","Ball Lightning"],"picked":"Chill","floor":2.0},{"not_picked":["Heatsinks","Steam"],"picked":"Cold Snap","floor":5.0},{"not_picked":["Consume","Coolheaded"],"picked":"Machine Learning","floor":6.0},{"not_picked":["Double Energy","Steam"],"picked":"Go for the Eyes","floor":10.0},{"not_picked":["Barrage","Electrodynamics"],"picked":"BootSequence","floor":11.0},{"not_picked":["Steam Power","Storm"],"picked":"White Noise","floor":12.0},{"not_picked":["White Noise","BootSequence"],"picked":"Glacier","floor":14.0},{"not_picked":["Rainbow","Thunder Strike"],"picked":"Buffer","floor":16.0},{"not_picked":["Hologram+1","Loop"],"picked":"Conserve Battery","floor":18.0},{"not_picked":["FTL+1","Ball Lightning+1"],"picked":"Gash+1","floor":19.0},{"not_picked":["Aggregate+1","Conserve Battery"],"picked":"FTL","floor":22.0},{"not_picked":["Skim+1","Creative AI"],"picked":"Barrage","floor":23.0},{"not_picked":["Reprogram","Redo"],"picked":"Go for the Eyes+1","floor":27.0},{"not_picked":["Steam Power","Darkness","Rip and Tear+1"],"picked":"SKIP","floor":30.0},{"not_picked":["Creative AI+1","Biased Cognition+1"],"picked":"Seek","floor":33.0},{"not_picked":["Rip and Tear+1","Stack+1"],"picked":"Gash","floor":35.0},{"not_picked":["Coolheaded","Conserve Battery","Darkness+1"],"picked":"SKIP","floor":36.0},{"not_picked":["Cold Snap+1","Redo","Hologram+1"],"picked":"SKIP","floor":37.0},{"not_picked":["Consume","Turbo+1","Steam+1"],"picked":"SKIP","floor":38.0},{"not_picked":["BootSequence+1","Skim","Ball Lightning+1"],"picked":"SKIP","floor":42.0},{"not_picked":["Auto Shields+1","Ball Lightning+1","Coolheaded"],"picked":"SKIP","floor":44.0},{"not_picked":["Steam","Echo Form+1"],"picked":"Capacitor+1","floor":46.0},{"not_picked":["Leap","Lockon+1","Skim+1"],"picked":"SKIP","floor":48.0},{"not_picked":["Steam+1","Hello World+1"],"picked":"Leap+1","floor":54.0}],"player_experience":621414,"relics_obtained":[{"floor":6.0,"key":"Shuriken"},{"floor":23.0,"key":"Frozen Egg 2"},{"floor":26.0,"key":"Smiling Mask"},{"floor":39.0,"key":"Nunchaku"},{"floor":43.0,"key":"Ginger"},{"floor":54.0,"key":"Anchor"}],"event_choices":[{"damage_healed":0.0,"max_hp_gain":0.0,"max_hp_loss":0.0,"gold_gain":0.0,"event_name":"Shining Light","player_choice":"Entered Light","floor":3.0,"gold_loss":0.0,"damage_taken":15.0,"cards_upgraded":["Zap","Strike_B"]},{"damage_healed":0.0,"max_hp_gain":0.0,"max_hp_loss":0.0,"gold_gain":0.0,"event_name":"Living Wall","player_choice":"Grow","floor":4.0,"gold_loss":0.0,"damage_taken":0.0,"cards_upgraded":["Streamline"]},{"damage_healed":0.0,"max_hp_gain":0.0,"max_hp_loss":0.0,"gold_gain":75.0,"event_name":"FaceTrader","player_choice":"Touch","floor":7.0,"gold_loss":0.0,"damage_taken":7.0},{"damage_healed":0.0,"max_hp_gain":5.0,"max_hp_loss":0.0,"gold_gain":0.0,"event_name":"Forgotten Altar","player_choice":"Shed Blood","floor":21.0,"gold_loss":0.0,"damage_taken":19.0},{"damage_healed":0.0,"max_hp_gain":0.0,"max_hp_loss":0.0,"gold_gain":0.0,"event_name":"The Library","player_choice":"Read","floor":25.0,"gold_loss":0.0,"damage_taken":0.0,"cards_obtained":["Coolheaded"]},{"damage_healed":0.0,"max_hp_gain":0.0,"max_hp_loss":0.0,"gold_gain":0.0,"event_name":"NoteForYourself","player_choice":"Ignored","floor":31.0,"gold_loss":0.0,"damage_taken":0.0},{"damage_healed":0.0,"max_hp_gain":0.0,"max_hp_loss":0.0,"gold_gain":0.0,"event_name":"MindBloom","player_choice":"Fight","floor":39.0,"gold_loss":0.0,"damage_taken":0.0}],"is_beta":false,"boss_relics":[{"not_picked":["Pandora\u0027s Box","Runic Dome"],"picked":"Ectoplasm"},{"not_picked":["Cursed Key","White Beast Statue"],"picked":"FrozenCore"}],"items_purged_floors":[28,53],"is_endless":false,"potions_floor_spawned":[2,11,12,14,18,22,27,33,36,37,39,46,48,54],"killed_by":"The Heart","ascension_level":0}