{"path_per_floor":["M","M","?","M","M","R","M","E","T","?","E","M","M","M","R"],"character_chosen":"IRONCLAD","items_purchased":[],"gold_per_floor":[113,125,200,219,229,229,249,282,307,385,413,425,441,455,455,455],"floor_reached":16,"campfire_rested":2,"playtime":1679,"item_purchase_floors":[],"current_hp_per_floor":[80,79,68,73,57,80,76,53,53,53,29,23,14,14,38,0],"items_purged":[],"gold":455,"score":116,"play_id":"eee1ac46-0b67-41e4-8c02-93413698e9a9","local_time":"20180615182628","is_prod":false,"is_daily":false,"chose_seed":false,"is_ascension_mode":false,"campfire_upgraded":0,"win_rate":0,"timestamp":1529079988,"campfire_choices":[{"floor":6,"key":"REST"},{"floor":15,"key":"REST"}],"path_taken":["M","M","?","M","M","R","M","E","T","?","E","?","M","M","R","BOSS"],"build_version":"2018-06-14v2","seed_source_timestamp":665556077826504,"purchased_purges":0,"victory":false,"master_deck":["Strike_R","Strike_R","Strike_R","Strike_R","Strike_R","Defend_R","Defend_R","Defend_R","Defend_R","Bash+1","Sword Boomerang","Anger","Combust","Shrug It Off","Wild Strike","Metallicize","Seeing Red","Whirlwind","Clothesline","Clothesline"],"max_hp_per_floor":[80,80,80,80,80,80,80,80,80,80,80,80,80,80,80,80],"relics":["Burning Blood","Magic Flower","Oddly Smooth Stone","Pen Nib"],"card_choices":[{"not_picked":["Bloodletting","Disarm"],"picked":"Sword Boomerang","floor":1},{"not_picked":["Hemokinesis","Entrench"],"picked":"Anger","floor":2},{"not_picked":["Headbutt","Body Slam"],"picked":"Combust","floor":4},{"not_picked":["Battle Trance","Body Slam"],"picked":"Shrug It Off","floor":5},{"not_picked":["Warcry","Clothesline"],"picked":"Wild Strike","floor":7},{"not_picked":["Perfected Strike","Clothesline"],"picked":"Metallicize","floor":8},{"not_picked":["Reckless Charge","Clothesline"],"picked":"Seeing Red","floor":11},{"not_picked":["Headbutt","Offering"],"picked":"Whirlwind","floor":12},{"not_picked":["Wild Strike","Intimidate"],"picked":"Clothesline","floor":13},{"not_picked":["Intimidate","Wild Strike"],"picked":"Clothesline","floor":14}],"player_experience":21457,"potions_floor_usage":[16],"damage_taken":[{"damage":5,"enemies":"2 Louse","floor":1,"turns":2},{"damage":7,"enemies":"Small Slimes","floor":2,"turns":4},{"damage":1,"enemies":"Jaw Worm","floor":4,"turns":3},{"damage":22,"enemies":"Exordium Wildlife","floor":5,"turns":3},{"damage":10,"enemies":"Looter","floor":7,"turns":3},{"damage":29,"enemies":"Gremlin Nob","floor":8,"turns":4},{"damage":33,"enemies":"3 Sentries","floor":11,"turns":7},{"damage":15,"enemies":"2 Fungi Beasts","floor":12,"turns":4},{"damage":18,"enemies":"Exordium Thugs","floor":13,"turns":4},{"damage":9,"enemies":"Looter","floor":14,"turns":2},{"damage":40,"enemies":"The Guardian","floor":16,"turns":8}],"relics_obtained":[{"floor":8,"key":"Magic Flower"},{"floor":9,"key":"Oddly Smooth Stone"},{"floor":11,"key":"Pen Nib"}],"event_choices":[{"event_name":"World of Goop","player_choice":"Gather Gold","floor":3,"damage_taken":0},{"event_name":"Golden Wing","player_choice":"Gained Gold","floor":10,"damage_taken":0}],"boss_relics":[],"items_purged_floors":[],"is_endless":false,"potions_floor_spawned":[4,5,7,11,13],"seed_played":"-794976627831629050","killed_by":"The Guardian","ascension_level":0,"potions_obtained":[{"floor":4,"key":"SmokeBomb"},{"floor":5,"key":"FearPotion"},{"floor":7,"key":"Dexterity Potion"},{"floor":11,"key":"SteroidPotion"}],"is_trial":false}