{"gold_per_floor":[111,111,121,138,63,63,91,65,65,65,65,41,41,69,69,168,168,183,183,108,27,38,38,72,82,82,94,123,123,136,147,147,242,242,260,18,37,47,62,62,85,117,117,132,132,157,167,67,67,67],"floor_reached":50,"playtime":3319,"items_purged":["Strike_B","Defend_B"],"score":604,"play_id":"eeb042cd-d94d-41aa-a3b6-84085cb43f40","local_time":"20190110164105","is_ascension_mode":true,"campfire_choices":[{"data":"Auto Shields","floor":6.0,"key":"SMITH"},{"floor":11.0,"key":"REST"},{"floor":13.0,"key":"REST"},{"data":"Creative AI","floor":15.0,"key":"SMITH"},{"floor":23.0,"key":"REST"},{"floor":29.0,"key":"REST"},{"floor":32.0,"key":"REST"},{"floor":40,"key":"REST"},{"floor":45,"key":"REST"},{"floor":49,"key":"REST"}],"neow_cost":"NONE","seed_source_timestamp":0,"circlet_count":0,"master_deck":["Strike_B","Strike_B","Defend_B","Defend_B","Defend_B","Dualcast","Auto Shields+1","Coolheaded","Creative AI+1","Genetic Algorithm+1","Conserve Battery","Steam","Seek","Ball Lightning+1","Undo","Conserve Battery","Self Repair","Compile Driver+1","Sunder+1","Lockon","Fission","Double Energy+1","Machine Learning","Go for the Eyes+1","Hello World+1","Multi-Cast","Hologram+1","Blizzard+1","Sunder+1","Echo Form"],"special_seed":0,"relics":["Cracked Core","Shuriken","Darkstone Periapt","Meat on the Bone","Fusion Hammer","Sundial","Pear","Anchor","Philosopher\u0027s Stone","Cables","Dream Catcher","Bag of Marbles","Happy Flower","Ornamental Fan"],"potions_floor_usage":[39,47,50],"damage_taken":[{"damage":1.0,"enemies":"Jaw Worm","floor":1.0,"turns":3.0},{"damage":2.0,"enemies":"Small Slimes","floor":3.0,"turns":3.0},{"damage":0.0,"enemies":"2 Louse","floor":4.0,"turns":3.0},{"damage":66.0,"enemies":"Gremlin Nob","floor":7.0,"turns":6.0},{"damage":0.0,"enemies":"Lagavulin","floor":14.0,"turns":12.0},{"damage":18.0,"enemies":"The Guardian","floor":16.0,"turns":13.0},{"damage":5.0,"enemies":"Spheric Guardian","floor":18.0,"turns":8.0},{"damage":9.0,"enemies":"2 Thieves","floor":20.0,"turns":5.0},{"damage":2.0,"enemies":"Snecko","floor":22.0,"turns":6.0},{"damage":46.0,"enemies":"Slavers","floor":24.0,"turns":8.0},{"damage":9.0,"enemies":"Snake Plant","floor":25.0,"turns":6.0},{"damage":14.0,"enemies":"Centurion and Healer","floor":27.0,"turns":7.0},{"damage":30.0,"enemies":"Book of Stabbing","floor":28.0,"turns":11.0},{"damage":0.0,"enemies":"Snecko","floor":30.0,"turns":6.0},{"damage":25.0,"enemies":"Snake Plant","floor":31.0,"turns":6.0},{"damage":83.0,"enemies":"Automaton","floor":33.0,"turns":15.0},{"damage":0,"enemies":"Orb Walker","floor":35,"turns":5},{"damage":0,"enemies":"3 Shapes","floor":37,"turns":6},{"damage":26,"enemies":"Spire Growth","floor":38,"turns":5},{"damage":0,"enemies":"Maw","floor":39,"turns":8},{"damage":40,"enemies":"Giant Head","floor":42,"turns":10},{"damage":31,"enemies":"Writhing Mass","floor":44,"turns":8},{"damage":61,"enemies":"Reptomancer","floor":46,"turns":8},{"damage":2,"enemies":"Sphere and 2 Shapes","floor":47,"turns":5},{"damage":78,"enemies":"Awakened One","floor":50,"turns":9}],"seed_played":"74586798069827178","potions_obtained":[{"floor":3.0,"key":"SteroidPotion"},{"floor":14.0,"key":"Block Potion"},{"floor":16.0,"key":"Weak Potion"},{"floor":24.0,"key":"Energy Potion"},{"floor":28.0,"key":"Regen Potion"},{"floor":33.0,"key":"GamblersBrew"},{"floor":39,"key":"Fire Potion"},{"floor":46,"key":"Strength Potion"}],"is_trial":false,"path_per_floor":["M","?","M","M","$","R","E","?","T","?","R","$","R","E","R","B",null,"M","?","M","$","M","R","E","M","T","M","E","R","M","M","R","B",null,"M","$","M","M","M","R","T","E","T","M","R","E","M","$","R","B"],"character_chosen":"DEFECT","items_purchased":["Conserve Battery","Self Repair","Cables"],"campfire_rested":8,"item_purchase_floors":[12,21,36],"current_hp_per_floor":[74,74,72,72,72,72,6,6,6,6,28,28,50,50,50,44,75,70,70,61,61,66,75,48,46,56,61,50,75,82,64,85,36,85,85,85,85,66,73,85,85,52,52,40,65,23,40,40,65,0],"gold":67,"neow_bonus":"REMOVE_CARD","is_prod":false,"is_daily":false,"chose_seed":false,"campfire_upgraded":2,"win_rate":0,"timestamp":1547134865,"path_taken":["M","?","M","M","$","R","E","?","T","?","R","$","R","E","R","BOSS","M","?","M","$","M","R","E","M","T","M","E","R","M","?","R","BOSS","M","$","M","M","M","R","?","E","T","M","R","E","M","$","R","BOSS"],"build_version":"2019-01-03v4","purchased_purges":2,"victory":false,"max_hp_per_floor":[75,75,75,75,75,75,75,75,75,75,75,75,75,75,75,75,75,75,75,75,75,75,75,75,75,85,85,85,85,85,85,85,85,85,85,85,85,85,85,85,85,85,85,85,85,85,85,85,85,85],"card_choices":[{"not_picked":["Compile Driver","Rebound"],"picked":"Auto Shields","floor":1.0},{"not_picked":["Reinforced Body","Glacier"],"picked":"Coolheaded","floor":3.0},{"not_picked":["Hologram","Stack"],"picked":"Creative AI","floor":4.0},{"not_picked":["Stack","Reinforced Body"],"picked":"Genetic Algorithm","floor":7.0},{"not_picked":["Rebound","Stack"],"picked":"Steam","floor":14.0},{"not_picked":["Meteor Strike","Multi-Cast"],"picked":"Seek","floor":16.0},{"not_picked":["Conserve Battery","Undo"],"picked":"Ball Lightning+1","floor":18.0},{"not_picked":["Leap","Genetic Algorithm"],"picked":"Conserve Battery","floor":20.0},{"not_picked":["Gash+1","Barrage"],"picked":"Compile Driver+1","floor":22.0},{"not_picked":["Stack","Doom and Gloom"],"picked":"Sunder+1","floor":24.0},{"not_picked":["All For One","Turbo"],"picked":"Lockon","floor":25.0},{"not_picked":["Streamline","Redo","Ball Lightning"],"picked":"SKIP","floor":27.0},{"not_picked":["Tempest","Coolheaded"],"picked":"Fission","floor":28.0},{"not_picked":["Turbo+1","Steam","Conserve Battery"],"picked":"SKIP","floor":30.0},{"not_picked":["BootSequence","Turbo"],"picked":"Double Energy+1","floor":31.0},{"not_picked":["Amplify","Creative AI"],"picked":"Machine Learning","floor":33.0},{"not_picked":["FTL+1","Self Repair"],"picked":"Go for the Eyes+1","floor":35},{"not_picked":["FTL","Sweeping Beam+1"],"picked":"Hello World+1","floor":37},{"not_picked":["Compile Driver+1","Force Field+1"],"picked":"Multi-Cast","floor":38},{"not_picked":["Scrape","Go for the Eyes+1","Gash+1"],"picked":"SKIP","floor":39},{"not_picked":["Force Field","Turbo+1"],"picked":"Hologram+1","floor":42},{"not_picked":["Turbo","Gash+1"],"picked":"Blizzard+1","floor":44},{"not_picked":["Go for the Eyes+1","Ball Lightning+1"],"picked":"Sunder+1","floor":46},{"not_picked":["Genetic Algorithm+1","Gash+1"],"picked":"Echo Form","floor":47}],"player_experience":163301,"relics_obtained":[{"floor":7.0,"key":"Shuriken"},{"floor":9.0,"key":"Darkstone Periapt"},{"floor":14.0,"key":"Meat on the Bone"},{"floor":24.0,"key":"Sundial"},{"floor":26.0,"key":"Pear"},{"floor":28.0,"key":"Anchor"},{"floor":41,"key":"Dream Catcher"},{"floor":42,"key":"Bag of Marbles"},{"floor":43,"key":"Happy Flower"},{"floor":46,"key":"Ornamental Fan"}],"event_choices":[{"damage_healed":0.0,"max_hp_gain":0.0,"max_hp_loss":0.0,"gold_gain":0.0,"event_name":"Golden Idol","player_choice":"Ignored","floor":2.0,"gold_loss":0.0,"damage_taken":0.0},{"damage_healed":0.0,"max_hp_gain":0.0,"max_hp_loss":0.0,"gold_gain":0.0,"event_name":"World of Goop","player_choice":"Left Gold","floor":8.0,"gold_loss":26.0,"damage_taken":0.0},{"damage_healed":0.0,"max_hp_gain":0.0,"max_hp_loss":0.0,"gold_gain":0.0,"event_name":"Living Wall","player_choice":"Grow","floor":10.0,"gold_loss":0.0,"damage_taken":0.0,"cards_upgraded":["Genetic Algorithm"]},{"damage_healed":0.0,"max_hp_gain":0.0,"max_hp_loss":0.0,"gold_gain":0.0,"cards_transformed":["Zap"],"event_name":"Transmorgrifier","player_choice":"Transformed","floor":19.0,"gold_loss":0.0,"damage_taken":0.0,"cards_obtained":["Undo"]}],"is_beta":false,"boss_relics":[{"not_picked":["Tiny House","Lizard Tail"],"picked":"Fusion Hammer"},{"not_picked":["White Beast Statue","Coffee Dripper"],"picked":"Philosopher\u0027s Stone"}],"items_purged_floors":[5,48],"is_endless":false,"potions_floor_spawned":[3,14,16,24,28,30,33,39,46],"killed_by":"Awakened One","ascension_level":1}