{"gold_per_floor":[115,134,134,147,18,47,47,62,62,62,126,144,144,162,162,283,283,302,302,402,63,86,122,122,122,122,122,122,122,122,132,132,132],"floor_reached":33,"playtime":2320,"items_purged":["Regret","Strike_B"],"score":265,"play_id":"b4b5ca44-6b22-4db6-af7c-deac184b4953","local_time":"20190101165051","is_ascension_mode":false,"campfire_choices":[{"floor":7,"key":"REST"},{"floor":13,"key":"REST"},{"data":"Rainbow","floor":15,"key":"SMITH"},{"data":"Conserve Battery","floor":24,"key":"SMITH"},{"floor":27,"key":"REST"},{"floor":30,"key":"REST"},{"floor":32,"key":"REST"}],"neow_cost":"NONE","seed_source_timestamp":327759812918395,"circlet_count":0,"master_deck":["Strike_B","Strike_B","Strike_B","Defend_B","Defend_B","Defend_B","Defend_B","Zap","Dualcast","Conserve Battery+1","Stack","Go for the Eyes","Gash","Rainbow+1","Auto Shields","Compile Driver","Sweeping Beam","Hello World","Buffer","Conserve Battery","Redo","Fusion","Hologram"],"relics":["Cracked Core","Bag of Marbles","Anchor","Ornamental Fan","Potion Belt","Bloody Idol","Pocketwatch","Inserter","MutagenicStrength","Mummified Hand","Lantern","Bird Faced Urn"],"potions_floor_usage":[23,23,25,33,33],"damage_taken":[{"damage":0,"enemies":"Small Slimes","floor":1,"turns":3},{"damage":1,"enemies":"Jaw Worm","floor":2,"turns":4},{"damage":2,"enemies":"Cultist","floor":4,"turns":3},{"damage":57,"enemies":"Gremlin Nob","floor":6,"turns":7},{"damage":3,"enemies":"Large Slime","floor":8,"turns":5},{"damage":18,"enemies":"3 Sentries","floor":11,"turns":10},{"damage":2,"enemies":"2 Fungi Beasts","floor":12,"turns":3},{"damage":0,"enemies":"3 Louse","floor":14,"turns":2},{"damage":10,"enemies":"Slime Boss","floor":16,"turns":10},{"damage":4,"enemies":"Spheric Guardian","floor":18,"turns":6},{"damage":9,"enemies":"3 Byrds","floor":22,"turns":6},{"damage":35,"enemies":"Slavers","floor":23,"turns":7},{"damage":14,"enemies":"Cultist and Chosen","floor":25,"turns":6},{"damage":32,"enemies":"3 Cultists","floor":31,"turns":6},{"damage":50,"enemies":"Champ","floor":33,"turns":13}],"seed_played":"-6078089793456499447","potions_obtained":[{"floor":1,"key":"Dexterity Potion"},{"floor":4,"key":"FocusPotion"},{"floor":11,"key":"Strength Potion"},{"floor":16,"key":"SmokeBomb"},{"floor":22,"key":"Dexterity Potion"}],"is_trial":false,"path_per_floor":["M","M","?","M","$","E","R","M","T","?","?","M","R","M","R","B",null,"M","?","?","$","M","E","R","M","T","R","?","?","R","M","R","B"],"character_chosen":"DEFECT","items_purchased":["Gash","Mummified Hand"],"campfire_rested":5,"item_purchase_floors":[5,21],"current_hp_per_floor":[75,74,74,72,72,15,37,34,34,34,16,14,34,34,34,24,69,65,65,65,65,56,21,21,7,7,27,27,27,47,24,44,0],"gold":132,"neow_bonus":"RANDOM_COMMON_RELIC","is_prod":false,"is_daily":false,"chose_seed":false,"campfire_upgraded":2,"win_rate":0.0,"timestamp":1546379451,"path_taken":["M","M","?","M","$","E","R","M","T","?","?","M","R","M","R","BOSS","M","?","?","$","?","E","R","M","T","R","?","?","R","M","R","BOSS"],"build_version":"2018-12-20","purchased_purges":2,"victory":false,"max_hp_per_floor":[75,75,75,75,75,75,75,75,75,69,69,69,69,69,69,69,69,69,69,69,69,69,69,69,69,69,69,69,69,69,69,69,69],"card_choices":[{"not_picked":["Chaos","Rip and Tear"],"picked":"Conserve Battery","floor":1},{"not_picked":["Blizzard","Sweeping Beam"],"picked":"Stack","floor":2},{"not_picked":["Chill","Streamline"],"picked":"Go for the Eyes","floor":4},{"not_picked":["Doom and Gloom","Go for the Eyes"],"picked":"Rainbow","floor":6},{"not_picked":["Hello World","Streamline"],"picked":"Auto Shields","floor":8},{"not_picked":["Streamline","Barrage"],"picked":"Compile Driver","floor":11},{"not_picked":["Amplify","Lockon"],"picked":"Sweeping Beam","floor":12},{"not_picked":["Chill","Reprogram"],"picked":"Hello World","floor":14},{"not_picked":["Electrodynamics","Machine Learning"],"picked":"Buffer","floor":16},{"not_picked":["Go for the Eyes","Tempest"],"picked":"Conserve Battery","floor":18},{"not_picked":["Hello World","Reinforced Body"],"picked":"Redo","floor":22},{"not_picked":["Conserve Battery+1","Blizzard"],"picked":"Fusion","floor":23},{"not_picked":["Compile Driver","Conserve Battery"],"picked":"Hologram","floor":31}],"player_experience":5524,"relics_obtained":[{"floor":6,"key":"Ornamental Fan"},{"floor":9,"key":"Potion Belt"},{"floor":11,"key":"Pocketwatch"},{"floor":23,"key":"Lantern"},{"floor":26,"key":"Bird Faced Urn"}],"event_choices":[{"damage_healed":0,"gold_gain":0,"player_choice":"Box","damage_taken":0,"relics_obtained":["Anchor"],"max_hp_gain":0,"max_hp_loss":0,"event_name":"Big Fish","floor":3,"gold_loss":0,"cards_obtained":["Regret"]},{"damage_healed":0,"gold_gain":0,"player_choice":"Lose Max HP","damage_taken":0,"relics_obtained":["Golden Idol"],"max_hp_gain":0,"max_hp_loss":6,"event_name":"Golden Idol","floor":10,"gold_loss":0},{"damage_healed":0,"gold_gain":30,"player_choice":"Searched \u00272\u0027 times","damage_taken":0,"max_hp_gain":0,"max_hp_loss":0,"event_name":"Dead Adventurer","floor":11,"gold_loss":0},{"damage_healed":0,"gold_gain":0,"player_choice":"Inject Mutagens","damage_taken":0,"relics_obtained":["MutagenicStrength"],"max_hp_gain":0,"max_hp_loss":0,"event_name":"Drug Dealer","floor":19,"gold_loss":0},{"damage_healed":0,"gold_gain":100,"player_choice":"Pray","damage_taken":0,"max_hp_gain":0,"max_hp_loss":0,"event_name":"Golden Shrine","floor":20,"gold_loss":0},{"damage_healed":0,"gold_gain":0,"player_choice":"Ignored","damage_taken":0,"max_hp_gain":0,"max_hp_loss":0,"event_name":"Ghosts","floor":28,"gold_loss":0},{"damage_healed":0,"gold_gain":0,"player_choice":"Gave Idol","damage_taken":0,"relics_obtained":["Bloody Idol"],"max_hp_gain":0,"max_hp_loss":0,"event_name":"Forgotten Altar","floor":29,"relics_lost":["Golden Idol"],"gold_loss":0}],"is_beta":false,"boss_relics":[{"not_picked":["Runic Dome","Tiny House"],"picked":"Inserter"}],"items_purged_floors":[5,21],"is_endless":false,"potions_floor_spawned":[1,4,11,16,22,25],"killed_by":"Champ","ascension_level":0}