{"gold_per_floor":[114,39,39,52,52,84,99,99,170,187,187,205,239,257,257,257],"floor_reached":16,"playtime":484,"items_purged":[],"score":213,"play_id":"e1e662af-dd97-492f-9244-58b4f117f4d0","local_time":"20190109031226","is_ascension_mode":true,"campfire_choices":[{"data":"Bludgeon","floor":8,"key":"SMITH"},{"floor":11,"key":"REST"},{"data":"Shockwave","floor":15,"key":"SMITH"}],"neow_cost":"TEN_PERCENT_HP_LOSS","seed_source_timestamp":2777654077774750,"circlet_count":0,"master_deck":["AscendersBane","Strike_R","Strike_R","Strike_R","Strike_R","Defend_R","Defend_R","Defend_R","Defend_R","Bash","Bludgeon+1","Shockwave+1","Double Tap","Intimidate"],"special_seed":0,"relics":["Burning Blood","Bag of Marbles","Mango","Bottled Flame","Bag of Preparation"],"potions_floor_usage":[16,16],"damage_taken":[{"damage":6.0,"enemies":"Cultist","floor":1.0,"turns":3.0},{"damage":7.0,"enemies":"Jaw Worm","floor":4.0,"turns":3.0},{"damage":24,"enemies":"3 Sentries","floor":6,"turns":7},{"damage":14,"enemies":"2 Louse","floor":7,"turns":3},{"damage":0,"enemies":"Blue Slaver","floor":10,"turns":1},{"damage":0,"enemies":"Looter","floor":12,"turns":1},{"damage":25,"enemies":"Lagavulin","floor":13,"turns":4},{"damage":6,"enemies":"Exordium Thugs","floor":14,"turns":5},{"damage":40,"enemies":"Hexaghost","floor":16,"turns":8}],"seed_played":"8888291413862127600","potions_obtained":[{"floor":7,"key":"Explosive Potion"},{"floor":13,"key":"Explosive Potion"}],"is_trial":false,"path_per_floor":["M","?","$","M","?","E","M","R","T","M","R","M","E","M","R","B"],"character_chosen":"IRONCLAD","items_purchased":[],"campfire_rested":1,"item_purchase_floors":[],"current_hp_per_floor":[68,68,68,67,32,28,20,20,20,26,50,56,37,37,37,0],"gold":257,"neow_bonus":"THREE_RARE_CARDS","is_prod":false,"is_daily":false,"chose_seed":false,"campfire_upgraded":2,"win_rate":0,"timestamp":1546999946,"path_taken":["M","?","$","M","?","E","M","R","T","M","R","M","E","M","R","BOSS"],"build_version":"2019-01-03v4","purchased_purges":0,"victory":false,"max_hp_per_floor":[68,68,68,68,68,82,82,82,82,82,82,82,82,82,82,82],"card_choices":[{"not_picked":["Fiend Fire","Double Tap"],"picked":"Bludgeon","floor":0.0},{"not_picked":["Pommel Strike","Headbutt"],"picked":"Shockwave","floor":1.0},{"not_picked":["Carnage","Reckless Charge","Clothesline"],"picked":"SKIP","floor":4.0},{"not_picked":["Metallicize","Flex"],"picked":"Double Tap","floor":6},{"not_picked":["Iron Wave","Wild Strike","Flex"],"picked":"SKIP","floor":7},{"not_picked":["Sever Soul","Dual Wield","Warcry"],"picked":"SKIP","floor":10},{"not_picked":["Twin Strike","Rampage","Headbutt"],"picked":"SKIP","floor":12},{"not_picked":["Blood for Blood","Dropkick","Body Slam"],"picked":"SKIP","floor":13},{"not_picked":["Juggernaut","Spot Weakness"],"picked":"Intimidate","floor":14}],"player_experience":691677,"relics_obtained":[{"floor":6,"key":"Mango"},{"floor":9,"key":"Bottled Flame"},{"floor":13,"key":"Bag of Preparation"}],"event_choices":[{"cards_removed":["Strike_R"],"damage_healed":0.0,"max_hp_gain":0.0,"max_hp_loss":0.0,"gold_gain":0.0,"event_name":"The Cleric","player_choice":"Card Removal","floor":2.0,"gold_loss":75.0,"damage_taken":0.0},{"damage_healed":0.0,"max_hp_gain":0.0,"max_hp_loss":0.0,"gold_gain":0.0,"event_name":"Scrap Ooze","player_choice":"Success","floor":5.0,"gold_loss":0.0,"damage_taken":35.0,"relics_obtained":["Bag of Marbles"]}],"is_beta":false,"boss_relics":[],"items_purged_floors":[],"is_endless":false,"potions_floor_spawned":[7,13,14],"killed_by":"Hexaghost","ascension_level":18}