{"gold_per_floor":[110,35,35,47,47,72,92,111,111,111,129,142,42,85,85,85],"floor_reached":16,"playtime":524,"items_purged":["Strike_R","Strike_R"],"score":137,"play_id":"c31147e2-c1b0-4a73-88ed-62ccba8de927","local_time":"20190201181802","is_ascension_mode":false,"campfire_choices":[{"floor":15,"key":"REST"}],"neow_cost":"NONE","seed_source_timestamp":250554715801229,"circlet_count":0,"master_deck":["Strike_R","Strike_R","Strike_R","Defend_R","Defend_R","Defend_R","Bash"],"relics":["Burning Blood","NeowsBlessing","Paper Frog","Torii","Magic Flower","Golden Idol","Thread and Needle"],"potions_floor_usage":[14,16,16,16],"damage_taken":[{"damage":0,"enemies":"Jaw Worm","floor":1,"turns":1},{"damage":0,"enemies":"2 Louse","floor":4,"turns":1},{"damage":0,"enemies":"Gremlin Nob","floor":6,"turns":1},{"damage":3,"enemies":"Small Slimes","floor":7,"turns":4},{"damage":0,"enemies":"Exordium Wildlife","floor":8,"turns":3},{"damage":5,"enemies":"Blue Slaver","floor":11,"turns":6},{"damage":10,"enemies":"3 Louse","floor":12,"turns":5},{"damage":37,"enemies":"Lagavulin","floor":14,"turns":7},{"damage":62,"enemies":"Hexaghost","floor":16,"turns":15}],"seed_played":"3307717051715739908","potions_obtained":[{"floor":1,"key":"SpeedPotion"},{"floor":6,"key":"Weak Potion"},{"floor":7,"key":"Dexterity Potion"},{"floor":8,"key":"Regen Potion"},{"floor":14,"key":"SkillPotion"}],"is_trial":false,"path_per_floor":["M","$","?","M","?","E","M","M","T","?","M","M","$","E","R","B"],"character_chosen":"IRONCLAD","items_purchased":[],"campfire_rested":1,"item_purchase_floors":[],"current_hp_per_floor":[80,80,73,79,54,60,63,69,69,49,53,52,52,24,48,5],"gold":85,"neow_bonus":"THREE_ENEMY_KILL","is_prod":false,"is_daily":false,"chose_seed":false,"campfire_upgraded":0,"win_rate":0,"timestamp":1549057682,"path_taken":["M","$","?","M","?","E","M","M","T","?","M","?","$","E","R","BOSS"],"build_version":"2019-01-23","purchased_purges":2,"victory":false,"max_hp_per_floor":[80,80,80,80,80,80,80,80,80,80,80,80,80,80,80,80],"card_choices":[{"not_picked":["Metallicize","True Grit","Iron Wave"],"picked":"SKIP","floor":1},{"not_picked":["Clothesline","Flex","Cleave"],"picked":"SKIP","floor":4},{"not_picked":["Infernal Blade","Inflame","Armaments"],"picked":"SKIP","floor":6},{"not_picked":["Twin Strike","Thunderclap","Corruption"],"picked":"SKIP","floor":7},{"not_picked":["Armaments","Cleave","Pummel"],"picked":"SKIP","floor":8},{"not_picked":["Fire Breathing","Wild Strike","Fiend Fire"],"picked":"SKIP","floor":11},{"not_picked":["Headbutt","Sword Boomerang","Iron Wave"],"picked":"SKIP","floor":12},{"not_picked":["Bludgeon","Body Slam","Warcry"],"picked":"SKIP","floor":14}],"player_experience":297367,"relics_obtained":[{"floor":6,"key":"Torii"},{"floor":9,"key":"Magic Flower"},{"floor":14,"key":"Thread and Needle"}],"event_choices":[{"cards_removed":["Defend_R"],"damage_healed":0,"gold_gain":0,"player_choice":"Card Removal","damage_taken":7,"max_hp_gain":0,"max_hp_loss":0,"event_name":"Golden Wing","floor":3,"gold_loss":0},{"damage_healed":0,"gold_gain":0,"player_choice":"Success","damage_taken":25,"relics_obtained":["Paper Frog"],"max_hp_gain":0,"max_hp_loss":0,"event_name":"Scrap Ooze","floor":5,"gold_loss":0},{"damage_healed":0,"gold_gain":0,"player_choice":"Take Damage","damage_taken":20,"relics_obtained":["Golden Idol"],"max_hp_gain":0,"max_hp_loss":0,"event_name":"Golden Idol","floor":10,"gold_loss":0}],"is_beta":false,"boss_relics":[],"items_purged_floors":[2,13],"is_endless":false,"potions_floor_spawned":[1,6,7,8,14],"killed_by":"Hexaghost","ascension_level":0}