{"gold_per_floor":[118,131,141,156,59,89,102,114,140,140,140,156,184,202,202,300,300,311,40,0],"floor_reached":20,"playtime":1008,"items_purged":["Strike_R","Bash"],"score":188,"play_id":"a30bec1e-6abc-4fac-8b07-ed43ddf55fd9","local_time":"20181229202926","is_ascension_mode":false,"campfire_choices":[{"data":"Armaments","floor":11,"key":"SMITH"},{"floor":15,"key":"REST"}],"neow_cost":"NONE","seed_source_timestamp":33988933608426,"circlet_count":0,"master_deck":["Strike_R","Defend_R","Defend_R","Defend_R","Defend_R","Dramatic Entrance","Hemokinesis","Rupture","Pommel Strike","Infernal Blade","Clothesline","Rampage","Armaments+1","Flex","Fire Breathing","Offering","Cleave","Reaper","Cleave+1","Shrug It Off"],"relics":["Burning Blood","PreservedInsect","Juzu Bracelet","Potion Belt","Empty Cage","Strawberry"],"potions_floor_usage":[6,16],"damage_taken":[{"damage":2,"enemies":"2 Louse","floor":1,"turns":2},{"damage":3,"enemies":"Cultist","floor":2,"turns":2},{"damage":0,"enemies":"Small Slimes","floor":3,"turns":2},{"damage":14,"enemies":"3 Louse","floor":4,"turns":2},{"damage":30,"enemies":"3 Sentries","floor":6,"turns":6},{"damage":8,"enemies":"Looter","floor":7,"turns":3},{"damage":4,"enemies":"Blue Slaver","floor":8,"turns":3},{"damage":0,"enemies":"3 Louse","floor":12,"turns":2},{"damage":16,"enemies":"Lagavulin","floor":13,"turns":5},{"damage":17,"enemies":"2 Fungi Beasts","floor":14,"turns":3},{"damage":36,"enemies":"Hexaghost","floor":16,"turns":9},{"damage":47,"enemies":"3 Byrds","floor":18,"turns":6},{"damage":25,"enemies":"2 Thieves","floor":20,"turns":3}],"seed_played":"-8199492838652572652","potions_obtained":[{"floor":2,"key":"Strength Potion"},{"floor":3,"key":"Fire Potion"},{"floor":7,"key":"Explosive Potion"},{"floor":8,"key":"Fire Potion"},{"floor":18,"key":"AttackPotion"}],"is_trial":false,"path_per_floor":["M","M","M","M","$","E","M","M","T","?","R","M","E","M","R","B",null,"M","$","M"],"character_chosen":"IRONCLAD","items_purchased":["Clothesline","Shrug It Off","Strawberry"],"campfire_rested":1,"item_purchase_floors":[5,19,19],"current_hp_per_floor":[80,80,80,72,72,48,46,48,48,48,48,54,44,33,57,27,80,45,52,33],"gold":0,"neow_bonus":"RANDOM_COLORLESS","is_prod":false,"is_daily":false,"chose_seed":false,"campfire_upgraded":1,"win_rate":0,"timestamp":1546111766,"path_taken":["M","M","M","M","$","E","M","M","T","?","R","M","E","M","R","BOSS","M","$","M"],"build_version":"2018-12-20","purchased_purges":2,"victory":false,"max_hp_per_floor":[80,80,80,80,80,80,80,80,80,80,80,80,80,80,80,80,80,80,87,87],"card_choices":[{"not_picked":["Iron Wave","Metallicize"],"picked":"Hemokinesis","floor":1},{"not_picked":["Pommel Strike","Iron Wave"],"picked":"Rupture","floor":2},{"not_picked":["Pummel","True Grit"],"picked":"Pommel Strike","floor":3},{"not_picked":["Dual Wield","Fiend Fire"],"picked":"Infernal Blade","floor":4},{"not_picked":["Headbutt","Warcry"],"picked":"Rampage","floor":6},{"not_picked":["Pummel","Body Slam"],"picked":"Armaments","floor":7},{"not_picked":["Rampage","Twin Strike"],"picked":"Flex","floor":8},{"not_picked":["Body Slam","Warcry","Anger"],"picked":"SKIP","floor":12},{"not_picked":["Dual Wield","Metallicize"],"picked":"Offering","floor":13},{"not_picked":["Inflame","Dropkick"],"picked":"Cleave","floor":14},{"not_picked":["Berserk","Feed"],"picked":"Reaper","floor":16},{"not_picked":["Sword Boomerang","Heavy Blade"],"picked":"Cleave+1","floor":18}],"player_experience":73864,"relics_obtained":[{"floor":6,"key":"PreservedInsect"},{"floor":9,"key":"Juzu Bracelet"},{"floor":13,"key":"Potion Belt"}],"event_choices":[{"damage_healed":0,"gold_gain":0,"cards_transformed":["Strike_R"],"player_choice":"Transformed","damage_taken":0,"max_hp_gain":0,"max_hp_loss":0,"event_name":"Transmorgrifier","floor":10,"gold_loss":0,"cards_obtained":["Fire Breathing"]}],"is_beta":false,"boss_relics":[{"not_picked":["Lizard Tail","Calling Bell"],"picked":"Empty Cage"}],"items_purged_floors":[5,19],"is_endless":false,"potions_floor_spawned":[2,3,7,8,12,18],"killed_by":"2 Thieves","ascension_level":0}