{"gold_per_floor":[111,36,36,47,64,64,93,93,119,19,19,44,44,55,55,150,150,90,90,90],"floor_reached":20,"playtime":911,"items_purged":["Strike_R","Strike_R"],"score":193,"play_id":"9eee80d7-f01d-4a1f-9bd9-bb3e565ebab8","local_time":"20180821223134","is_ascension_mode":true,"campfire_choices":[{"data":"Disarm","floor":6,"key":"SMITH"},{"floor":11,"key":"REST"},{"floor":13,"key":"REST"},{"floor":15,"key":"REST"}],"neow_cost":"NONE","seed_source_timestamp":481830107526019,"circlet_count":0,"master_deck":["Strike_R","Defend_R","Defend_R","Defend_R","Defend_R","Bash","Shrug It Off","Shrug It Off","Disarm+1","Spot Weakness","Metallicize","Demon Form"],"relics":["Burning Blood","Orichalcum","Strawberry","Odd Mushroom","Empty Cage"],"potions_floor_usage":[16,16,20],"damage_taken":[{"damage":4,"enemies":"2 Louse","floor":1,"turns":3},{"damage":0,"enemies":"Jaw Worm","floor":4,"turns":5},{"damage":6,"enemies":"Cultist","floor":5,"turns":5},{"damage":38,"enemies":"Gremlin Nob","floor":7,"turns":5},{"damage":40,"floor":12,"turns":10},{"damage":29,"enemies":"Lots of Slimes","floor":14,"turns":11},{"damage":66,"enemies":"Slime Boss","floor":16,"turns":13},{"damage":16,"enemies":"2 Thieves","floor":18,"turns":4},{"damage":80,"enemies":"3 Byrds","floor":20,"turns":7}],"seed_played":"-235862798379551181","potions_obtained":[{"floor":4,"key":"PowerPotion"},{"floor":5,"key":"GamblersBrew"},{"floor":12,"key":"Explosive Potion"}],"is_trial":false,"path_per_floor":["M","$","?","M","M","R","E","$","T","$","R","?","R","M","R","B",null,"M","?"],"character_chosen":"IRONCLAD","items_purchased":[],"campfire_rested":3,"item_purchase_floors":[],"current_hp_per_floor":[80,80,80,80,80,80,48,48,55,55,81,47,73,50,76,16,87,77,77,0],"gold":90,"neow_bonus":"THREE_CARDS","is_prod":false,"is_daily":false,"chose_seed":false,"campfire_upgraded":1,"win_rate":0,"timestamp":1534861894,"path_taken":["M","$","?","M","?","R","E","?","T","$","R","?","R","?","R","BOSS","M","?","M"],"build_version":"2018-08-16","purchased_purges":2,"victory":false,"max_hp_per_floor":[80,80,80,80,80,80,80,80,87,87,87,87,87,87,87,87,87,87,87,87],"card_choices":[{"not_picked":["Twin Strike","Fire Breathing"],"picked":"Shrug It Off","floor":0},{"not_picked":["Body Slam","Heavy Blade"],"picked":"Shrug It Off","floor":1},{"not_picked":["Second Wind","Perfected Strike","Shrug It Off"],"picked":"SKIP","floor":4},{"not_picked":["Combust","Blood for Blood"],"picked":"Disarm","floor":5},{"not_picked":["Reckless Charge","Perfected Strike","Sentinel"],"picked":"SKIP","floor":7},{"not_picked":["Blood for Blood","Wild Strike"],"picked":"Spot Weakness","floor":12},{"not_picked":["Sword Boomerang","Havoc"],"picked":"Metallicize","floor":14},{"not_picked":["Impervious","Berserk"],"picked":"Demon Form","floor":16},{"not_picked":["Fire Breathing","Sword Boomerang","Rupture"],"picked":"SKIP","floor":18}],"player_experience":265582,"relics_obtained":[{"floor":7,"key":"Orichalcum"},{"floor":9,"key":"Strawberry"},{"floor":12,"key":"Odd Mushroom"}],"event_choices":[{"event_name":"The Cleric","player_choice":"Leave","floor":3,"damage_taken":0},{"event_name":"Mushrooms","player_choice":"Fought Mushrooms","floor":12,"damage_taken":0},{"event_name":"Cursed Tome","player_choice":"Ignored","floor":19,"damage_taken":0}],"is_beta":false,"boss_relics":[{"not_picked":["Astrolabe","Tiny House"],"picked":"Empty Cage"}],"items_purged_floors":[2,10],"is_endless":false,"potions_floor_spawned":[4,5,12],"killed_by":"3 Byrds","ascension_level":3}