{"gold_per_floor":[119,129,129,146,157,157,157,172,172,188,243,243,268,303,303,303],"floor_reached":16,"playtime":411,"items_purged":[],"score":102,"play_id":"80c3fd4d-9466-4929-b411-a0d10e1746e0","local_time":"20190127125509","is_ascension_mode":false,"campfire_choices":[{"floor":6,"key":"RECALL"},{"floor":12,"key":"REST"},{"floor":15,"key":"REST"}],"neow_cost":"NONE","seed_source_timestamp":673985563966197,"circlet_count":0,"master_deck":["Strike_B+1","Strike_B+1","Strike_B+1","Strike_B+1","Defend_B","Defend_B","Defend_B","Defend_B","Zap+1","Dualcast","Double Energy"],"relics":["Cracked Core","NeowsBlessing","Peace Pipe","Singing Bowl","Whetstone","StoneCalendar"],"potions_floor_usage":[11,14,14,16],"damage_taken":[{"damage":0,"enemies":"Cultist","floor":1,"turns":1},{"damage":0,"enemies":"2 Louse","floor":2,"turns":1},{"damage":0,"enemies":"Small Slimes","floor":4,"turns":1},{"damage":5,"enemies":"Looter","floor":5,"turns":3},{"damage":20,"enemies":"Gremlin Gang","floor":8,"turns":3},{"damage":18,"enemies":"Lots of Slimes","floor":10,"turns":4},{"damage":16,"enemies":"Gremlin Nob","floor":11,"turns":3},{"damage":14,"enemies":"Gremlin Nob","floor":14,"turns":4},{"damage":35,"enemies":"The Guardian","floor":16,"turns":11}],"seed_played":"5200528745528882289","potions_obtained":[{"floor":5,"key":"SpeedPotion"},{"floor":10,"key":"FearPotion"},{"floor":11,"key":"EssenceOfSteel"},{"floor":14,"key":"FearPotion"}],"is_trial":false,"path_per_floor":["M","M","?","M","M","R","?","M","T","M","?","R","T","E","R","B"],"character_chosen":"DEFECT","items_purchased":[],"campfire_rested":2,"item_purchase_floors":[],"current_hp_per_floor":[75,75,75,75,70,70,55,35,35,17,3,26,26,14,37,2],"gold":303,"neow_bonus":"THREE_ENEMY_KILL","is_prod":false,"is_daily":false,"chose_seed":false,"campfire_upgraded":0,"win_rate":0,"timestamp":1548606309,"path_taken":["M","M","?","?","?","R","?","M","T","M","?","R","?","E","R","BOSS"],"build_version":"2019-01-23","purchased_purges":0,"victory":false,"max_hp_per_floor":[75,75,75,75,75,75,75,75,75,75,77,77,77,79,79,79],"card_choices":[{"not_picked":["Stack","Rebound","Reinforced Body"],"picked":"SKIP","floor":1},{"not_picked":["Coolheaded","Go for the Eyes","Stack"],"picked":"SKIP","floor":2},{"not_picked":["Cold Snap","Beam Cell","Leap"],"picked":"SKIP","floor":4},{"not_picked":["Sweeping Beam","Barrage","Cold Snap"],"picked":"SKIP","floor":5},{"not_picked":["Go for the Eyes","Hello World","Streamline"],"picked":"SKIP","floor":8},{"not_picked":["Compile Driver","Redo"],"picked":"Double Energy","floor":10},{"not_picked":["Cold Snap","Consume","Ball Lightning"],"picked":"Singing Bowl","floor":11},{"not_picked":["Doom and Gloom","Beam Cell","Coolheaded"],"picked":"Singing Bowl","floor":14}],"player_experience":246135,"relics_obtained":[{"floor":9,"key":"Peace Pipe"},{"floor":11,"key":"Singing Bowl"},{"floor":13,"key":"Whetstone"},{"floor":14,"key":"StoneCalendar"}],"event_choices":[{"damage_healed":0,"gold_gain":0,"player_choice":"Forge","damage_taken":0,"max_hp_gain":0,"max_hp_loss":0,"event_name":"Accursed Blacksmith","floor":3,"gold_loss":0,"cards_upgraded":["Zap"]},{"damage_healed":0,"gold_gain":0,"player_choice":"Entered Light","damage_taken":15,"max_hp_gain":0,"max_hp_loss":0,"event_name":"Shining Light","floor":7,"gold_loss":0,"cards_upgraded":["Strike_B","Strike_B"]},{"damage_healed":0,"gold_gain":0,"player_choice":"Searched \u00271\u0027 times","damage_taken":0,"max_hp_gain":0,"max_hp_loss":0,"event_name":"Dead Adventurer","floor":11,"gold_loss":0}],"is_beta":false,"boss_relics":[],"items_purged_floors":[],"is_endless":false,"potions_floor_spawned":[5,10,11,14],"killed_by":"The Guardian","ascension_level":0}