{"gold_per_floor":[116,126,140,160,171,197,197,231,231,247,280,280,280,246,246,351,351,366,66,83,83,83,83,113,113,170,170,181,214,18,32,32,133,133,149,2,13,13,32,32,44,60,60,60,60,60,60,76,76,76],"floor_reached":50,"playtime":2957,"items_purged":[],"score":527,"play_id":"b04fc387-ce43-4331-b695-a600dcad60d3","local_time":"20181214151104","is_ascension_mode":true,"campfire_choices":[{"floor":13.0,"key":"REST"},{"floor":15.0,"key":"REST"},{"floor":23,"key":"REST"},{"floor":25,"key":"REST"},{"floor":32,"key":"REST"},{"data":"Noxious Fumes","floor":40,"key":"SMITH"},{"data":"Noxious Fumes","floor":46,"key":"SMITH"},{"floor":49,"key":"REST"}],"neow_cost":"NONE","seed_source_timestamp":0,"circlet_count":0,"master_deck":["Defend_G","Defend_G","Defend_G","Defend_G","Defend_G","Strike_G","Strike_G","Strike_G","Survivor","Neutralize","Dagger Spray","Slice","Die Die Die","Well Laid Plans","Skewer","Night Terror","Adrenaline","Bullet Time","Noxious Fumes+1","Deadly Poison","Distraction","Catalyst","Caltrops","Adrenaline","Deadly Poison","Noxious Fumes+1","PiercingWail","Flying Knee+1","Bouncing Flask+1","Adrenaline","Writhe"],"special_seed":0,"relics":["Ring of the Snake","Ancient Tea Set","Gremlin Horn","Juzu Bracelet","Shuriken","Potion Belt","Bottled Flame","Empty Cage","Matryoshka","Enchiridion","StoneCalendar","Ornamental Fan","Tiny Chest","Centennial Puzzle","Strawberry","Mercury Hourglass","Unceasing Top","Lantern","Orrery","Snake Skull","Boot","Singing Bowl"],"potions_floor_usage":[20,29,29,33,33,33,41,48,50],"damage_taken":[{"damage":0.0,"enemies":"Cultist","floor":1.0,"turns":4.0},{"damage":0.0,"enemies":"Small Slimes","floor":2.0,"turns":3.0},{"damage":0.0,"enemies":"Jaw Worm","floor":3.0,"turns":4.0},{"damage":0.0,"enemies":"3 Louse","floor":4.0,"turns":3.0},{"damage":0.0,"enemies":"2 Fungi Beasts","floor":5.0,"turns":2.0},{"damage":19.0,"enemies":"Lagavulin","floor":6.0,"turns":7.0},{"damage":4.0,"enemies":"3 Sentries","floor":8.0,"turns":4.0},{"damage":4.0,"enemies":"Blue Slaver","floor":10.0,"turns":4.0},{"damage":8.0,"enemies":"Lagavulin","floor":11.0,"turns":6.0},{"damage":37.0,"enemies":"Slime Boss","floor":16.0,"turns":13.0},{"damage":10,"enemies":"Chosen","floor":18,"turns":5},{"damage":0,"enemies":"3 Byrds","floor":20,"turns":4},{"damage":24,"enemies":"Gremlin Leader","floor":24,"turns":6},{"damage":6,"enemies":"Snake Plant","floor":28,"turns":4},{"damage":21,"enemies":"Book of Stabbing","floor":29,"turns":6},{"damage":18,"enemies":"Centurion and Healer","floor":31,"turns":6},{"damage":8,"enemies":"Collector","floor":33,"turns":6},{"damage":10,"enemies":"Orb Walker","floor":35,"turns":2},{"damage":3,"enemies":"3 Darklings","floor":37,"turns":4},{"damage":7,"enemies":"Spire Growth","floor":39,"turns":4},{"damage":0,"enemies":"Jaw Worm Horde","floor":41,"turns":2},{"damage":3,"enemies":"4 Shapes","floor":42,"turns":3},{"damage":18,"enemies":"3 Darklings","floor":48,"turns":4},{"damage":111,"enemies":"Awakened One","floor":50,"turns":8}],"seed_played":"-4045296388716499073","potions_obtained":[{"floor":2.0,"key":"PowerPotion"},{"floor":5.0,"key":"PowerPotion"},{"floor":8.0,"key":"Strength Potion"},{"floor":10.0,"key":"SpeedPotion"},{"floor":11.0,"key":"SpeedPotion"},{"floor":18,"key":"SpeedPotion"},{"floor":20,"key":"PowerPotion"},{"floor":24,"key":"Weak Potion"},{"floor":31,"key":"SteroidPotion"},{"floor":37,"key":"SteroidPotion"},{"floor":42,"key":"Block Potion"},{"floor":48,"key":"SmokeBomb"}],"is_trial":false,"path_per_floor":["M","M","M","M","M","E","?","E","T","M","E","T","R","?","R","B",null,"M","$","M","?","?","R","E","R","T","T","M","E","$","M","R","B",null,"M","$","M","?","M","R","M","M","T","$","?","R","T","M","R","B"],"character_chosen":"THE_SILENT","items_purchased":["Deadly Poison","Matryoshka","Lantern","Weak Potion","Snake Skull"],"campfire_rested":6,"item_purchase_floors":[19,19,30,30,36],"current_hp_per_floor":[70,70,70,70,70,51,51,47,47,43,35,35,56,56,70,33,70,60,60,60,44,44,65,41,62,62,69,63,42,42,24,47,39,77,67,67,64,64,57,57,57,54,54,54,73,73,73,57,79,0],"gold":76,"neow_bonus":"RANDOM_COMMON_RELIC","is_prod":false,"is_daily":false,"chose_seed":false,"campfire_upgraded":2,"win_rate":0,"timestamp":1544796664,"path_taken":["M","M","?","M","M","E","?","E","T","M","E","?","R","?","R","BOSS","M","$","M","?","?","R","E","R","T","?","M","E","$","M","R","BOSS","M","$","M","?","M","R","M","M","T","$","?","R","?","M","R","BOSS"],"build_version":"2018-12-13","purchased_purges":0,"victory":false,"max_hp_per_floor":[70,70,70,70,70,70,70,70,70,70,70,70,70,70,70,70,70,70,70,70,70,70,70,70,70,70,77,77,77,77,77,77,77,77,77,77,77,77,77,77,77,77,77,77,77,77,77,79,79,79],"card_choices":[{"not_picked":["Prepared","Acrobatics"],"picked":"Dagger Spray","floor":1.0},{"not_picked":["Deadly Poison","Outmaneuver"],"picked":"Slice","floor":2.0},{"not_picked":["Poisoned Stab","Blade Dance"],"picked":"Die Die Die","floor":3.0},{"not_picked":["Blade Dance","Acrobatics"],"picked":"Well Laid Plans","floor":4.0},{"not_picked":["Quick Slash","Dagger Throw"],"picked":"Skewer","floor":5.0},{"not_picked":["Finisher","Underhanded Strike"],"picked":"Night Terror","floor":6.0},{"not_picked":["Heel Hook","Blade Dance"],"picked":"Crippling Poison","floor":8.0},{"not_picked":["Well Laid Plans","Accuracy","Underhanded Strike"],"picked":"SKIP","floor":10.0},{"not_picked":["Blade Dance","Dagger Spray"],"picked":"Adrenaline","floor":11.0},{"not_picked":["Wraith Form v2","Phantasmal Killer"],"picked":"Bullet Time","floor":16.0},{"not_picked":["Infinite Blades+1","Dagger Throw+1"],"picked":"Noxious Fumes","floor":18},{"not_picked":["Backflip","Quick Slash"],"picked":"Distraction","floor":20},{"not_picked":["Bane","Masterful Stab","Dagger Spray"],"picked":"SKIP","floor":24},{"not_picked":["Acrobatics","PiercingWail"],"picked":"Catalyst","floor":28},{"not_picked":["Slice","Infinite Blades","Dagger Spray"],"picked":"SKIP","floor":29},{"not_picked":["Bouncing Flask","Bane"],"picked":"Caltrops","floor":31},{"not_picked":["Venomology","Die Die Die"],"picked":"Adrenaline","floor":33},{"not_picked":["Flechettes","Escape Plan"],"picked":"Deadly Poison","floor":34},{"not_picked":["Backflip","Caltrops"],"picked":"Noxious Fumes","floor":34},{"not_picked":["Slice","Backflip"],"picked":"PiercingWail","floor":34},{"not_picked":["Predator","Cloak And Dagger+1"],"picked":"Flying Knee+1","floor":35},{"not_picked":["Dagger Spray+1","Quick Slash"],"picked":"Bouncing Flask+1","floor":37},{"not_picked":["Sucker Punch","Outmaneuver"],"picked":"Adrenaline","floor":39},{"not_picked":["Quick Slash+1","Slice","Deflect"],"picked":"SKIP","floor":41},{"not_picked":["Backflip","Blade Dance","Tools of the Trade"],"picked":"SKIP","floor":42},{"not_picked":["Prepared","Deflect","Outmaneuver+1"],"picked":"Singing Bowl","floor":48}],"player_experience":170895,"relics_obtained":[{"floor":6.0,"key":"Gremlin Horn"},{"floor":8.0,"key":"Juzu Bracelet"},{"floor":9.0,"key":"Shuriken"},{"floor":11.0,"key":"Potion Belt"},{"floor":12.0,"key":"Bottled Flame"},{"floor":21,"key":"Enchiridion"},{"floor":24,"key":"Ornamental Fan"},{"floor":26,"key":"Tiny Chest"},{"floor":26,"key":"Centennial Puzzle"},{"floor":27,"key":"Strawberry"},{"floor":27,"key":"Mercury Hourglass"},{"floor":29,"key":"Unceasing Top"},{"floor":43,"key":"Boot"},{"floor":47,"key":"Singing Bowl"}],"event_choices":[{"damage_healed":0.0,"max_hp_gain":0.0,"max_hp_loss":0.0,"gold_gain":0.0,"event_name":"Shining Light","player_choice":"Ignored","floor":7.0,"gold_loss":0.0,"damage_taken":0.0},{"damage_healed":0.0,"max_hp_gain":0.0,"max_hp_loss":0.0,"gold_gain":0.0,"event_name":"World of Goop","player_choice":"Left Gold","floor":14.0,"gold_loss":34.0,"damage_taken":0.0},{"damage_healed":0,"gold_gain":0,"player_choice":"Obtained Book","damage_taken":16,"max_hp_gain":0,"max_hp_loss":0,"event_name":"Cursed Tome","floor":21,"gold_loss":0},{"damage_healed":0,"gold_gain":0,"player_choice":"Opened","damage_taken":0,"relics_obtained":["StoneCalendar"],"max_hp_gain":0,"max_hp_loss":0,"event_name":"The Mausoleum","floor":22,"gold_loss":0},{"cards_removed":["Strike_G"],"damage_healed":0,"gold_gain":0,"player_choice":"Removed Attack","damage_taken":0,"max_hp_gain":0,"max_hp_loss":0,"event_name":"Falling","floor":38,"gold_loss":0},{"damage_healed":19,"gold_gain":0,"player_choice":"Writhe","damage_taken":0,"max_hp_gain":0,"max_hp_loss":0,"event_name":"Winding Halls","floor":45,"gold_loss":0,"cards_obtained":["Writhe"]}],"is_beta":false,"boss_relics":[{"not_picked":["Ring of the Serpent","Philosopher\u0027s Stone"],"picked":"Empty Cage"},{"not_picked":["Runic Pyramid","Pandora\u0027s Box"],"picked":"Orrery"}],"items_purged_floors":[],"is_endless":false,"potions_floor_spawned":[2,5,8,10,11,18,20,24,31,37,42,48],"killed_by":"Awakened One","ascension_level":1}