{"gold_per_floor":[119,134,59,72,91,91,110,110,133,158,158,185,185,205,205,205],"floor_reached":16,"playtime":2279,"items_purged":["Strike_R"],"score":118,"play_id":"de4dafd2-2333-4f68-9b37-b34d4a27a233","local_time":"20180804221210","is_ascension_mode":true,"campfire_choices":[{"data":"Limit Break","floor":6,"key":"SMITH"},{"data":"Warcry","floor":8,"key":"SMITH"},{"data":"Spot Weakness","floor":11,"key":"SMITH"},{"floor":13,"key":"REST"},{"floor":15,"key":"REST"}],"neow_cost":"NONE","seed_source_timestamp":473466346812093,"circlet_count":0,"master_deck":["Strike_R","Strike_R","Strike_R","Strike_R","Defend_R","Defend_R","Defend_R","Defend_R","Bash","Limit Break+1","Headbutt","Warcry+1","Cleave","Spot Weakness+1","True Grit","Shockwave"],"relics":["Burning Blood","Anchor","Oddly Smooth Stone","Lantern"],"potions_floor_usage":[12,16,16,16],"damage_taken":[{"damage":10,"enemies":"Jaw Worm","floor":1,"turns":6},{"damage":6,"enemies":"2 Louse","floor":2,"turns":3},{"damage":6,"enemies":"Cultist","floor":4,"turns":3},{"damage":5,"enemies":"Looter","floor":5,"turns":4},{"damage":0,"enemies":"3 Louse","floor":7,"turns":3},{"damage":25,"enemies":"3 Sentries","floor":10,"turns":8},{"damage":37,"enemies":"Lagavulin","floor":12,"turns":6},{"damage":0,"enemies":"2 Fungi Beasts","floor":14,"turns":3},{"damage":82,"enemies":"Slime Boss","floor":16,"turns":11}],"seed_played":"-4742173134651270802","potions_obtained":[{"floor":4,"key":"Swift Potion"},{"floor":7,"key":"SneckoOil"},{"floor":10,"key":"PowerPotion"},{"floor":12,"key":"Weak Potion"},{"floor":14,"key":"PowerPotion"}],"is_trial":false,"path_per_floor":["M","M","$","M","M","R","M","R","T","E","R","E","R","M","R"],"character_chosen":"IRONCLAD","items_purchased":[],"campfire_rested":2,"item_purchase_floors":[],"current_hp_per_floor":[76,76,76,76,77,77,80,80,80,61,61,30,54,60,80,0],"gold":205,"neow_bonus":"ONE_RANDOM_RARE_CARD","is_prod":false,"is_daily":false,"chose_seed":false,"campfire_upgraded":3,"win_rate":0,"timestamp":1533391930,"path_taken":["M","M","$","M","M","R","M","R","T","E","R","E","R","M","R","BOSS"],"build_version":"2018-08-02","purchased_purges":1,"victory":false,"max_hp_per_floor":[80,80,80,80,80,80,80,80,80,80,80,80,80,80,80,80],"card_choices":[{"not_picked":["Pommel Strike","Carnage","Dual Wield"],"picked":"SKIP","floor":1},{"not_picked":["Clothesline","Pummel"],"picked":"Headbutt","floor":2},{"not_picked":["Wild Strike","Thunderclap"],"picked":"Warcry","floor":4},{"not_picked":["Infernal Blade","Sever Soul"],"picked":"Cleave","floor":5},{"not_picked":["Thunderclap","Pommel Strike","Second Wind"],"picked":"SKIP","floor":7},{"not_picked":["Perfected Strike","Limit Break"],"picked":"Spot Weakness","floor":10},{"not_picked":["Flex","Fire Breathing"],"picked":"True Grit","floor":12},{"not_picked":["Power Through","Combust"],"picked":"Shockwave","floor":14}],"player_experience":186621,"relics_obtained":[{"floor":9,"key":"Anchor"},{"floor":10,"key":"Oddly Smooth Stone"},{"floor":12,"key":"Lantern"}],"event_choices":[],"is_beta":false,"boss_relics":[],"items_purged_floors":[3],"is_endless":false,"potions_floor_spawned":[4,7,10,12,14],"killed_by":"Slime Boss","ascension_level":1}