{"gold_per_floor":[109,34,48,58,69,101,101,101,128,162,177,202,202,219,219,315,315,335,335,54,154,79,79,529,529,529,529,114,141,56,67,67,166,166,181,181,281,329,349,380,13,46,71,101,119,119,119,119,119,119],"floor_reached":51,"playtime":3943,"items_purged":["Strike_R","Strike_R","Strike_R"],"score":936,"play_id":"52338fd5-26f6-426e-bf1b-f9b56b6135ea","local_time":"20190131153824","is_ascension_mode":true,"campfire_choices":[{"data":"Reaper","floor":7,"key":"SMITH"},{"data":"Disarm","floor":15,"key":"SMITH"},{"floor":23,"key":"REST"},{"floor":25,"key":"REST"},{"data":"Apotheosis","floor":32,"key":"SMITH"},{"data":"Searing Blow+1","floor":46,"key":"SMITH"},{"data":"Searing Blow+3","floor":49,"key":"SMITH"}],"neow_cost":"PERCENT_DAMAGE","seed_source_timestamp":182201267604692,"circlet_count":0,"master_deck":["Defend_R+1","Defend_R+1","Bash","Infernal Blade","Whirlwind","Thunderclap","Uppercut","Ghostly Armor","Reaper+1","Limit Break","Flex","Disarm+1","Ghostly Armor","Shrug It Off","Impervious","Searing Blow+4","Apotheosis+1","Anger+1","Warcry+1","Reaper","Inflame","Iron Wave+1","Barricade","Entrench","Infernal Blade+1","Madness","Madness","Body Slam+1","Battle Trance+1","Warcry+1","Shrug It Off+1","Heavy Blade+1"],"relics":["Black Blood","War Paint","Regal Pillow","Dream Catcher","Pen Nib","Juzu Bracelet","Magic Flower","The Courier","Incense Burner","Torii","Nunchaku","Prayer Wheel","Coffee Dripper","Unceasing Top","Ice Cream","Ancient Tea Set","Champion Belt","Anchor","Oddly Smooth Stone","Lantern","Ginger"],"potions_floor_usage":[12,12,16,18,21,38,50,50,50],"damage_taken":[{"damage":0,"enemies":"Small Slimes","floor":1,"turns":2},{"damage":4,"enemies":"Jaw Worm","floor":3,"turns":4},{"damage":0,"enemies":"Cultist","floor":4,"turns":2},{"damage":8,"enemies":"2 Fungi Beasts","floor":5,"turns":4},{"damage":47,"enemies":"3 Sentries","floor":6,"turns":8},{"damage":32,"enemies":"Lagavulin","floor":10,"turns":10},{"damage":9,"enemies":"Blue Slaver","floor":11,"turns":3},{"damage":4,"enemies":"Gremlin Nob","floor":12,"turns":3},{"damage":5,"enemies":"Large Slime","floor":14,"turns":5},{"damage":3,"enemies":"The Guardian","floor":16,"turns":13},{"damage":20,"enemies":"2 Thieves","floor":18,"turns":4},{"damage":40,"enemies":"Colosseum Slavers","floor":21,"turns":6},{"damage":75,"enemies":"Colosseum Nobs","floor":21,"turns":7},{"damage":30,"enemies":"Book of Stabbing","floor":29,"turns":9},{"damage":3,"enemies":"Shell Parasite","floor":31,"turns":5},{"damage":37,"enemies":"Automaton","floor":33,"turns":11},{"damage":22,"enemies":"Orb Walker","floor":35,"turns":7},{"damage":15,"enemies":"Mind Bloom Boss Battle","floor":37,"turns":9},{"damage":76,"enemies":"2 Orb Walkers","floor":38,"turns":8},{"damage":8,"enemies":"3 Darklings","floor":39,"turns":4},{"damage":31,"enemies":"Nemesis","floor":40,"turns":7},{"damage":0,"enemies":"Giant Head","floor":42,"turns":7},{"damage":0,"enemies":"Nemesis","floor":44,"turns":5},{"damage":22,"enemies":"4 Shapes","floor":45,"turns":6},{"damage":7,"enemies":"Time Eater","floor":50,"turns":6}],"seed_played":"4151709279095860322","potions_obtained":[{"floor":5,"key":"Fire Potion"},{"floor":10,"key":"AttackPotion"},{"floor":12,"key":"AttackPotion"},{"floor":14,"key":"Fire Potion"},{"floor":18,"key":"BloodPotion"},{"floor":21,"key":"Swift Potion"},{"floor":38,"key":"LiquidBronze"},{"floor":39,"key":"SpeedPotion"},{"floor":42,"key":"Strength Potion"},{"floor":45,"key":"PowerPotion"}],"is_trial":false,"path_per_floor":["M","$","M","M","M","E","R","?","T","E","M","E","?","M","R","B",null,"M","?","$","?","?","R","?","R","T","?","$","E","?","M","R","B",null,"M","?","?","?","M","E","$","E","T","E","M","R","?","?","R","B",null],"character_chosen":"IRONCLAD","items_purchased":["Apotheosis","Torii","Inflame","Champion Belt","Anchor"],"campfire_rested":2,"item_purchase_floors":[20,28,28,41,41],"current_hp_per_floor":[62,62,64,70,68,39,39,65,65,44,41,50,50,61,61,77,80,80,80,80,21,21,60,12,51,51,51,51,80,80,80,80,76,80,80,70,80,31,70,66,66,80,80,80,80,80,80,80,80,80],"gold":119,"neow_bonus":"TRANSFORM_TWO_CARDS","is_prod":false,"is_daily":false,"chose_seed":false,"campfire_upgraded":5,"win_rate":0,"timestamp":1548916704,"path_taken":["M","$","M","M","M","E","R","?","T","E","M","E","?","M","R","BOSS","M","?","$","?","?","R","?","R","T","?","$","E","?","M","R","BOSS","M","?","?","?","M","E","$","E","T","E","M","R","?","?","R","BOSS"],"build_version":"2019-01-23","purchased_purges":3,"victory":true,"max_hp_per_floor":[80,80,80,80,80,80,80,80,80,80,80,80,80,80,80,80,80,80,80,80,80,80,80,80,80,80,80,80,80,80,80,80,80,80,80,80,80,80,80,80,80,80,80,80,80,80,80,80,80,80],"card_choices":[{"not_picked":["Wild Strike","Sever Soul"],"picked":"Thunderclap","floor":1},{"not_picked":["Shockwave","Sword Boomerang"],"picked":"Uppercut","floor":3},{"not_picked":["Clash","Wild Strike"],"picked":"Ghostly Armor","floor":4},{"not_picked":["Clash","Fire Breathing"],"picked":"Reaper","floor":5},{"not_picked":["Body Slam","Intimidate"],"picked":"Limit Break","floor":6},{"not_picked":["Warcry","Power Through"],"picked":"Flex","floor":10},{"not_picked":["Sentinel","Wild Strike"],"picked":"Disarm","floor":11},{"not_picked":["Twin Strike","Clothesline"],"picked":"Ghostly Armor","floor":12},{"not_picked":["Uppercut","Shrug It Off","Thunderclap"],"picked":"SKIP","floor":14},{"not_picked":["Dark Embrace","Juggernaut"],"picked":"Impervious","floor":16},{"not_picked":["Armaments","Pommel Strike"],"picked":"Searing Blow+1","floor":18},{"not_picked":["Headbutt","Feel No Pain"],"picked":"Anger+1","floor":21},{"not_picked":["Perfected Strike","Iron Wave"],"picked":"Warcry+1","floor":23},{"not_picked":["Infernal Blade","Clash"],"picked":"Reaper","floor":25},{"not_picked":["Metallicize","Immolate"],"picked":"Iron Wave+1","floor":29},{"not_picked":["Intimidate","Heavy Blade"],"picked":"Fire Breathing+1","floor":31},{"not_picked":["Pommel Strike","Anger","Wild Strike"],"picked":"SKIP","floor":31},{"not_picked":["Offering","Berserk"],"picked":"Barricade","floor":33},{"not_picked":["Cleave+1","Anger"],"picked":"Entrench","floor":35},{"not_picked":["Flex","Twin Strike+1"],"picked":"Infernal Blade+1","floor":35},{"not_picked":["Pommel Strike+1","Combust"],"picked":"Body Slam+1","floor":38},{"not_picked":["Reckless Charge","True Grit+1"],"picked":"Battle Trance+1","floor":39},{"not_picked":["Heavy Blade","Flex"],"picked":"Warcry+1","floor":39},{"not_picked":["Blood for Blood+1","Heavy Blade","Offering"],"picked":"SKIP","floor":40},{"not_picked":["Shrug It Off","Pommel Strike","Feel No Pain"],"picked":"SKIP","floor":42},{"not_picked":["Armaments+1","Intimidate"],"picked":"Shrug It Off+1","floor":44},{"not_picked":["Wild Strike+1","Clash+1"],"picked":"Heavy Blade+1","floor":45},{"not_picked":["Dual Wield","Headbutt+1","Shrug It Off"],"picked":"SKIP","floor":45}],"player_experience":128415,"relics_obtained":[{"floor":6,"key":"War Paint"},{"floor":9,"key":"Regal Pillow"},{"floor":10,"key":"Dream Catcher"},{"floor":12,"key":"Pen Nib"},{"floor":21,"key":"Magic Flower"},{"floor":21,"key":"The Courier"},{"floor":26,"key":"Incense Burner"},{"floor":29,"key":"Nunchaku"},{"floor":37,"key":"Unceasing Top"},{"floor":38,"key":"Ice Cream"},{"floor":40,"key":"Ancient Tea Set"},{"floor":42,"key":"Oddly Smooth Stone"},{"floor":43,"key":"Lantern"},{"floor":44,"key":"Ginger"}],"event_choices":[{"damage_healed":26,"gold_gain":0,"player_choice":"Banana","damage_taken":0,"max_hp_gain":0,"max_hp_loss":0,"event_name":"Big Fish","floor":8,"gold_loss":0},{"damage_healed":0,"gold_gain":0,"cards_transformed":["Strike_R"],"player_choice":"Change","damage_taken":0,"max_hp_gain":0,"max_hp_loss":0,"event_name":"Living Wall","floor":13,"gold_loss":0,"cards_obtained":["Shrug It Off"]},{"damage_healed":0,"gold_gain":0,"player_choice":"Opened","damage_taken":0,"relics_obtained":["Juzu Bracelet"],"max_hp_gain":0,"max_hp_loss":0,"event_name":"The Mausoleum","floor":19,"gold_loss":0},{"damage_healed":0,"gold_gain":0,"player_choice":"Fight","damage_taken":0,"max_hp_gain":0,"max_hp_loss":0,"event_name":"Colosseum","floor":21,"gold_loss":0},{"damage_healed":0,"gold_gain":0,"player_choice":"Fought Nobs","damage_taken":0,"max_hp_gain":0,"max_hp_loss":0,"event_name":"Colosseum","floor":21,"gold_loss":0},{"cards_removed":["Defend_R"],"damage_healed":0,"gold_gain":0,"player_choice":"Gave Gold","damage_taken":0,"max_hp_gain":0,"max_hp_loss":0,"event_name":"Beggar","floor":22,"gold_loss":75},{"damage_healed":0,"gold_gain":450,"player_choice":"GOLD GOLD GOLD GOLD GOLD ","damage_taken":48,"max_hp_gain":0,"max_hp_loss":0,"event_name":"Knowing Skull","floor":24,"potions_obtained":[],"gold_loss":0,"cards_obtained":[]},{"damage_healed":0,"gold_gain":0,"player_choice":"Ignored","damage_taken":0,"max_hp_gain":0,"max_hp_loss":0,"event_name":"Vampires","floor":27,"gold_loss":0},{"damage_healed":0,"gold_gain":0,"player_choice":"Obtained Relic","damage_taken":0,"relics_obtained":["Prayer Wheel"],"max_hp_gain":0,"max_hp_loss":0,"event_name":"Addict","floor":30,"gold_loss":85},{"damage_healed":0,"gold_gain":0,"player_choice":"Embrace Madness","damage_taken":10,"max_hp_gain":0,"max_hp_loss":0,"event_name":"Winding Halls","floor":36,"gold_loss":0,"cards_obtained":["Madness","Madness"]},{"damage_healed":0,"gold_gain":0,"player_choice":"Fight","damage_taken":0,"max_hp_gain":0,"max_hp_loss":0,"event_name":"MindBloom","floor":37,"gold_loss":0},{"damage_healed":0,"gold_gain":0,"player_choice":"Fight","damage_taken":0,"max_hp_gain":0,"max_hp_loss":0,"event_name":"Mysterious Sphere","floor":38,"gold_loss":0},{"cards_removed":["Fire Breathing"],"damage_healed":0,"gold_gain":0,"player_choice":"Removed Power","damage_taken":0,"max_hp_gain":0,"max_hp_loss":0,"event_name":"Falling","floor":47,"gold_loss":0},{"damage_healed":0,"gold_gain":0,"player_choice":"Upgraded","damage_taken":0,"max_hp_gain":0,"max_hp_loss":0,"event_name":"Upgrade Shrine","floor":48,"gold_loss":0,"cards_upgraded":["Searing Blow"]}],"is_beta":false,"boss_relics":[{"not_picked":["Philosopher\u0027s Stone","Eternal Feather"],"picked":"Black Blood"},{"not_picked":["Busted Crown","Velvet Choker"],"picked":"Coffee Dripper"}],"items_purged_floors":[2,20,28],"is_endless":false,"potions_floor_spawned":[5,10,12,14,18,21,38,39,42,45],"ascension_level":3}