{"gold_per_floor":[113,113,131,131,10,10,24,24,51,68,68,68,89,103,103,229,229,245,263,263,109,109,109,123,123,123,146,167,167,188,211,211,211],"floor_reached":33,"playtime":1386,"items_purged":["Strike_B","Defend_B"],"score":241,"play_id":"0dcf12a9-4fbc-44b0-8b29-6beea348c2ef","local_time":"20180719220312","is_ascension_mode":false,"campfire_choices":[{"data":"Zap","floor":6,"key":"SMITH"},{"data":"Leap","floor":8,"key":"SMITH"},{"data":"Ball Lightning","floor":12,"key":"SMITH"},{"data":"Conserve Battery","floor":15,"key":"SMITH"},{"data":"Streamline","floor":23,"key":"SMITH"},{"floor":25,"key":"REST"},{"floor":29,"key":"REST"},{"floor":32,"key":"REST"}],"neow_cost":"NONE","seed_source_timestamp":383635030161409,"circlet_count":0,"master_deck":["Defend_B","Defend_B","Defend_B","Zap+1","Dualcast","Biased Cognition","Conserve Battery+1","Leap+1","Ball Lightning+1","Tempest","Reboot","Beam Cell","Streamline+1","Gash","Auto Shields","Genetic Algorithm","Leap+1","Redo"],"relics":["Cracked Core","Potion Belt","Golden Idol","Empty Cage","Kunai"],"potions_floor_usage":[],"damage_taken":[{"damage":0,"enemies":"2 Louse","floor":1,"turns":2},{"damage":1,"enemies":"Jaw Worm","floor":3,"turns":3},{"damage":0,"enemies":"Cultist","floor":7,"turns":3},{"damage":0,"enemies":"Large Slime","floor":10,"turns":6},{"damage":0,"enemies":"2 Fungi Beasts","floor":13,"turns":2},{"damage":2,"enemies":"3 Louse","floor":14,"turns":3},{"damage":35,"enemies":"The Guardian","floor":16,"turns":14},{"damage":0,"enemies":"Spheric Guardian","floor":18,"turns":2},{"damage":9,"enemies":"3 Byrds","floor":19,"turns":5},{"damage":12,"enemies":"Cultist and Chosen","floor":24,"turns":6},{"damage":27,"enemies":"Snake Plant","floor":27,"turns":4},{"damage":21,"enemies":"Slaver and Parasite","floor":28,"turns":7},{"damage":32,"enemies":"Chosen and Byrds","floor":30,"turns":7},{"damage":0,"enemies":"Snecko","floor":31,"turns":5},{"damage":57,"enemies":"Automaton","floor":33,"turns":8}],"seed_played":"-582811147587137738","potions_obtained":[{"floor":3,"key":"Weak Potion"},{"floor":13,"key":"FocusPotion"},{"floor":18,"key":"LiquidBronze"},{"floor":24,"key":"Energy Potion"},{"floor":27,"key":"Explosive Potion"}],"is_trial":false,"path_per_floor":["M","?","M","?","$","R","M","R","T","M","?","R","M","M","R","B",null,"M","M","?","$","?","R","M","R","T","M","M","R","M","M","R"],"character_chosen":"DEFECT","items_purchased":["Leap","Streamline"],"campfire_rested":3,"item_purchase_floors":[5,21],"current_hp_per_floor":[75,75,74,79,79,79,79,79,79,79,79,79,79,77,77,42,80,80,71,71,71,71,71,59,80,80,53,32,56,24,24,48,0],"gold":211,"neow_bonus":"ONE_RANDOM_RARE_CARD","is_prod":false,"is_daily":false,"chose_seed":false,"campfire_upgraded":5,"win_rate":0.0,"timestamp":1532008992,"path_taken":["M","?","?","?","$","R","M","R","T","?","?","R","M","M","R","BOSS","M","M","?","$","?","R","?","R","T","M","M","R","M","M","R","BOSS"],"build_version":"2018-07-12","purchased_purges":2,"victory":false,"max_hp_per_floor":[75,75,75,80,80,80,80,80,80,80,80,80,80,80,80,80,80,80,80,80,80,80,80,80,80,80,80,80,80,80,80,80,80],"card_choices":[{"not_picked":["Compile Driver","Capacitor","Reprogram"],"picked":"SKIP","floor":1},{"not_picked":["Storm","Aggregate"],"picked":"Conserve Battery","floor":3},{"not_picked":["Rebound","Turbo"],"picked":"Ball Lightning","floor":7},{"not_picked":["Hologram","Undo"],"picked":"Tempest","floor":10},{"not_picked":["Steam","Coolheaded","Turbo"],"picked":"SKIP","floor":13},{"not_picked":["Storm","Steam","Hologram"],"picked":"SKIP","floor":14},{"not_picked":["Fission","Biased Cognition"],"picked":"Reboot","floor":16},{"not_picked":["Turbo+1","Double Energy","Aggregate"],"picked":"SKIP","floor":18},{"not_picked":["Hello World","Streamline"],"picked":"Beam Cell","floor":19},{"not_picked":["Cold Snap","Steam+1"],"picked":"Gash","floor":24},{"not_picked":["Compile Driver","Scrape"],"picked":"Auto Shields","floor":27},{"not_picked":["Conserve Battery","Coolheaded"],"picked":"Genetic Algorithm","floor":28},{"not_picked":["Seek","Beam Cell+1"],"picked":"Leap+1","floor":30},{"not_picked":["Ball Lightning","Conserve Battery"],"picked":"Redo","floor":31}],"player_experience":25229,"relics_obtained":[{"floor":9,"key":"Potion Belt"},{"floor":26,"key":"Kunai"}],"event_choices":[{"event_name":"Living Wall","player_choice":"Forget","floor":2,"damage_taken":0},{"event_name":"Big Fish","player_choice":"Donut","floor":4,"damage_taken":0},{"event_name":"Golden Idol","player_choice":"Take Wound","floor":11,"damage_taken":0},{"event_name":"Purifier","player_choice":"One Purge","floor":20,"damage_taken":0},{"event_name":"The Woman in Blue","player_choice":"Bought 0 Potions","floor":22,"damage_taken":0}],"boss_relics":[{"not_picked":["White Beast Statue","Sozu"],"picked":"Empty Cage"}],"items_purged_floors":[5,21],"is_endless":false,"potions_floor_spawned":[3,13,18,24,27],"killed_by":"Automaton","ascension_level":0}