{"gold_per_floor":[112,126,144,158,158,185,185,202,284,284,313,313,326,326,326,423,423,437,313,313,323,189,189,189,202,229,252,264,289,354,399,411,520,532,554,577,607,619,631,643,671,698,710,751,566,582,582,137,137,137],"floor_reached":51,"playtime":3000,"items_purged":["Strike_R","Strike_R","Strike_R","Strike_R"],"score":832,"play_id":"ac233ed1-b357-404e-942d-b37866a7d345","local_time":"20180811182541","is_ascension_mode":true,"campfire_choices":[{"floor":7.0,"key":"REST"},{"data":"Rampage","floor":10.0,"key":"SMITH"},{"data":"Metallicize","floor":12.0,"key":"SMITH"},{"floor":15.0,"key":"REST"},{"data":"Barricade","floor":23.0,"key":"SMITH"},{"data":"True Grit","floor":28,"key":"SMITH"},{"floor":32,"key":"REST"},{"data":"Entrench","floor":40,"key":"SMITH"},{"data":"Offering","floor":47,"key":"SMITH"},{"data":"Metallicize","floor":49,"key":"SMITH"}],"neow_cost":"NONE","seed_source_timestamp":0,"circlet_count":0,"master_deck":["Defend_R","Defend_R","Defend_R","Defend_R+1","Bash","Warcry+1","Rampage+1","Shockwave","Ghostly Armor","Metallicize+1","Barricade+1","Metallicize+1","True Grit+1","Entrench+1","Headbutt","Offering+1","Purity","Body Slam+1"],"special_seed":0,"relics":["Burning Blood","Oddly Smooth Stone","Darkstone Periapt","StoneCalendar","Black Star","MawBank","Regal Pillow","Red Skull","Pen Nib","Velvet Choker","Magic Flower","Letter Opener","Orichalcum","Dream Catcher","Lantern"],"potions_floor_usage":[31,31,31,31,33,36,46,50,50],"damage_taken":[{"damage":14.0,"enemies":"Jaw Worm","floor":1.0,"turns":4.0},{"damage":7.0,"enemies":"2 Louse","floor":2.0,"turns":3.0},{"damage":1.0,"enemies":"Cultist","floor":3.0,"turns":3.0},{"damage":10.0,"enemies":"2 Fungi Beasts","floor":4.0,"turns":4.0},{"damage":33.0,"enemies":"3 Sentries","floor":6.0,"turns":9.0},{"damage":10.0,"enemies":"Looter","floor":8.0,"turns":4.0},{"damage":18.0,"enemies":"Lagavulin","floor":11.0,"turns":8.0},{"damage":0.0,"enemies":"Blue Slaver","floor":13.0,"turns":6.0},{"damage":33.0,"enemies":"The Guardian","floor":16.0,"turns":13.0},{"damage":22.0,"enemies":"Spheric Guardian","floor":18.0,"turns":10.0},{"damage":4.0,"enemies":"Shell Parasite","floor":21.0,"turns":10.0},{"damage":12.0,"enemies":"Centurion and Healer","floor":25.0,"turns":9.0},{"damage":0,"enemies":"Slaver and Parasite","floor":27,"turns":2},{"damage":27,"enemies":"Snake Plant","floor":29,"turns":7},{"damage":48,"enemies":"Gremlin Leader","floor":31,"turns":9},{"damage":45,"enemies":"Automaton","floor":33,"turns":17},{"damage":27,"enemies":"3 Darklings","floor":35,"turns":7},{"damage":16,"enemies":"Flame Bruiser 1 Orb","floor":36,"turns":8},{"damage":7,"enemies":"3 Darklings","floor":37,"turns":7},{"damage":0,"enemies":"4 Shapes","floor":41,"turns":9},{"damage":14,"enemies":"Sphere and 2 Shapes","floor":42,"turns":8},{"damage":12,"enemies":"Giant Head","floor":44,"turns":12},{"damage":9,"enemies":"Spire Growth","floor":46,"turns":7},{"damage":6,"enemies":"Time Eater","floor":50,"turns":7}],"seed_played":"-8253870278835294031","potions_obtained":[{"floor":3.0,"key":"Block Potion"},{"floor":4.0,"key":"EntropicBrew"},{"floor":8.0,"key":"SteroidPotion"},{"floor":13.0,"key":"Energy Potion"},{"floor":31,"key":"Swift Potion"},{"floor":33,"key":"Weak Potion"},{"floor":36,"key":"PowerPotion"},{"floor":37,"key":"Weak Potion"},{"floor":44,"key":"Explosive Potion"},{"floor":46,"key":"FearPotion"}],"is_trial":false,"path_per_floor":["M","M","M","M","?","E","R","M","T","R","E","R","M","?","R","B",null,"M","$","?","M","$","R","?","M","T","M","R","M","T","E","R","B",null,"M","M","M","?","?","R","M","M","T","E","$","M","R","$","R","B"],"character_chosen":"IRONCLAD","items_purchased":["True Grit","Entrench","Regen Potion","EssenceOfSteel","Regen Potion","Lantern"],"campfire_rested":3,"item_purchase_floors":[19,22,45,48,48,48],"current_hp_per_floor":[80,79,84,80,62,35,61,57,57,57,45,45,51,39,65,38,88,72,72,72,74,74,74,74,68,68,74,74,53,53,11,52,13,88,67,57,56,56,56,56,65,60,60,57,57,81,81,81,81,84],"gold":137,"neow_bonus":"TEN_PERCENT_HP_BONUS","is_prod":false,"is_daily":false,"chose_seed":false,"campfire_upgraded":7,"win_rate":0,"timestamp":1533983141,"path_taken":["M","M","M","M","?","E","R","M","T","R","E","R","M","?","R","BOSS","M","$","?","M","$","R","?","M","T","M","R","M","?","E","R","BOSS","M","M","M","?","?","R","M","M","T","E","$","M","R","$","R","BOSS"],"build_version":"2018-08-09","purchased_purges":4,"victory":true,"max_hp_per_floor":[88,88,88,88,88,88,88,88,88,88,88,88,88,88,88,88,88,88,88,88,88,88,88,88,88,88,88,88,88,88,88,88,88,88,88,88,88,88,88,88,88,88,88,88,88,88,88,88,88,88],"card_choices":[{"not_picked":["Body Slam","Thunderclap"],"picked":"Warcry","floor":1.0},{"not_picked":["Reckless Charge","Corruption","Bludgeon"],"picked":"SKIP","floor":2.0},{"not_picked":["Second Wind","Body Slam"],"picked":"Rampage","floor":3.0},{"not_picked":["Reckless Charge","Intimidate"],"picked":"Shockwave","floor":4.0},{"not_picked":["Thunderclap","Feel No Pain"],"picked":"Ghostly Armor","floor":6.0},{"not_picked":["Thunderclap","Feel No Pain","Combust"],"picked":"SKIP","floor":8.0},{"not_picked":["Clothesline","Dropkick"],"picked":"Metallicize","floor":11.0},{"not_picked":["Sentinel","Warcry"],"picked":"Pommel Strike","floor":13.0},{"not_picked":["Dark Embrace","Juggernaut"],"picked":"Barricade","floor":16.0},{"not_picked":["Perfected Strike","Sword Boomerang"],"picked":"Metallicize","floor":18.0},{"not_picked":["Seeing Red","Clash","Iron Wave"],"picked":"SKIP","floor":21.0},{"not_picked":["Clothesline+1","Clash"],"picked":"Headbutt","floor":25},{"not_picked":["Armaments","Havoc","Clothesline"],"picked":"SKIP","floor":27},{"not_picked":["Power Through","Twin Strike","Burning Pact"],"picked":"SKIP","floor":29},{"not_picked":["Iron Wave","Twin Strike","Pummel"],"picked":"SKIP","floor":31},{"not_picked":["Barricade","Exhume"],"picked":"Offering","floor":33},{"not_picked":["Twin Strike","Pommel Strike+1","True Grit"],"picked":"SKIP","floor":35},{"not_picked":["Perfected Strike","Heavy Blade","Thunderclap"],"picked":"SKIP","floor":36},{"not_picked":["Corruption","Clothesline+1","Heavy Blade"],"picked":"SKIP","floor":37},{"not_picked":["Finesse","Swift Strike"],"picked":"Purity","floor":39},{"not_picked":["Carnage","Anger","Wild Strike"],"picked":"SKIP","floor":41},{"not_picked":["Bloodletting+1","Sword Boomerang+1","Clothesline"],"picked":"SKIP","floor":42},{"not_picked":["Barricade","Headbutt","Shrug It Off"],"picked":"SKIP","floor":44},{"not_picked":["Flex","Berserk"],"picked":"Body Slam+1","floor":46}],"player_experience":232272,"relics_obtained":[{"floor":6.0,"key":"Oddly Smooth Stone"},{"floor":9.0,"key":"Darkstone Periapt"},{"floor":11.0,"key":"StoneCalendar"},{"floor":26,"key":"MawBank"},{"floor":30,"key":"Regal Pillow"},{"floor":31,"key":"Red Skull"},{"floor":31,"key":"Pen Nib"},{"floor":43,"key":"Letter Opener"},{"floor":44,"key":"Orichalcum"},{"floor":44,"key":"Dream Catcher"}],"event_choices":[{"event_name":"Shining Light","player_choice":"Entered Light","floor":5.0,"damage_taken":0.0},{"event_name":"Scrap Ooze","player_choice":"unsuccessful","floor":14.0,"damage_taken":12.0},{"event_name":"Purifier","player_choice":"One Purge","floor":20.0,"damage_taken":0.0},{"event_name":"Vampires","player_choice":"Ignored","floor":24.0,"damage_taken":0.0},{"event_name":"WeMeetAgain","player_choice":"Card","floor":38,"damage_taken":0},{"event_name":"SensoryStone","player_choice":"Memory 1","floor":39,"damage_taken":0}],"is_beta":false,"boss_relics":[{"not_picked":["Runic Pyramid","Fusion Hammer"],"picked":"Black Star"},{"not_picked":["Tiny House","Lizard Tail"],"picked":"Velvet Choker"}],"items_purged_floors":[19,22,45,48],"is_endless":false,"potions_floor_spawned":[3,4,8,13,18,31,33,36,37,44,46],"ascension_level":2}