{"gold_per_floor":[217,234,12,31,31,61,74,102,102,377,377,406,423,454,454,555,555,575,22,22,22,22,52,52,52,130,157,169,194,212,230,230,327,327,343,343,5,22,0,30,30,30,53,70,101,132,144,156],"floor_reached":48,"playtime":2850,"items_purged":["Regret"],"score":851,"play_id":"39ccddaa-3161-4c21-b9dd-db68b7045d4e","local_time":"20190104185000","is_ascension_mode":true,"campfire_choices":[{"floor":11.0,"key":"REST"},{"floor":15.0,"key":"REST"},{"data":"Corruption","floor":24.0,"key":"SMITH"},{"floor":32.0,"key":"REST"},{"data":"Searing Blow","floor":41.0,"key":"SMITH"},{"data":"Searing Blow+1","floor":42.0,"key":"SMITH"}],"neow_cost":"NONE","seed_source_timestamp":0,"circlet_count":0,"master_deck":["Strike_R+1","Strike_R+1","Strike_R+1","Strike_R+1","Defend_R+1","Defend_R+1","Defend_R+1","Defend_R+1","Bash","Shrug It Off+1","Corruption+1","Flex","Inflame","Reckless Charge+1","Impervious","Heavy Blade","Bloodletting","Flame Barrier","Cleave","Shockwave","Searing Blow+2","Clash","Dark Embrace+1","Pommel Strike+1","Shrug It Off","Iron Wave","Shame","Dropkick+1","Clash+1","Double Tap","Body Slam+1","Rage+1","Fiend Fire+1","Regret","Normality","Pain","Headbutt+1","Seeing Red+1","Clothesline+1","Cleave+1","Thunderclap+1","Dropkick+1","Clash+1","Headbutt+1","Spot Weakness+1","Flex"],"special_seed":0,"relics":["Burning Blood","Oddly Smooth Stone","Whetstone","Bottled Tornado","Frozen Egg 2","Bag of Preparation","Pear","Black Star","Gremlin Horn","Orichalcum","Thread and Needle","Molten Egg 2","Enchiridion","Dodecahedron","Happy Flower","StoneCalendar","Ancient Tea Set","Vajra","Calling Bell","Potion Belt","Mummified Hand","Prayer Wheel","Blue Candle","Red Mask","Bottled Lightning","WingedGreaves","Dream Catcher","MawBank","Red Skull"],"potions_floor_usage":[48],"damage_taken":[{"damage":4.0,"enemies":"2 Louse","floor":1.0,"turns":3.0},{"damage":0.0,"enemies":"Cultist","floor":2.0,"turns":4.0},{"damage":4.0,"enemies":"Small Slimes","floor":4.0,"turns":4.0},{"damage":34.0,"enemies":"Gremlin Nob","floor":6.0,"turns":5.0},{"damage":8.0,"enemies":"Blue Slaver","floor":7.0,"turns":4.0},{"damage":12.0,"enemies":"Lagavulin","floor":8.0,"turns":7.0},{"damage":30.0,"enemies":"3 Sentries","floor":12.0,"turns":9.0},{"damage":10.0,"enemies":"Exordium Wildlife","floor":13.0,"turns":3.0},{"damage":21.0,"enemies":"Lagavulin","floor":14.0,"turns":6.0},{"damage":41.0,"enemies":"Slime Boss","floor":16.0,"turns":11.0},{"damage":22.0,"enemies":"Spheric Guardian","floor":18.0,"turns":6.0},{"damage":19.0,"enemies":"Gremlin Leader","floor":23.0,"turns":7.0},{"damage":0.0,"enemies":"Book of Stabbing","floor":27.0,"turns":4.0},{"damage":0.0,"enemies":"Shell Parasite","floor":28.0,"turns":3.0},{"damage":14.0,"enemies":"Slavers","floor":29.0,"turns":3.0},{"damage":0.0,"enemies":"Snecko","floor":30.0,"turns":3.0},{"damage":20.0,"enemies":"3 Cultists","floor":31.0,"turns":5.0},{"damage":16.0,"enemies":"Automaton","floor":33.0,"turns":7.0},{"damage":12.0,"enemies":"3 Darklings","floor":35.0,"turns":4.0},{"damage":2.0,"enemies":"3 Shapes","floor":38.0,"turns":3.0},{"damage":36.0,"enemies":"Nemesis","floor":40.0,"turns":5.0},{"damage":27.0,"enemies":"Transient","floor":44.0,"turns":5.0},{"damage":27.0,"enemies":"Giant Head","floor":45.0,"turns":7.0},{"damage":16.0,"enemies":"4 Shapes","floor":46.0,"turns":2.0},{"damage":13,"enemies":"Reptomancer","floor":48,"turns":2}],"seed_played":"4381880715309515283","potions_obtained":[{"floor":1.0,"key":"Block Potion"},{"floor":2.0,"key":"Fire Potion"},{"floor":6.0,"key":"Poison Potion"},{"floor":7.0,"key":"Block Potion"},{"floor":18.0,"key":"Ancient Potion"},{"floor":30.0,"key":"Energy Potion"},{"floor":33.0,"key":"Regen Potion"},{"floor":35.0,"key":"Ancient Potion"},{"floor":44.0,"key":"PowerPotion"},{"floor":46.0,"key":"Dexterity Potion"}],"is_trial":false,"path_per_floor":["M","M","$","M","?","E","M","E","T","?","R","E","M","E","R","B",null,"M","$","?","?","?","E","R","?","T","E","M","E","M","M","R","B",null,"M","?","$","M","?","E","R","R","T","M","E","M","?","E"],"character_chosen":"IRONCLAD","items_purchased":["Oddly Smooth Stone","Inflame","Gremlin Horn","Shrug It Off","Iron Wave","BloodPotion","LiquidBronze","Blue Candle","Energy Potion","Clothesline+1"],"campfire_rested":3,"item_purchase_floors":[3,3,19,19,19,19,19,37,37,37],"current_hp_per_floor":[80,80,80,80,64,36,34,28,28,28,52,28,24,19,46,11,70,54,54,54,54,54,50,50,34,34,40,46,38,44,30,57,47,79,73,73,73,77,77,59,59,59,59,38,17,7,7,0],"gold":156,"neow_bonus":"HUNDRED_GOLD","is_prod":false,"is_daily":false,"chose_seed":false,"campfire_upgraded":3,"win_rate":0,"timestamp":1546656600,"path_taken":["M","M","$","M","?","E","M","E","T","?","R","E","M","E","R","BOSS","M","$","?","?","?","E","R","?","T","E","?","E","M","M","R","BOSS","M","?","$","M","?","E","R","R","T","M","E","M","?","E"],"build_version":"2019-01-03v4","purchased_purges":1,"victory":false,"max_hp_per_floor":[80,80,80,80,80,80,80,80,80,80,80,80,80,90,90,90,90,90,90,90,90,90,90,90,90,90,90,90,90,90,90,90,90,90,90,90,90,90,90,90,90,90,90,90,90,90,90,90],"card_choices":[{"not_picked":["Corruption","Body Slam"],"picked":"Shrug It Off","floor":1.0},{"not_picked":["Body Slam","Shrug It Off"],"picked":"Corruption","floor":1.0},{"not_picked":["Dual Wield","Anger"],"picked":"Flex","floor":2.0},{"not_picked":["Sword Boomerang","Armaments"],"picked":"Reckless Charge","floor":4.0},{"not_picked":["Havoc","Thunderclap"],"picked":"Impervious","floor":6.0},{"not_picked":["Perfected Strike","Thunderclap"],"picked":"Heavy Blade","floor":7.0},{"not_picked":["Armaments","Havoc"],"picked":"Bloodletting","floor":8.0},{"not_picked":["Blood for Blood","Cleave"],"picked":"Flame Barrier","floor":12.0},{"not_picked":["Flame Barrier","Blood for Blood"],"picked":"Cleave","floor":12.0},{"not_picked":["Burning Pact","Searing Blow"],"picked":"Shockwave","floor":13.0},{"not_picked":["Burning Pact","Shockwave"],"picked":"Searing Blow","floor":13.0},{"not_picked":["Pommel Strike","Shrug It Off"],"picked":"Clash","floor":14.0},{"not_picked":["Bludgeon","Double Tap"],"picked":"Dark Embrace+1","floor":16.0},{"not_picked":["Uppercut","Perfected Strike"],"picked":"Pommel Strike+1","floor":18.0},{"not_picked":["Rampage","Berserk+1"],"picked":"Dropkick","floor":23.0},{"not_picked":["Sword Boomerang+1","Warcry"],"picked":"Clash+1","floor":27.0},{"not_picked":["Pummel+1","Blood for Blood+1","Rampage+1"],"picked":"SKIP","floor":28.0},{"not_picked":["Battle Trance","Burning Pact"],"picked":"Double Tap","floor":29.0},{"not_picked":["Sword Boomerang+1","Clothesline+1"],"picked":"Body Slam+1","floor":30.0},{"not_picked":["Body Slam+1","Thunderclap+1"],"picked":"Rage+1","floor":31.0},{"not_picked":["Impervious","Bludgeon+1"],"picked":"Fiend Fire+1","floor":33.0},{"not_picked":["Evolve+1","True Grit+1"],"picked":"Headbutt+1","floor":35.0},{"not_picked":["Thunderclap+1","Flame Barrier"],"picked":"Seeing Red+1","floor":35.0},{"not_picked":["Spot Weakness","Clothesline+1"],"picked":"Cleave+1","floor":38.0},{"not_picked":["Wild Strike+1","Thunderclap+1","Pummel+1"],"picked":"SKIP","floor":38.0},{"not_picked":["Wild Strike+1","Pummel+1"],"picked":"Thunderclap+1","floor":38.0},{"not_picked":["Sword Boomerang+1","Dual Wield"],"picked":"Dropkick+1","floor":40.0},{"not_picked":["Pommel Strike+1","Wild Strike+1"],"picked":"Clash+1","floor":44.0},{"not_picked":["Body Slam+1","Shrug It Off"],"picked":"Headbutt+1","floor":44.0},{"not_picked":["Rampage+1","Sever Soul+1","Whirlwind+1"],"picked":"SKIP","floor":45.0},{"not_picked":["Twin Strike+1","Whirlwind+1"],"picked":"Spot Weakness+1","floor":46.0},{"not_picked":["Perfected Strike+1","Rampage+1","Warcry+1"],"picked":"SKIP","floor":46.0}],"player_experience":269201,"relics_obtained":[{"floor":6.0,"key":"Whetstone"},{"floor":8.0,"key":"Bottled Tornado"},{"floor":9.0,"key":"Frozen Egg 2"},{"floor":12.0,"key":"Bag of Preparation"},{"floor":14.0,"key":"Pear"},{"floor":23.0,"key":"Thread and Needle"},{"floor":23.0,"key":"Molten Egg 2"},{"floor":25.0,"key":"Enchiridion"},{"floor":26.0,"key":"Dodecahedron"},{"floor":27.0,"key":"Happy Flower"},{"floor":27.0,"key":"StoneCalendar"},{"floor":29.0,"key":"Ancient Tea Set"},{"floor":29.0,"key":"Vajra"},{"floor":34.0,"key":"Potion Belt"},{"floor":34.0,"key":"Mummified Hand"},{"floor":34.0,"key":"Prayer Wheel"},{"floor":40.0,"key":"Bottled Lightning"},{"floor":40.0,"key":"WingedGreaves"},{"floor":43.0,"key":"Dream Catcher"},{"floor":45.0,"key":"MawBank"},{"floor":45.0,"key":"Red Skull"}],"event_choices":[{"damage_healed":0.0,"max_hp_gain":0.0,"max_hp_loss":0.0,"gold_gain":0.0,"event_name":"Shining Light","player_choice":"Entered Light","floor":5.0,"gold_loss":0.0,"damage_taken":16.0,"cards_upgraded":["Defend_R","Shrug It Off"]},{"damage_healed":0.0,"max_hp_gain":0.0,"max_hp_loss":0.0,"gold_gain":275.0,"event_name":"Golden Shrine","player_choice":"Desecrate","floor":10.0,"gold_loss":0.0,"damage_taken":0.0,"cards_obtained":["Regret"]},{"damage_healed":0.0,"max_hp_gain":0.0,"max_hp_loss":0.0,"gold_gain":0.0,"event_name":"Back to Basics","player_choice":"Simplicity","floor":20.0,"gold_loss":0.0,"damage_taken":0.0,"cards_upgraded":["Strike_R","Strike_R","Strike_R","Strike_R","Defend_R","Defend_R","Defend_R"]},{"damage_healed":0.0,"max_hp_gain":0.0,"max_hp_loss":0.0,"gold_gain":0.0,"event_name":"Vampires","player_choice":"Ignored","floor":21.0,"gold_loss":0.0,"damage_taken":0.0},{"damage_healed":0.0,"max_hp_gain":0.0,"max_hp_loss":0.0,"gold_gain":0.0,"event_name":"Addict","player_choice":"Stole Relic","floor":22.0,"gold_loss":0.0,"damage_taken":0.0,"relics_obtained":["Orichalcum"],"cards_obtained":["Shame"]},{"damage_healed":0.0,"max_hp_gain":0.0,"max_hp_loss":0.0,"gold_gain":0.0,"event_name":"Cursed Tome","player_choice":"Obtained Book","floor":25.0,"gold_loss":0.0,"damage_taken":16.0},{"cards_removed":["Strike_R"],"damage_healed":0.0,"max_hp_gain":0.0,"max_hp_loss":0.0,"gold_gain":0.0,"event_name":"Falling","player_choice":"Removed Attack","floor":36.0,"gold_loss":0.0,"damage_taken":0.0},{"damage_healed":0.0,"max_hp_gain":0.0,"max_hp_loss":0.0,"gold_gain":0.0,"event_name":"Tomb of Lord Red Mask","player_choice":"Paid","floor":39.0,"gold_loss":22.0,"damage_taken":0.0,"relics_obtained":["Red Mask"]},{"damage_healed":0.0,"max_hp_gain":0.0,"max_hp_loss":0.0,"gold_gain":0.0,"event_name":"Duplicator","player_choice":"Copied","floor":47.0,"gold_loss":0.0,"damage_taken":0.0,"cards_obtained":["Flex"]}],"is_beta":false,"boss_relics":[{"not_picked":["Lizard Tail","Tiny House"],"picked":"Black Star"},{"not_picked":["Empty Cage","Runic Pyramid"],"picked":"Calling Bell"}],"items_purged_floors":[19],"is_endless":false,"potions_floor_spawned":[1,2,6,7,18,30,33,35,44,46],"killed_by":"Reptomancer","ascension_level":5}