{"gold_per_floor":[118,118,78,89,89,89,103,119,119,131,161,161,33,49,49,49],"floor_reached":16,"playtime":1002,"items_purged":["Strike_R"],"score":102,"play_id":"d3572a0b-b472-43be-9d87-7946d5ef5607","local_time":"20190128184428","is_ascension_mode":false,"campfire_choices":[{"floor":6.0,"key":"RECALL"},{"floor":15.0,"key":"REST"}],"neow_cost":"NONE","seed_source_timestamp":0,"circlet_count":0,"master_deck":["Strike_R","Strike_R","Strike_R","Strike_R","Defend_R","Defend_R","Defend_R","Defend_R","Bash","Armaments","Ghostly Armor","Disarm","Pommel Strike","Thunderclap","Headbutt","Heavy Blade","True Grit","Body Slam"],"special_seed":0,"relics":["Burning Blood","Strawberry","Peace Pipe","Bottled Flame","Ancient Tea Set"],"potions_floor_usage":[16,16,16],"damage_taken":[{"damage":5.0,"enemies":"Jaw Worm","floor":1.0,"turns":4.0},{"damage":4.0,"enemies":"Cultist","floor":4.0,"turns":4.0},{"damage":2.0,"enemies":"Small Slimes","floor":7.0,"turns":4.0},{"damage":5.0,"enemies":"Blue Slaver","floor":8.0,"turns":6.0},{"damage":31.0,"enemies":"Large Slime","floor":10.0,"turns":8.0},{"damage":30.0,"enemies":"3 Sentries","floor":11.0,"turns":12.0},{"damage":16.0,"enemies":"Exordium Wildlife","floor":14.0,"turns":8.0},{"damage":58,"enemies":"Hexaghost","floor":16,"turns":14}],"seed_played":"3557235068714046421","potions_obtained":[{"floor":1.0,"key":"Weak Potion"},{"floor":2.0,"key":"PowerPotion"},{"floor":2.0,"key":"Poison Potion"}],"is_trial":false,"path_per_floor":["M","?","$","M","T","R","M","M","T","M","E","?","$","M","R","B"],"character_chosen":"IRONCLAD","items_purchased":["Ghostly Armor","True Grit"],"campfire_rested":1,"item_purchase_floors":[3,13],"current_hp_per_floor":[87,87,87,87,87,87,87,87,87,62,38,38,38,28,54,0],"gold":49,"neow_bonus":"RANDOM_COMMON_RELIC","is_prod":false,"is_daily":false,"chose_seed":false,"campfire_upgraded":0,"win_rate":0,"timestamp":1548722668,"path_taken":["M","?","$","?","?","R","M","M","T","M","E","?","?","M","R","BOSS"],"build_version":"2019-01-23","purchased_purges":1,"victory":false,"max_hp_per_floor":[87,87,87,87,87,87,87,87,87,87,87,87,87,87,87,87],"card_choices":[{"not_picked":["Wild Strike","Searing Blow"],"picked":"Armaments","floor":1.0},{"not_picked":["Seeing Red","Havoc"],"picked":"Disarm","floor":4.0},{"not_picked":["Ghostly Armor","Burning Pact"],"picked":"Pommel Strike","floor":7.0},{"not_picked":["Warcry","Burning Pact"],"picked":"Thunderclap","floor":8.0},{"not_picked":["Clash","Sever Soul"],"picked":"Headbutt","floor":10.0},{"not_picked":["Warcry","Sword Boomerang"],"picked":"Heavy Blade","floor":11.0},{"not_picked":["Flex","Pummel"],"picked":"Body Slam","floor":14.0}],"player_experience":336352,"relics_obtained":[{"floor":5.0,"key":"Peace Pipe"},{"floor":9.0,"key":"Bottled Flame"},{"floor":11.0,"key":"Ancient Tea Set"}],"event_choices":[{"damage_healed":0.0,"max_hp_gain":0.0,"max_hp_loss":0.0,"gold_gain":0.0,"event_name":"Lab","player_choice":"Got Potions","floor":2.0,"gold_loss":0.0,"damage_taken":0.0},{"damage_healed":0.0,"max_hp_gain":0.0,"max_hp_loss":0.0,"gold_gain":0.0,"event_name":"Liars Game","player_choice":"Ignored","floor":12.0,"gold_loss":0.0,"damage_taken":0.0}],"is_beta":false,"boss_relics":[],"items_purged_floors":[13],"is_endless":false,"potions_floor_spawned":[1,7,11],"killed_by":"Hexaghost","ascension_level":0}