{"gold_per_floor":[117,128,7,21,21,46,75,87,99,130,142,170,182,205,217,327,339,369,381,155,170,187,187,200,225,248,248,268,368,368,380,380,380],"floor_reached":33,"playtime":2160,"items_purged":["Strike_B"],"score":271,"play_id":"043e5499-e27b-457a-8942-34f71f98999f","local_time":"20190129124517","is_ascension_mode":false,"campfire_choices":[{"data":"Leap","floor":8.0,"key":"SMITH"},{"data":"Reinforced Body","floor":13.0,"key":"SMITH"},{"data":"Zap","floor":15.0,"key":"SMITH"},{"data":"Barrage","floor":23,"key":"SMITH"},{"floor":27,"key":"REST"},{"data":"1","floor":30,"key":"LIFT"},{"floor":32,"key":"REST"}],"neow_cost":"NONE","seed_source_timestamp":0,"circlet_count":0,"master_deck":["Strike_B","Strike_B","Defend_B","Defend_B","Defend_B","Defend_B","Zap+1","Dualcast","Hologram","Recycle","Leap+1","Self Repair","Reinforced Body+1","Melter+1","Melter","Barrage+1","Conserve Battery","Buffer","Conserve Battery","Thunder Strike+1","The Bomb","FTL","Streamline","Sweeping Beam"],"special_seed":0,"relics":["FrozenCore","MawBank","Peace Pipe","Whetstone","Girya","Mummified Hand"],"potions_floor_usage":[25],"damage_taken":[{"damage":0.0,"enemies":"Small Slimes","floor":1.0,"turns":2.0},{"damage":0.0,"enemies":"Cultist","floor":2.0,"turns":3.0},{"damage":3.0,"enemies":"Jaw Worm","floor":4.0,"turns":4.0},{"damage":26.0,"enemies":"Lagavulin","floor":6.0,"turns":10.0},{"damage":21.0,"enemies":"Gremlin Gang","floor":7.0,"turns":10.0},{"damage":0.0,"enemies":"Looter","floor":10.0,"turns":4.0},{"damage":1.0,"enemies":"Exordium Wildlife","floor":12.0,"turns":2.0},{"damage":0.0,"enemies":"Large Slime","floor":14.0,"turns":7.0},{"damage":38.0,"enemies":"The Guardian","floor":16.0,"turns":15.0},{"damage":0.0,"enemies":"3 Byrds","floor":18.0,"turns":7.0},{"damage":3.0,"enemies":"Spheric Guardian","floor":21.0,"turns":4.0},{"damage":22.0,"enemies":"Chosen and Byrds","floor":22.0,"turns":10.0},{"damage":8,"enemies":"Cultist and Chosen","floor":24,"turns":8},{"damage":61,"enemies":"Slavers","floor":25,"turns":7},{"damage":4,"enemies":"Centurion and Healer","floor":28,"turns":6},{"damage":14,"enemies":"Colosseum Slavers","floor":29,"turns":3},{"damage":2,"enemies":"Colosseum Nobs","floor":29,"turns":3},{"damage":10,"enemies":"Shelled Parasite and Fungi","floor":31,"turns":3},{"damage":67,"enemies":"Champ","floor":33,"turns":17}],"seed_played":"8532432033830893795","potions_obtained":[{"floor":5.0,"key":"SmokeBomb"},{"floor":5.0,"key":"FearPotion"},{"floor":5.0,"key":"Regen Potion"},{"floor":7.0,"key":"Ancient Potion"},{"floor":10.0,"key":"Block Potion"},{"floor":21.0,"key":"GamblersBrew"},{"floor":25,"key":"Poison Potion"},{"floor":31,"key":"SteroidPotion"}],"is_trial":false,"path_per_floor":["M","M","$","M","?","E","M","R","T","M","$","M","R","M","R","B",null,"M","?","$","M","M","R","M","E","T","R","M","?","R","M","R","B"],"character_chosen":"DEFECT","items_purchased":["Leap","Self Repair","The Bomb"],"campfire_rested":2,"item_purchase_floors":[3,3,20],"current_hp_per_floor":[82,82,82,82,82,63,49,49,49,56,56,62,62,69,69,38,82,82,82,82,79,64,64,63,24,24,48,44,35,35,32,56,0],"gold":380,"neow_bonus":"TEN_PERCENT_HP_BONUS","is_prod":false,"is_daily":false,"chose_seed":false,"campfire_upgraded":4,"win_rate":0,"timestamp":1548737117,"path_taken":["M","M","$","M","?","E","M","R","T","M","?","M","R","M","R","BOSS","M","?","$","M","M","R","M","E","T","R","?","?","R","M","R","BOSS"],"build_version":"2019-01-23","purchased_purges":1,"victory":false,"max_hp_per_floor":[82,82,82,82,82,82,82,82,82,82,82,82,82,82,82,82,82,82,82,82,82,82,82,82,82,82,82,82,82,82,82,82,82],"card_choices":[{"not_picked":["Steam","Skim"],"picked":"Hologram","floor":1.0},{"not_picked":["Compile Driver","Barrage"],"picked":"Recycle","floor":2.0},{"not_picked":["White Noise","Tempest"],"picked":"Reinforced Body","floor":4.0},{"not_picked":["Genetic Algorithm","Rip and Tear","Double Energy"],"picked":"SKIP","floor":6.0},{"not_picked":["Hologram","White Noise"],"picked":"Melter","floor":7.0},{"not_picked":["Rip and Tear","Hologram"],"picked":"Melter","floor":10.0},{"not_picked":["Redo","Rainbow"],"picked":"Barrage","floor":12.0},{"not_picked":["Beam Cell","Barrage"],"picked":"Conserve Battery","floor":14.0},{"not_picked":["Creative AI","Fission"],"picked":"Buffer","floor":16.0},{"not_picked":["Force Field","Scrape"],"picked":"Conserve Battery","floor":18.0},{"not_picked":["Gash","Double Energy"],"picked":"FTL","floor":21.0},{"not_picked":["Beam Cell","Tempest","Hologram"],"picked":"SKIP","floor":22},{"not_picked":["Aggregate","Creative AI"],"picked":"Streamline","floor":24},{"not_picked":["Stack","Streamline","Creative AI"],"picked":"SKIP","floor":25},{"not_picked":["Heatsinks","Cold Snap"],"picked":"Sweeping Beam","floor":28},{"not_picked":["Steam","Redo","Consume"],"picked":"SKIP","floor":31}],"player_experience":611086,"relics_obtained":[{"floor":6.0,"key":"MawBank"},{"floor":25,"key":"Peace Pipe"},{"floor":26,"key":"Whetstone"},{"floor":29,"key":"Girya"},{"floor":29,"key":"Mummified Hand"}],"event_choices":[{"damage_healed":0.0,"max_hp_gain":0.0,"max_hp_loss":0.0,"gold_gain":0.0,"event_name":"Lab","player_choice":"Got Potions","floor":5.0,"gold_loss":0.0,"damage_taken":0.0},{"damage_healed":0.0,"max_hp_gain":0.0,"max_hp_loss":0.0,"gold_gain":0.0,"cards_transformed":["Strike_B"],"event_name":"Transmorgrifier","player_choice":"Transformed","floor":19.0,"gold_loss":0.0,"damage_taken":0.0,"cards_obtained":["Thunder Strike"]},{"damage_healed":0,"gold_gain":0,"player_choice":"Fight","damage_taken":0,"max_hp_gain":0,"max_hp_loss":0,"event_name":"Colosseum","floor":29,"gold_loss":0},{"damage_healed":0,"gold_gain":0,"player_choice":"Fought Nobs","damage_taken":0,"max_hp_gain":0,"max_hp_loss":0,"event_name":"Colosseum","floor":29,"gold_loss":0}],"is_beta":false,"boss_relics":[{"not_picked":["White Beast Statue","Empty Cage"],"picked":"FrozenCore"}],"items_purged_floors":[20],"is_endless":false,"potions_floor_spawned":[6,7,10,12,21,25,29,31],"killed_by":"Champ","ascension_level":0}