{"gold_per_floor":[362,362,380,104,104,148,98,98,98,98,98,98,98,122,122,248,248,267,267,204,220,235,235,160,160,160,184,200,200,224,238,238,364,364,389,413,428,428,136,136,136,136],"floor_reached":42,"playtime":1416,"items_purged":["Strike_R","Defend_R","Bash","Uppercut","Wild Strike+1"],"score":396,"play_id":"8c6bef09-2153-4e85-b0a9-384a61065c5a","local_time":"20190131002109","is_ascension_mode":false,"campfire_choices":[{"floor":8,"key":"REST"},{"data":"1","floor":11,"key":"LIFT"},{"data":"Corruption","floor":15,"key":"SMITH"},{"data":"2","floor":23,"key":"LIFT"},{"data":"Shockwave","floor":25,"key":"SMITH"},{"data":"Rampage","floor":32,"key":"SMITH"},{"floor":40,"key":"REST"}],"neow_cost":"PERCENT_DAMAGE","seed_source_timestamp":98648058126709,"circlet_count":0,"master_deck":["Rampage+1","Corruption+1","Shockwave+1","Twin Strike+1","Sword Boomerang+1","Shrug It Off","Writhe"],"relics":["Burning Blood","Membership Card","Golden Idol","Dead Branch","Girya","Question Card","Empty Cage","Molten Egg 2","Astrolabe","Peace Pipe"],"potions_floor_usage":[35,37,37,37,42,42],"damage_taken":[{"damage":2,"enemies":"2 Louse","floor":1,"turns":3},{"damage":3,"enemies":"Jaw Worm","floor":3,"turns":3},{"damage":37,"enemies":"3 Sentries","floor":6,"turns":11},{"damage":0,"enemies":"Small Slimes","floor":14,"turns":2},{"damage":50,"enemies":"Hexaghost","floor":16,"turns":8},{"damage":22,"enemies":"Spheric Guardian","floor":18,"turns":4},{"damage":5,"enemies":"2 Thieves","floor":21,"turns":3},{"damage":20,"enemies":"Chosen and Byrds","floor":22,"turns":6},{"damage":2,"enemies":"Shelled Parasite and Fungi","floor":27,"turns":3},{"damage":0,"enemies":"Centurion and Healer","floor":28,"turns":4},{"damage":11,"enemies":"Sentry and Sphere","floor":30,"turns":4},{"damage":0,"enemies":"3 Cultists","floor":31,"turns":3},{"damage":5,"enemies":"Collector","floor":33,"turns":6},{"damage":27,"enemies":"3 Shapes","floor":35,"turns":3},{"damage":20,"enemies":"Orb Walker","floor":36,"turns":3},{"damage":22,"enemies":"Spire Growth","floor":37,"turns":3}],"seed_played":"8802796186983550761","potions_obtained":[{"floor":3,"key":"SteroidPotion"},{"floor":14,"key":"Fire Potion"},{"floor":16,"key":"Dexterity Potion"},{"floor":28,"key":"Fire Potion"},{"floor":33,"key":"Fire Potion"},{"floor":36,"key":"PowerPotion"},{"floor":37,"key":"Strength Potion"}],"is_trial":false,"path_per_floor":["M","?","M","$","?","E","$","R","T","?","R","?","T","M","R","B",null,"M","?","$","M","M","R","$","R","T","M","M","?","M","M","R","B",null,"M","M","M","?","$","R","?","M"],"character_chosen":"IRONCLAD","items_purchased":["Membership Card","Rampage","Shrug It Off","Peace Pipe","SkillPotion"],"campfire_rested":2,"item_purchase_floors":[4,4,39,39,39],"current_hp_per_floor":[60,53,56,56,56,25,25,47,47,47,47,47,47,53,53,9,74,58,58,58,59,45,45,45,45,45,49,55,74,69,74,74,74,74,53,39,23,23,23,45,64,0],"gold":136,"neow_bonus":"TWO_FIFTY_GOLD","is_prod":false,"is_daily":false,"chose_seed":false,"campfire_upgraded":3,"win_rate":0,"timestamp":1548906669,"path_taken":["M","?","M","$","?","E","$","R","T","?","R","?","?","M","R","BOSS","M","?","$","M","M","R","?","R","T","M","M","?","?","M","R","BOSS","M","M","M","?","$","R","?","M"],"build_version":"2019-01-23","purchased_purges":5,"victory":false,"max_hp_per_floor":[80,80,80,80,74,74,74,74,74,74,74,74,74,74,74,74,74,74,74,74,74,74,74,74,74,74,74,74,74,74,74,74,74,74,74,74,74,74,74,74,74,74],"card_choices":[{"not_picked":["Pommel Strike","Iron Wave"],"picked":"Uppercut","floor":1},{"not_picked":["True Grit","Heavy Blade","Havoc"],"picked":"SKIP","floor":3},{"not_picked":["Power Through","Twin Strike","Shockwave"],"picked":"SKIP","floor":6},{"not_picked":["True Grit","Uppercut","Flex"],"picked":"Corruption","floor":14},{"not_picked":["Flex","Perfected Strike","Rage","Clothesline+1"],"picked":"SKIP","floor":18},{"not_picked":["Anger+1","Perfected Strike","Headbutt","Wild Strike+1"],"picked":"SKIP","floor":21},{"not_picked":["Entrench+1","Carnage","Evolve"],"picked":"Shockwave","floor":22},{"not_picked":["Warcry","Iron Wave+1","Sword Boomerang+1","Body Slam+1"],"picked":"SKIP","floor":27},{"not_picked":["Bloodletting","Headbutt+1","Havoc","Flex"],"picked":"SKIP","floor":28},{"not_picked":["Shockwave","Rage","Sword Boomerang+1","Whirlwind+1"],"picked":"SKIP","floor":30},{"not_picked":["Shrug It Off+1","Whirlwind+1","Infernal Blade","Bludgeon+1"],"picked":"SKIP","floor":31},{"not_picked":["Power Through","Spot Weakness+1","Rage","Warcry"],"picked":"SKIP","floor":35},{"not_picked":["Wild Strike+1","Perfected Strike+1","Power Through","Feel No Pain+1"],"picked":"SKIP","floor":36},{"not_picked":["Heavy Blade+1","Clash+1","Carnage+1","Pummel+1"],"picked":"SKIP","floor":37}],"player_experience":288997,"relics_obtained":[{"floor":6,"key":"Dead Branch"},{"floor":9,"key":"Girya"},{"floor":13,"key":"Question Card"},{"floor":26,"key":"Molten Egg 2"}],"event_choices":[{"cards_removed":["Strike_R"],"damage_healed":0,"gold_gain":0,"player_choice":"Card Removal","damage_taken":7,"max_hp_gain":0,"max_hp_loss":0,"event_name":"Golden Wing","floor":2,"gold_loss":0},{"damage_healed":0,"gold_gain":0,"player_choice":"Lose Max HP","damage_taken":0,"relics_obtained":["Golden Idol"],"max_hp_gain":0,"max_hp_loss":6,"event_name":"Golden Idol","floor":5,"gold_loss":0},{"damage_healed":0,"gold_gain":0,"player_choice":"Searched \u00270\u0027 times","damage_taken":0,"max_hp_gain":0,"max_hp_loss":0,"event_name":"Dead Adventurer","floor":10,"gold_loss":0},{"cards_removed":["Strike_R"],"damage_healed":0,"gold_gain":0,"player_choice":"Forget","damage_taken":0,"max_hp_gain":0,"max_hp_loss":0,"event_name":"Living Wall","floor":12,"gold_loss":0},{"damage_healed":0,"gold_gain":0,"player_choice":"Bought 0 Potions","damage_taken":0,"max_hp_gain":0,"max_hp_loss":0,"event_name":"The Woman in Blue","floor":19,"gold_loss":0},{"damage_healed":24,"gold_gain":0,"player_choice":"Heal","damage_taken":0,"max_hp_gain":0,"max_hp_loss":0,"event_name":"The Library","floor":29,"gold_loss":0},{"damage_healed":0,"gold_gain":0,"player_choice":"Ignored","damage_taken":0,"max_hp_gain":0,"max_hp_loss":0,"event_name":"Mysterious Sphere","floor":38,"gold_loss":0},{"damage_healed":19,"gold_gain":0,"player_choice":"Writhe","damage_taken":0,"max_hp_gain":0,"max_hp_loss":0,"event_name":"Winding Halls","floor":41,"gold_loss":0,"cards_obtained":["Writhe"]}],"is_beta":false,"boss_relics":[{"not_picked":["Busted Crown","White Beast Statue"],"picked":"Empty Cage"},{"not_picked":["Eternal Feather","Runic Dome"],"picked":"Astrolabe"}],"items_purged_floors":[4,7,20,24,39],"is_endless":false,"potions_floor_spawned":[3,14,16,21,27,28,30,33,36,37],"killed_by":"Sphere and 2 Shapes","ascension_level":0}