{"gold_per_floor":[114,129,30,30,49,75,89,116,141,153,118,136,163,181,181,277,277,288,248,260,271,281,281],"floor_reached":23,"playtime":988,"items_purged":[],"score":250,"play_id":"21b5d6fd-446d-45b5-8ca4-dd3f72b39ec6","local_time":"20181212232844","is_ascension_mode":true,"campfire_choices":[{"floor":15,"key":"REST"}],"neow_cost":"NONE","seed_source_timestamp":3055150614030658,"circlet_count":0,"master_deck":["Strike_R","Strike_R","Strike_R","Strike_R","Strike_R","Defend_R","Defend_R","Defend_R","Defend_R","Bash","Clash","Clothesline","Heavy Blade","Rage","Inflame","Flame Barrier","Flex","Cleave","Searing Blow","Pommel Strike","Juggernaut","Metallicize","Sword Boomerang","Spot Weakness","Inflame"],"relics":["Black Blood","Dodecahedron","Centennial Puzzle","Bag of Marbles","Potion Belt"],"potions_floor_usage":[4,7,8,8,16,16,20,21,21,22],"damage_taken":[{"damage":25,"enemies":"Cultist","floor":1,"turns":7},{"damage":0,"enemies":"Small Slimes","floor":2,"turns":3},{"damage":4,"enemies":"Jaw Worm","floor":5,"turns":2},{"damage":18,"enemies":"Gremlin Nob","floor":6,"turns":4},{"damage":5,"enemies":"Exordium Thugs","floor":7,"turns":5},{"damage":33,"enemies":"Lagavulin","floor":8,"turns":5},{"damage":0,"enemies":"3 Louse","floor":10,"turns":3},{"damage":3,"enemies":"Looter","floor":12,"turns":3},{"damage":16,"enemies":"Gremlin Nob","floor":13,"turns":3},{"damage":11,"enemies":"Exordium Thugs","floor":14,"turns":4},{"damage":47,"enemies":"Hexaghost","floor":16,"turns":8},{"damage":8,"enemies":"Chosen","floor":18,"turns":4},{"damage":8,"enemies":"2 Thieves","floor":20,"turns":4},{"damage":56,"enemies":"Cultist and Chosen","floor":21,"turns":7},{"damage":36,"enemies":"Snake Plant","floor":22,"turns":4},{"damage":26,"enemies":"Slavers","floor":23,"turns":4}],"seed_played":"3412824964963878131","potions_obtained":[{"floor":2,"key":"Explosive Potion"},{"floor":5,"key":"SteroidPotion"},{"floor":7,"key":"Explosive Potion"},{"floor":13,"key":"Explosive Potion"},{"floor":14,"key":"LiquidBronze"},{"floor":18,"key":"PowerPotion"},{"floor":19,"key":"Energy Potion"},{"floor":19,"key":"Ancient Potion"},{"floor":19,"key":"Strength Potion"}],"is_trial":false,"path_per_floor":["M","M","$","$","M","E","M","E","T","M","?","M","E","M","R","B",null,"M","?","M","M","M","E"],"character_chosen":"IRONCLAD","items_purchased":["Fruit Juice"],"campfire_rested":1,"item_purchase_floors":[3],"current_hp_per_floor":[69,75,75,80,82,70,71,44,44,50,73,76,66,61,88,47,93,93,93,93,47,21,0],"gold":281,"neow_bonus":"TEN_PERCENT_HP_BONUS","is_prod":false,"is_daily":false,"chose_seed":false,"campfire_upgraded":0,"win_rate":0,"timestamp":1544686124,"path_taken":["M","M","?","$","M","E","M","E","T","M","?","M","E","M","R","BOSS","M","?","M","?","M","E"],"build_version":"2018-12-06","purchased_purges":0,"victory":false,"max_hp_per_floor":[88,88,88,93,93,93,93,93,93,93,93,93,93,93,93,93,93,93,93,93,93,93,93],"card_choices":[{"not_picked":["Rupture","Headbutt"],"picked":"Clash","floor":1},{"not_picked":["Carnage","True Grit"],"picked":"Clothesline","floor":2},{"not_picked":["Cleave","Twin Strike"],"picked":"Heavy Blade","floor":5},{"not_picked":["Sword Boomerang","Exhume"],"picked":"Rage","floor":6},{"not_picked":["Heavy Blade","Iron Wave"],"picked":"Inflame","floor":7},{"not_picked":["Rupture","Armaments"],"picked":"Flame Barrier","floor":8},{"not_picked":["Infernal Blade","Rampage"],"picked":"Flex","floor":10},{"not_picked":["Wild Strike","Rampage"],"picked":"Cleave","floor":12},{"not_picked":["Perfected Strike","Warcry"],"picked":"Searing Blow","floor":13},{"not_picked":["Iron Wave","Sever Soul"],"picked":"Pommel Strike","floor":14},{"not_picked":["Immolate","Impervious"],"picked":"Juggernaut","floor":16},{"not_picked":["Cleave","Burning Pact+1"],"picked":"Metallicize","floor":18},{"not_picked":["True Grit","Warcry"],"picked":"Sword Boomerang","floor":20},{"not_picked":["Carnage","Searing Blow"],"picked":"Spot Weakness","floor":21},{"not_picked":["Iron Wave","Battle Trance+1"],"picked":"Inflame","floor":22}],"player_experience":187265,"relics_obtained":[{"floor":6,"key":"Dodecahedron"},{"floor":8,"key":"Centennial Puzzle"},{"floor":9,"key":"Bag of Marbles"},{"floor":13,"key":"Potion Belt"}],"event_choices":[{"damage_healed":23,"gold_gain":0,"player_choice":"Healed","damage_taken":0,"max_hp_gain":0,"max_hp_loss":0,"event_name":"The Cleric","floor":11,"gold_loss":35},{"damage_healed":0,"gold_gain":0,"player_choice":"Bought 3 Potions","damage_taken":0,"max_hp_gain":0,"max_hp_loss":0,"event_name":"The Woman in Blue","floor":19,"gold_loss":0}],"is_beta":false,"boss_relics":[{"not_picked":["Cursed Key","Busted Crown"],"picked":"Black Blood"}],"items_purged_floors":[],"is_endless":false,"potions_floor_spawned":[2,5,7,13,14,18],"killed_by":"Slavers","ascension_level":3}