{"gold_per_floor":[359,359,379,25,40,84,84,125,148,171,8,8,42,62,62,193,193,207,18,43,43,43,43,82,82,129,143,167,210,231,256,256,256],"floor_reached":33,"playtime":2191,"items_purged":["Strike_G"],"score":374,"play_id":"61404a43-e582-4570-b3f4-8a5181f679d5","local_time":"20190121230033","is_ascension_mode":true,"campfire_choices":[{"data":"Neutralize","floor":7.0,"key":"SMITH"},{"floor":12.0,"key":"REST"},{"data":"Terror","floor":15.0,"key":"SMITH"},{"data":"Footwork","floor":25.0,"key":"SMITH"},{"floor":32,"key":"REST"}],"neow_cost":"TEN_PERCENT_HP_LOSS","seed_source_timestamp":441236370639700,"circlet_count":0,"master_deck":["Defend_G","Defend_G","Defend_G","Defend_G","Defend_G","Strike_G","Strike_G","Strike_G","Strike_G","Survivor","Neutralize+1","Deadly Poison","Footwork+1","Bane","Backflip","Backflip","Master of Strategy","Malaise","Terror+1","Bullet Time","Acrobatics","Unload","All Out Attack","Backflip"],"special_seed":0,"relics":["Ring of the Snake","Golden Idol","Matryoshka","Happy Flower","Bag of Marbles","Regal Pillow","Ancient Tea Set","Tingsha","Busted Crown","Oddly Smooth Stone","Mummified Hand","Smiling Mask","Potion Belt","Red Mask"],"potions_floor_usage":[33,33,33,33],"damage_taken":[{"damage":4.0,"enemies":"2 Louse","floor":1.0,"turns":3.0},{"damage":1.0,"enemies":"Small Slimes","floor":3.0,"turns":5.0},{"damage":0.0,"enemies":"Jaw Worm","floor":5.0,"turns":5.0},{"damage":20.0,"enemies":"Lagavulin","floor":6.0,"turns":9.0},{"damage":13.0,"enemies":"Gremlin Nob","floor":8.0,"turns":5.0},{"damage":14.0,"enemies":"Exordium Wildlife","floor":10.0,"turns":6.0},{"damage":0.0,"enemies":"3 Sentries","floor":13.0,"turns":10.0},{"damage":7.0,"enemies":"3 Louse","floor":14.0,"turns":5.0},{"damage":20.0,"enemies":"The Guardian","floor":16.0,"turns":10.0},{"damage":3.0,"enemies":"Shell Parasite","floor":18.0,"turns":4.0},{"damage":11.0,"enemies":"2 Thieves","floor":20.0,"turns":4.0},{"damage":10.0,"enemies":"Gremlin Leader","floor":24.0,"turns":6.0},{"damage":7.0,"enemies":"Shelled Parasite and Fungi","floor":27.0,"turns":4.0},{"damage":2.0,"enemies":"Centurion and Healer","floor":28.0,"turns":4.0},{"damage":8,"enemies":"Masked Bandits","floor":29,"turns":4},{"damage":0,"enemies":"Snake Plant","floor":30,"turns":3},{"damage":0,"enemies":"Cultist and Chosen","floor":31,"turns":4},{"damage":60,"enemies":"Collector","floor":33,"turns":11}],"seed_played":"-7098854399255370895","potions_obtained":[{"floor":1.0,"key":"FearPotion"},{"floor":3.0,"key":"SteroidPotion"},{"floor":6.0,"key":"PowerPotion"},{"floor":13.0,"key":"SpeedPotion"},{"floor":28.0,"key":"SteroidPotion"},{"floor":30,"key":"FearPotion"}],"is_trial":false,"path_per_floor":["M","?","M","$","M","E","R","E","T","M","$","R","E","M","R","B",null,"M","$","M","?","T","$","E","R","T","M","M","?","M","M","R","B"],"character_chosen":"THE_SILENT","items_purchased":["Footwork","Matryoshka","Master of Strategy","Acrobatics","Unload"],"campfire_rested":2,"item_purchase_floors":[4,4,11,19,19],"current_hp_per_floor":[59,58,57,57,57,37,37,24,24,10,10,42,42,35,35,15,58,55,55,44,44,44,44,34,34,34,27,25,17,17,17,49,0],"gold":256,"neow_bonus":"TWO_FIFTY_GOLD","is_prod":false,"is_daily":false,"chose_seed":false,"campfire_upgraded":3,"win_rate":0,"timestamp":1548111633,"path_taken":["M","?","M","$","M","E","R","E","T","M","$","R","E","M","R","BOSS","M","$","M","?","?","?","E","R","T","M","M","?","?","M","R","BOSS"],"build_version":"2019-01-17v2","purchased_purges":1,"victory":false,"max_hp_per_floor":[63,58,58,58,58,58,58,58,58,58,58,58,58,58,58,58,58,58,58,58,58,58,58,58,58,58,58,58,58,58,58,58,58],"card_choices":[{"not_picked":["Caltrops","Riddle With Holes","Eviscerate"],"picked":"SKIP","floor":1.0},{"not_picked":["Flying Knee","Dagger Throw"],"picked":"Deadly Poison","floor":3.0},{"not_picked":["Bullet Time","Slice"],"picked":"Bane","floor":5.0},{"not_picked":["Slice","Riddle With Holes","Tactician"],"picked":"SKIP","floor":6.0},{"not_picked":["Caltrops","Outmaneuver"],"picked":"Backflip","floor":8.0},{"not_picked":["Prepared","Flying Knee"],"picked":"Backflip","floor":10.0},{"not_picked":["Venomology","Accuracy"],"picked":"Malaise","floor":13.0},{"not_picked":["Slice","Blur"],"picked":"Terror","floor":14.0},{"not_picked":["After Image","Night Terror"],"picked":"Bullet Time","floor":16.0},{"not_picked":["Quick Slash"],"picked":"SKIP","floor":18.0},{"not_picked":["Blade Dance"],"picked":"SKIP","floor":20.0},{"not_picked":["Slice"],"picked":"SKIP","floor":24.0},{"not_picked":["Slice"],"picked":"SKIP","floor":24.0},{"not_picked":["Quick Slash"],"picked":"SKIP","floor":27.0},{"not_picked":["Poisoned Stab"],"picked":"SKIP","floor":28.0},{"not_picked":[],"picked":"Backflip","floor":30},{"not_picked":["Bane"],"picked":"SKIP","floor":31}],"player_experience":147108,"relics_obtained":[{"floor":6.0,"key":"Happy Flower"},{"floor":8.0,"key":"Bag of Marbles"},{"floor":9.0,"key":"Regal Pillow"},{"floor":9.0,"key":"Ancient Tea Set"},{"floor":13.0,"key":"Tingsha"},{"floor":22.0,"key":"Oddly Smooth Stone"},{"floor":22.0,"key":"Mummified Hand"},{"floor":24.0,"key":"Smiling Mask"},{"floor":26.0,"key":"Potion Belt"},{"floor":29,"key":"Red Mask"}],"event_choices":[{"damage_healed":0.0,"max_hp_gain":0.0,"max_hp_loss":5.0,"gold_gain":0.0,"event_name":"Golden Idol","player_choice":"Lose Max HP","floor":2.0,"gold_loss":0.0,"damage_taken":0.0,"relics_obtained":["Golden Idol"]},{"damage_healed":0.0,"max_hp_gain":0.0,"max_hp_loss":0.0,"gold_gain":0.0,"event_name":"The Library","player_choice":"Read","floor":21.0,"gold_loss":0.0,"damage_taken":0.0,"cards_obtained":["All Out Attack"]},{"damage_healed":0,"gold_gain":0,"player_choice":"Fought Bandits","damage_taken":0,"max_hp_gain":0,"max_hp_loss":0,"event_name":"Masked Bandits","floor":29,"gold_loss":0}],"is_beta":false,"boss_relics":[{"not_picked":["White Beast Statue","Tiny House"],"picked":"Busted Crown"}],"items_purged_floors":[4],"is_endless":false,"potions_floor_spawned":[1,3,6,13,14,18,28,30],"killed_by":"Collector","ascension_level":4}