{"gold_per_floor":[111,111,123,123,48,75,91,91,91,91,105,105,134,150,150,250,250,261,278,30,30,40,40,66,66,137,137,150,196,121,121],"floor_reached":31,"playtime":1065,"items_purged":["Strike_B","Defend_B"],"score":327,"play_id":"ffef6d72-81fe-4644-9545-09aaf5acadff","local_time":"20190108213035","is_ascension_mode":true,"campfire_choices":[{"data":"Lockon","floor":8,"key":"SMITH"},{"data":"Buffer","floor":10,"key":"SMITH"},{"floor":12,"key":"REST"},{"data":"Streamline","floor":15,"key":"SMITH"},{"floor":23,"key":"REST"},{"floor":25,"key":"REST"},{"floor":27,"key":"REST"}],"neow_cost":"NONE","seed_source_timestamp":35934681248765,"circlet_count":0,"master_deck":["Strike_B+1","Strike_B+1","Strike_B+1","Defend_B+1","Defend_B","Zap","Dualcast","Capacitor","Lockon+1","Buffer+1","Redo","White Noise","Streamline+1","Beam Cell","Rainbow","Steam","Loop","Conserve Battery","Coolheaded","Stack+1"],"relics":["Cracked Core","Symbiotic Virus","Bottled Tornado","Whetstone","Nuclear Battery","Boot","Potion Belt","Ornamental Fan","Pen Nib"],"potions_floor_usage":[6,31],"damage_taken":[{"damage":0,"enemies":"2 Louse","floor":1,"turns":3},{"damage":6,"enemies":"Jaw Worm","floor":3,"turns":4},{"damage":10,"enemies":"Gremlin Nob","floor":6,"turns":3},{"damage":0,"enemies":"Small Slimes","floor":7,"turns":3},{"damage":0,"enemies":"Blue Slaver","floor":11,"turns":3},{"damage":0,"enemies":"Lagavulin","floor":13,"turns":4},{"damage":0,"enemies":"2 Fungi Beasts","floor":14,"turns":3},{"damage":25,"enemies":"The Guardian","floor":16,"turns":8},{"damage":0,"enemies":"Spheric Guardian","floor":18,"turns":4},{"damage":13,"enemies":"2 Thieves","floor":19,"turns":4},{"damage":36,"enemies":"Shelled Parasite and Fungi","floor":22,"turns":8},{"damage":19,"enemies":"Book of Stabbing","floor":24,"turns":3},{"damage":11,"enemies":"Snake Plant","floor":28,"turns":4},{"damage":53,"enemies":"Gremlin Leader","floor":31,"turns":7}],"seed_played":"-2787333209228016065","potions_obtained":[{"floor":1,"key":"Poison Potion"},{"floor":7,"key":"LiquidBronze"},{"floor":14,"key":"SpeedPotion"},{"floor":16,"key":"SmokeBomb"},{"floor":22,"key":"Block Potion"},{"floor":24,"key":"Strength Potion"}],"is_trial":false,"path_per_floor":["M","?","M","?","$","E","M","R","T","R","M","R","E","M","R","B",null,"M","M","$","?","M","R","E","R","T","R","M","T","?","E"],"character_chosen":"DEFECT","items_purchased":["Boot"],"campfire_rested":4,"item_purchase_floors":[20],"current_hp_per_floor":[82,87,81,64,64,54,54,54,54,54,54,80,80,80,80,55,87,87,74,74,57,21,48,29,56,56,83,72,72,72,19],"gold":121,"neow_bonus":"TEN_PERCENT_HP_BONUS","is_prod":false,"is_daily":false,"chose_seed":false,"campfire_upgraded":3,"win_rate":0,"timestamp":1546979435,"path_taken":["M","?","M","?","$","E","M","R","T","R","M","R","E","M","R","BOSS","M","M","$","?","M","R","E","R","T","R","M","?","?","E"],"build_version":"2019-01-03v4","purchased_purges":2,"victory":false,"max_hp_per_floor":[82,87,87,87,87,87,87,87,87,87,87,87,87,87,87,87,87,87,87,87,92,92,92,92,92,92,92,92,92,92,92],"card_choices":[{"not_picked":["Coolheaded","Reprogram"],"picked":"Capacitor","floor":1},{"not_picked":["Steam Power","Barrage"],"picked":"Lockon","floor":3},{"not_picked":["Chaos","Redo"],"picked":"Buffer","floor":6},{"not_picked":["Streamline","Chaos"],"picked":"Redo","floor":7},{"not_picked":["Steam","Rebound"],"picked":"White Noise","floor":11},{"not_picked":["Scrape","Barrage"],"picked":"Streamline","floor":13},{"not_picked":["Steam","Storm"],"picked":"Beam Cell","floor":14},{"not_picked":["Thunder Strike","Hyperbeam"],"picked":"Rainbow","floor":16},{"not_picked":["Rebound+1","Sweeping Beam"],"picked":"Steam","floor":18},{"not_picked":["Turbo","Steam Power+1"],"picked":"Loop","floor":19},{"not_picked":["Steam","Turbo"],"picked":"Conserve Battery","floor":22},{"not_picked":["Cold Snap","Chill"],"picked":"Coolheaded","floor":24},{"not_picked":["Redo","Blizzard+1"],"picked":"Stack+1","floor":28}],"player_experience":149874,"relics_obtained":[{"floor":6,"key":"Symbiotic Virus"},{"floor":9,"key":"Bottled Tornado"},{"floor":13,"key":"Whetstone"},{"floor":24,"key":"Potion Belt"},{"floor":26,"key":"Ornamental Fan"},{"floor":29,"key":"Pen Nib"}],"event_choices":[{"damage_healed":0,"gold_gain":0,"player_choice":"Donut","damage_taken":0,"max_hp_gain":5,"max_hp_loss":0,"event_name":"Big Fish","floor":2,"gold_loss":0},{"damage_healed":0,"gold_gain":0,"player_choice":"Entered Light","damage_taken":17,"max_hp_gain":0,"max_hp_loss":0,"event_name":"Shining Light","floor":4,"gold_loss":0,"cards_upgraded":["Defend_B","Strike_B"]},{"damage_healed":0,"gold_gain":0,"player_choice":"Shed Blood","damage_taken":22,"max_hp_gain":5,"max_hp_loss":0,"event_name":"Forgotten Altar","floor":21,"gold_loss":0},{"cards_removed":["Defend_B"],"damage_healed":0,"gold_gain":0,"player_choice":"Gave Gold","damage_taken":0,"max_hp_gain":0,"max_hp_loss":0,"event_name":"Beggar","floor":30,"gold_loss":75}],"is_beta":false,"boss_relics":[{"not_picked":["Orrery","Ectoplasm"],"picked":"Nuclear Battery"}],"items_purged_floors":[5,20],"is_endless":false,"potions_floor_spawned":[1,7,14,16,19,22,24],"killed_by":"Gremlin Leader","ascension_level":1}