{"gold_per_floor":[119,138,62,62,27,27,45,60,60,95,60,70,70,85,85,187,187,167,18,33,33,52,52],"floor_reached":23,"playtime":2294,"items_purged":[],"score":193,"play_id":"ecfb2332-5a71-434f-9c1a-fb81fbdb7c7e","local_time":"20190129022638","is_ascension_mode":false,"campfire_choices":[{"data":"Footwork","floor":6.0,"key":"SMITH"},{"floor":15.0,"key":"REST"}],"neow_cost":"NONE","seed_source_timestamp":99428929199303,"circlet_count":0,"master_deck":["Defend_G","Defend_G","Defend_G","Defend_G","Defend_G","Strike_G","Strike_G","Strike_G","Strike_G+1","Strike_G","Survivor","Neutralize","Terror+1","Footwork+1","Footwork+1","Cloak And Dagger","PiercingWail","Dash","Leg Sweep","Escape Plan","Burst","Backflip","Blind","Footwork","Dodge and Roll"],"special_seed":0,"relics":["Ring of the Serpent","The Specimen","Question Card"],"potions_floor_usage":[23],"damage_taken":[{"damage":2.0,"enemies":"Small Slimes","floor":1.0,"turns":4.0},{"damage":7.0,"enemies":"2 Louse","floor":2.0,"turns":3.0},{"damage":0.0,"enemies":"Cultist","floor":7.0,"turns":4.0},{"damage":0.0,"enemies":"Looter","floor":8.0,"turns":4.0},{"damage":49.0,"enemies":"Gremlin Nob","floor":10.0,"turns":7.0},{"damage":5.0,"enemies":"3 Louse","floor":12.0,"turns":3.0},{"damage":0.0,"enemies":"Blue Slaver","floor":14.0,"turns":4.0},{"damage":33.0,"enemies":"Slime Boss","floor":16.0,"turns":26.0},{"damage":9.0,"enemies":"2 Thieves","floor":18.0,"turns":4.0},{"damage":4.0,"enemies":"Spheric Guardian","floor":20.0,"turns":14.0},{"damage":0.0,"enemies":"Centurion and Healer","floor":22.0,"turns":18.0},{"damage":91,"enemies":"Gremlin Leader","floor":23,"turns":14}],"seed_played":"9221816468862075172","potions_obtained":[{"floor":2.0,"key":"PowerPotion"},{"floor":8.0,"key":"EssenceOfSteel"},{"floor":14.0,"key":"Weak Potion"},{"floor":18.0,"key":"Weak Potion"}],"is_trial":false,"path_per_floor":["M","M","$","?","$","R","M","M","T","E","?","M","?","M","R","B",null,"M","$","M","?","M","E"],"character_chosen":"THE_SILENT","items_purchased":["Footwork","Footwork","Backflip","Blind"],"campfire_rested":1,"item_purchase_floors":[3,5,19,19],"current_hp_per_floor":[75,68,68,53,53,53,53,53,53,4,23,18,18,18,41,8,77,68,68,64,64,64,0],"gold":52,"neow_bonus":"TEN_PERCENT_HP_BONUS","is_prod":false,"is_daily":false,"chose_seed":false,"campfire_upgraded":1,"win_rate":0,"timestamp":1548750398,"path_taken":["M","M","$","?","$","R","M","M","T","E","?","M","?","?","R","BOSS","M","$","M","?","M","E"],"build_version":"2019-01-23","purchased_purges":0,"victory":false,"max_hp_per_floor":[77,77,77,77,77,77,77,77,77,77,77,77,77,77,77,77,77,77,77,77,77,77,77],"card_choices":[{"not_picked":["Deflect","PiercingWail"],"picked":"Terror","floor":1.0},{"not_picked":["Terror","Bane","Prepared"],"picked":"SKIP","floor":2.0},{"not_picked":["Quick Slash","Calculated Gamble"],"picked":"Cloak And Dagger","floor":7.0},{"not_picked":["Finisher","Underhanded Strike"],"picked":"PiercingWail","floor":8.0},{"not_picked":["PiercingWail","Flying Knee"],"picked":"Dash","floor":10.0},{"not_picked":["Finisher","Dodge and Roll","Deadly Poison"],"picked":"Leg Sweep","floor":12.0},{"not_picked":["Dash","Concentrate","Heel Hook"],"picked":"Escape Plan","floor":14.0},{"not_picked":["Night Terror","Storm of Steel","Bullet Time"],"picked":"Burst","floor":16.0},{"not_picked":["Flying Knee+1","Riddle With Holes","Underhanded Strike","Slice"],"picked":"SKIP","floor":18.0},{"not_picked":["Dagger Spray+1","Outmaneuver+1","Tactician","PiercingWail+1"],"picked":"SKIP","floor":20.0},{"not_picked":["Underhanded Strike","Slice","Terror"],"picked":"Dodge and Roll","floor":22.0}],"player_experience":228701,"relics_obtained":[{"floor":9.0,"key":"The Specimen"},{"floor":10.0,"key":"Question Card"}],"event_choices":[{"damage_healed":0.0,"max_hp_gain":0.0,"max_hp_loss":0.0,"gold_gain":0.0,"event_name":"Shining Light","player_choice":"Entered Light","floor":4.0,"gold_loss":0.0,"damage_taken":15.0,"cards_upgraded":["Terror","Strike_G"]},{"damage_healed":19.0,"max_hp_gain":0.0,"max_hp_loss":0.0,"gold_gain":0.0,"event_name":"The Cleric","player_choice":"Healed","floor":11.0,"gold_loss":35.0,"damage_taken":0.0},{"damage_healed":0.0,"max_hp_gain":0.0,"max_hp_loss":0.0,"gold_gain":0.0,"event_name":"Upgrade Shrine","player_choice":"Upgraded","floor":13.0,"gold_loss":0.0,"damage_taken":0.0,"cards_upgraded":["Footwork"]},{"damage_healed":0.0,"max_hp_gain":0.0,"max_hp_loss":0.0,"gold_gain":0.0,"event_name":"The Library","player_choice":"Read","floor":21.0,"gold_loss":0.0,"damage_taken":0.0,"cards_obtained":["Footwork"]}],"is_beta":false,"boss_relics":[{"not_picked":["Runic Dome","Snecko Eye"],"picked":"Ring of the Serpent"}],"items_purged_floors":[],"is_endless":false,"potions_floor_spawned":[2,8,14,18],"killed_by":"Gremlin Leader","ascension_level":0}