{"gold_per_floor":[115,129,17,36,53,69,101,112,138,138,170,170,186,186,186,288,288,308,308,9,24,24,43,43,43,90,90,101,101,101,118,118,219,269,281,297,397,397,200,200,230,230,230,230,257,42,0,16,16,16,16,16,16,45,45],"floor_reached":55,"playtime":4027,"items_purged":["Strike_G","Writhe"],"score":655,"play_id":"ed7771f1-94a8-4dfd-88e4-e8ec0863a065","local_time":"20190107174900","is_ascension_mode":false,"campfire_choices":[{"data":"Phantasmal Killer","floor":10.0,"key":"SMITH"},{"data":"Leg Sweep","floor":12.0,"key":"SMITH"},{"floor":15.0,"key":"REST"},{"floor":24.0,"key":"REST"},{"floor":27.0,"key":"REST"},{"data":"Infinite Blades","floor":29.0,"key":"SMITH"},{"data":"Tools of the Trade","floor":32.0,"key":"SMITH"},{"data":"Caltrops","floor":40,"key":"SMITH"},{"data":"Cloak And Dagger","floor":42,"key":"SMITH"},{"floor":49,"key":"RECALL"},{"data":"Caltrops","floor":52,"key":"SMITH"}],"neow_cost":"NONE","seed_source_timestamp":0,"circlet_count":0,"master_deck":["Defend_G","Defend_G","Defend_G","Defend_G+1","Defend_G+1","Strike_G","Strike_G","Strike_G","Survivor","Neutralize","Cloak And Dagger+1","Prepared","Caltrops+1","Leg Sweep+1","Dash","Dodge and Roll+1","Phantasmal Killer+1","Poisoned Stab","Infinite Blades+1","Tools of the Trade+1","Dagger Throw+1","Escape Plan+1","Underhanded Strike","PiercingWail+1","Venomology","Backstab","Prepared","Flash of Steel","All Out Attack+1","Caltrops+1","Adrenaline","Escape Plan"],"special_seed":0,"relics":["Ring of the Snake","Potion Belt","War Paint","Pen Nib","Eternal Feather","Dead Branch","Bronze Scales","Tiny House","Tingsha","Juzu Bracelet","Bottled Tornado","MawBank","Red Mask","Pantograph"],"potions_floor_usage":[37,41,48,50,54,54,55],"damage_taken":[{"damage":1.0,"enemies":"Jaw Worm","floor":1.0,"turns":5.0},{"damage":0.0,"enemies":"Small Slimes","floor":2.0,"turns":4.0},{"damage":2.0,"enemies":"2 Louse","floor":4.0,"turns":2.0},{"damage":0.0,"enemies":"Blue Slaver","floor":5.0,"turns":5.0},{"damage":4.0,"enemies":"3 Louse","floor":6.0,"turns":3.0},{"damage":16.0,"enemies":"3 Sentries","floor":7.0,"turns":10.0},{"damage":5.0,"enemies":"Exordium Wildlife","floor":8.0,"turns":8.0},{"damage":12.0,"enemies":"Lagavulin","floor":11.0,"turns":9.0},{"damage":0.0,"enemies":"Looter","floor":13.0,"turns":4.0},{"damage":28.0,"enemies":"Slime Boss","floor":16.0,"turns":13.0},{"damage":20.0,"enemies":"3 Byrds","floor":18.0,"turns":5.0},{"damage":35.0,"enemies":"Colosseum Slavers","floor":19.0,"turns":6.0},{"damage":0.0,"enemies":"Chosen","floor":21.0,"turns":4.0},{"damage":14.0,"enemies":"Shelled Parasite and Fungi","floor":23.0,"turns":8.0},{"damage":10.0,"enemies":"Snake Plant","floor":28.0,"turns":4.0},{"damage":24.0,"enemies":"Sentry and Sphere","floor":31.0,"turns":5.0},{"damage":59.0,"enemies":"Collector","floor":33.0,"turns":15.0},{"damage":6.0,"enemies":"3 Shapes","floor":35.0,"turns":6.0},{"damage":10.0,"enemies":"Orb Walker","floor":36.0,"turns":5.0},{"damage":0,"enemies":"Mind Bloom Boss Battle","floor":37,"turns":8},{"damage":35,"enemies":"Reptomancer","floor":41,"turns":15},{"damage":1,"enemies":"Sphere and 2 Shapes","floor":48,"turns":5},{"damage":69,"enemies":"Donu and Deca","floor":50,"turns":11},{"damage":72,"enemies":"Shield and Spear","floor":54,"turns":8},{"damage":43,"enemies":"The Heart","floor":55,"turns":3}],"seed_played":"-3063646511083280139","potions_obtained":[{"floor":2.0,"key":"LiquidBronze"},{"floor":4.0,"key":"Block Potion"},{"floor":8.0,"key":"Poison Potion"},{"floor":11.0,"key":"Fire Potion"},{"floor":16.0,"key":"Strength Potion"},{"floor":18.0,"key":"Explosive Potion"},{"floor":31.0,"key":"Dexterity Potion"},{"floor":41,"key":"GhostInAJar"}],"is_trial":false,"path_per_floor":["M","M","$","M","M","M","E","M","T","R","E","R","M","?","R","B",null,"M","?","$","M","?","M","R","$","T","R","M","R","?","M","R","B",null,"M","M","?","?","$","R","E","R","T","?","T","$","?","M","R","B",null,"R","$","E","B"],"character_chosen":"THE_SILENT","items_purchased":["Caltrops","Dead Branch","Flash of Steel","Caltrops","Adrenaline"],"campfire_rested":3,"item_purchase_floors":[3,20,39,46,46],"current_hp_per_floor":[69,69,69,67,67,63,47,42,42,42,30,30,30,27,48,20,70,50,15,15,15,15,1,34,34,34,67,57,70,70,46,61,2,75,69,59,59,75,75,75,40,58,58,58,58,58,58,57,75,6,75,75,75,3,0],"gold":45,"neow_bonus":"THREE_CARDS","is_prod":false,"is_daily":false,"chose_seed":false,"campfire_upgraded":7,"win_rate":0,"timestamp":1546854540,"path_taken":["M","M","$","M","M","M","E","M","T","R","E","R","M","?","R","BOSS","M","?","$","M","?","M","R","$","T","R","?","R","?","M","R","BOSS","M","M","?","?","?","R","E","R","T","?","?","$","?","M","R","BOSS","R","$","E","BOSS"],"build_version":"2019-01-03v4","purchased_purges":2,"victory":false,"max_hp_per_floor":[70,70,70,70,70,70,70,70,70,70,70,70,70,70,70,70,70,70,70,70,70,70,70,70,70,70,70,70,70,70,70,70,70,75,75,75,75,75,75,75,75,75,75,75,75,75,75,75,75,75,75,75,75,75,75],"card_choices":[{"not_picked":["Slice","Tactician"],"picked":"Cloak And Dagger","floor":0.0},{"not_picked":["Deflect","Blur"],"picked":"Dagger Spray","floor":1.0},{"not_picked":["Cloak And Dagger","Flying Knee"],"picked":"Prepared","floor":2.0},{"not_picked":["Slice","Blade Dance"],"picked":"Leg Sweep","floor":4.0},{"not_picked":["Cloak And Dagger","Expertise"],"picked":"Dash","floor":5.0},{"not_picked":["Flechettes","Sucker Punch"],"picked":"Dodge and Roll","floor":6.0},{"not_picked":["Bane","Cloak And Dagger"],"picked":"Phantasmal Killer","floor":7.0},{"not_picked":["Outmaneuver","Riddle With Holes"],"picked":"Poisoned Stab","floor":8.0},{"not_picked":["Choke","Slice","Predator"],"picked":"SKIP","floor":11.0},{"not_picked":["Blade Dance","Accuracy"],"picked":"Infinite Blades","floor":13.0},{"not_picked":["A Thousand Cuts","Phantasmal Killer"],"picked":"Tools of the Trade","floor":16.0},{"not_picked":["Outmaneuver","Skewer","Cloak And Dagger"],"picked":"SKIP","floor":18.0},{"not_picked":["Deadly Poison","Bane"],"picked":"Dagger Throw+1","floor":21.0},{"not_picked":["Dagger Throw","Quick Slash"],"picked":"Escape Plan+1","floor":23.0},{"not_picked":["Distraction","Choke"],"picked":"Underhanded Strike","floor":28.0},{"not_picked":["Catalyst","Poisoned Stab"],"picked":"PiercingWail+1","floor":31.0},{"not_picked":["After Image","Glass Knife"],"picked":"Venomology","floor":33.0},{"not_picked":["Bane+1","Sucker Punch+1"],"picked":"Backstab","floor":35.0},{"not_picked":["Acrobatics+1","Flying Knee+1","Blade Dance"],"picked":"SKIP","floor":36},{"not_picked":["Dagger Throw","Acrobatics"],"picked":"Prepared","floor":37},{"not_picked":["Quick Slash","Choke"],"picked":"All Out Attack+1","floor":41},{"not_picked":["Poisoned Stab","Outmaneuver","Eviscerate+1"],"picked":"SKIP","floor":48},{"not_picked":["Quick Slash","Prepared+1"],"picked":"Escape Plan","floor":54}],"player_experience":586843,"relics_obtained":[{"floor":7.0,"key":"Potion Belt"},{"floor":11.0,"key":"War Paint"},{"floor":26.0,"key":"Bronze Scales"},{"floor":37,"key":"Tingsha"},{"floor":41,"key":"Juzu Bracelet"},{"floor":43,"key":"Bottled Tornado"},{"floor":45,"key":"MawBank"},{"floor":54,"key":"Pantograph"}],"event_choices":[{"damage_healed":0.0,"max_hp_gain":0.0,"max_hp_loss":0.0,"gold_gain":0.0,"event_name":"Scrap Ooze","player_choice":"Success","floor":14.0,"gold_loss":0.0,"damage_taken":3.0,"relics_obtained":["Pen Nib"]},{"damage_healed":0.0,"max_hp_gain":0.0,"max_hp_loss":0.0,"gold_gain":0.0,"event_name":"Colosseum","player_choice":"Fight","floor":19.0,"gold_loss":0.0,"damage_taken":0.0},{"damage_healed":0.0,"max_hp_gain":0.0,"max_hp_loss":0.0,"gold_gain":0.0,"event_name":"Colosseum","player_choice":"Fled From Nobs","floor":19.0,"gold_loss":0.0,"damage_taken":0.0},{"damage_healed":0.0,"max_hp_gain":0.0,"max_hp_loss":0.0,"gold_gain":0.0,"event_name":"Vampires","player_choice":"Ignored","floor":22.0,"gold_loss":0.0,"damage_taken":0.0},{"cards_removed":["Strike_G"],"damage_healed":0.0,"max_hp_gain":0.0,"max_hp_loss":0.0,"gold_gain":0.0,"event_name":"Back to Basics","player_choice":"Elegance","floor":30.0,"gold_loss":0.0,"damage_taken":0.0},{"damage_healed":0,"gold_gain":0,"player_choice":"Fight","damage_taken":0,"max_hp_gain":0,"max_hp_loss":0,"event_name":"MindBloom","floor":37,"gold_loss":0},{"damage_healed":19,"gold_gain":0,"player_choice":"Writhe","damage_taken":0,"max_hp_gain":0,"max_hp_loss":0,"event_name":"Winding Halls","floor":38,"gold_loss":0,"cards_obtained":["Writhe"]},{"cards_removed":["Dagger Spray"],"damage_healed":0,"gold_gain":0,"player_choice":"Removed Attack","damage_taken":0,"max_hp_gain":0,"max_hp_loss":0,"event_name":"Falling","floor":44,"gold_loss":0},{"damage_healed":0,"gold_gain":0,"player_choice":"Paid","damage_taken":0,"relics_obtained":["Red Mask"],"max_hp_gain":0,"max_hp_loss":0,"event_name":"Tomb of Lord Red Mask","floor":47,"gold_loss":42}],"is_beta":false,"boss_relics":[{"not_picked":["Coffee Dripper","Empty Cage"],"picked":"Eternal Feather"},{"not_picked":["Black Star","Velvet Choker"],"picked":"Tiny House"}],"items_purged_floors":[3,39],"is_endless":false,"potions_floor_spawned":[2,4,8,11,16,18,31,33,37,41],"killed_by":"The Heart","ascension_level":0}