{"gold_per_floor":[113,132,21,39,57,57,91,91,91,91,109,126,92,103,103,199,199,212,224,25,25,25],"floor_reached":22,"playtime":885,"items_purged":["Strike_G","Strike_G"],"score":216,"play_id":"7cc84a23-0ee5-4f32-aa88-050574d6e01b","local_time":"20180826020034","is_ascension_mode":true,"campfire_choices":[{"data":"Dash","floor":6,"key":"SMITH"},{"floor":8,"key":"REST"},{"floor":10,"key":"REST"},{"data":"Noxious Fumes","floor":15,"key":"SMITH"}],"neow_cost":"NONE","seed_source_timestamp":839977705375444,"circlet_count":0,"master_deck":["Defend_G","Defend_G","Defend_G","Defend_G","Defend_G","Strike_G","Strike_G","Strike_G","Survivor","Neutralize","Doppelganger","Bane","Backstab","Accuracy","Dash+1","Glass Knife","Poisoned Stab","Noxious Fumes+1","Blade Dance","Burst","Prepared","Footwork","Cloak And Dagger"],"relics":["Ring of the Snake","Pen Nib","Bag of Preparation","Eternal Feather"],"potions_floor_usage":[7,22],"damage_taken":[{"damage":1,"enemies":"Jaw Worm","floor":1,"turns":6},{"damage":3,"enemies":"Small Slimes","floor":2,"turns":4},{"damage":0,"enemies":"2 Louse","floor":4,"turns":2},{"damage":13,"enemies":"Exordium Thugs","floor":5,"turns":8},{"damage":48,"enemies":"Lagavulin","floor":7,"turns":12},{"damage":0,"enemies":"Exordium Wildlife","floor":11,"turns":4},{"damage":0,"enemies":"Looter","floor":12,"turns":1},{"damage":10,"enemies":"Gremlin Gang","floor":14,"turns":3},{"damage":18,"enemies":"Hexaghost","floor":16,"turns":8},{"damage":29,"enemies":"Shell Parasite","floor":18,"turns":7},{"damage":13,"enemies":"Spheric Guardian","floor":19,"turns":4},{"damage":28,"enemies":"Snake Plant","floor":22,"turns":3}],"seed_played":"-285305375010430673","potions_obtained":[{"floor":5,"key":"Regen Potion"},{"floor":7,"key":"Strength Potion"},{"floor":14,"key":"SkillPotion"},{"floor":16,"key":"FearPotion"}],"is_trial":false,"path_per_floor":["M","M","$","M","M","R","E","R","T","R","M","M","$","M","R","B",null,"M","M","$","?"],"character_chosen":"THE_SILENT","items_purchased":["Accuracy","Noxious Fumes","Footwork","Cloak And Dagger"],"campfire_rested":2,"item_purchase_floors":[3,13,20,20],"current_hp_per_floor":[69,66,66,66,53,53,20,41,41,62,62,62,62,52,52,34,70,41,28,28,28,0],"gold":25,"neow_bonus":"ONE_RANDOM_RARE_CARD","is_prod":false,"is_daily":false,"chose_seed":false,"campfire_upgraded":2,"win_rate":0,"timestamp":1535220034,"path_taken":["M","M","$","M","M","R","E","R","T","R","M","M","$","M","R","BOSS","M","M","$","?","M"],"build_version":"2018-08-23v2","purchased_purges":2,"victory":false,"max_hp_per_floor":[70,70,70,70,70,70,70,70,70,70,70,70,70,70,70,70,70,70,70,70,70,70],"card_choices":[{"not_picked":["Acrobatics","Slice"],"picked":"Bane","floor":1},{"not_picked":["Concentrate","PiercingWail"],"picked":"Backstab","floor":2},{"not_picked":["Predator","Prepared"],"picked":"Dash","floor":4},{"not_picked":["Sucker Punch","Outmaneuver","Heel Hook"],"picked":"SKIP","floor":5},{"not_picked":["Distraction","Acrobatics","Underhanded Strike"],"picked":"SKIP","floor":7},{"not_picked":["Well Laid Plans","Backflip"],"picked":"Glass Knife","floor":11},{"not_picked":["Flying Knee","Blur"],"picked":"Poisoned Stab","floor":12},{"not_picked":["Sucker Punch","Deflect"],"picked":"Blade Dance","floor":14},{"not_picked":["Grand Finale","A Thousand Cuts"],"picked":"Burst","floor":16},{"not_picked":["Poisoned Stab","Tactician","Bouncing Flask+1"],"picked":"SKIP","floor":18},{"not_picked":["Bane","Flying Knee"],"picked":"Prepared","floor":19}],"player_experience":287051,"relics_obtained":[{"floor":7,"key":"Pen Nib"},{"floor":9,"key":"Bag of Preparation"}],"event_choices":[],"is_beta":false,"boss_relics":[{"not_picked":["Sozu","Astrolabe"],"picked":"Eternal Feather"}],"items_purged_floors":[3,20],"is_endless":false,"potions_floor_spawned":[5,7,14,16],"killed_by":"Snake Plant","ascension_level":3}