{"gold_per_floor":[112,127,144,156,156,156,169,214,237,267,192,192,192,92,92,197,197,213,312,412,412,287,287,269,269,315,315,327,126,126,126,126,228,228,245,264,264,264,264],"floor_reached":39,"playtime":1632,"items_purged":["Strike_R","Strike_R","Strike_R+1","Defend_R"],"score":394,"play_id":"03893068-7983-4ad5-a1f4-194b14ca5dfe","local_time":"20180802215008","is_ascension_mode":true,"campfire_choices":[{"data":"Bash","floor":6,"key":"SMITH"},{"floor":12,"key":"REST"},{"data":"Flex","floor":15,"key":"SMITH"},{"data":"Barricade","floor":23,"key":"SMITH"},{"data":"Bloodletting","floor":25,"key":"SMITH"},{"data":"Rampage","floor":27,"key":"SMITH"},{"data":"Armaments","floor":30,"key":"SMITH"},{"floor":32,"key":"REST"}],"neow_cost":"NONE","seed_source_timestamp":299997874639624,"circlet_count":0,"master_deck":["Defend_R","Defend_R","Defend_R+1","Bash+1","Iron Wave+1","Cleave","Rampage+1","Blood for Blood","Spot Weakness+1","Reaper","Flex+1","Barricade+1","Bloodletting+1","Armaments+1","True Grit+1","Writhe"],"relics":["Burning Blood","Orichalcum","Whetstone","Bottled Flame","Busted Crown","War Paint","Eternal Feather"],"potions_floor_usage":[39],"damage_taken":[{"damage":5,"enemies":"Cultist","floor":1,"turns":4},{"damage":4,"enemies":"2 Louse","floor":2,"turns":2},{"damage":3,"enemies":"Jaw Worm","floor":3,"turns":3},{"damage":3,"enemies":"2 Fungi Beasts","floor":4,"turns":3},{"damage":11,"enemies":"Red Slaver","floor":7,"turns":5},{"damage":33,"enemies":"Lagavulin","floor":10,"turns":6},{"damage":41,"enemies":"Hexaghost","floor":16,"turns":8},{"damage":11,"enemies":"Spheric Guardian","floor":18,"turns":5},{"damage":18,"enemies":"2 Thieves","floor":24,"turns":4},{"damage":20,"enemies":"Cultist and Chosen","floor":28,"turns":6},{"damage":52,"enemies":"Collector","floor":33,"turns":12},{"damage":44,"enemies":"Orb Walker","floor":35,"turns":5},{"damage":35,"enemies":"3 Shapes","floor":36,"turns":7},{"damage":73,"enemies":"Maw","floor":39,"turns":9}],"seed_played":"-7158951946246296860","potions_obtained":[{"floor":1,"key":"AttackPotion"},{"floor":7,"key":"Ancient Potion"},{"floor":16,"key":"SteroidPotion"},{"floor":28,"key":"Swift Potion"}],"is_trial":false,"path_per_floor":["M","M","M","M","?","R","M","T","T","E","$","R","?","$","R","B",null,"M","?","?","?","$","R","M","R","T","R","M","$","R","$","R","B",null,"M","M","?","?"],"character_chosen":"IRONCLAD","items_purchased":["Armaments"],"campfire_rested":2,"item_purchase_floors":[29],"current_hp_per_floor":[80,80,80,80,80,80,75,75,75,48,48,72,72,72,72,53,80,75,75,75,75,75,75,71,71,71,71,66,66,66,66,80,34,80,43,26,46,46,0],"gold":264,"neow_bonus":"TRANSFORM_CARD","is_prod":false,"is_daily":false,"chose_seed":false,"campfire_upgraded":6,"win_rate":0,"timestamp":1533217808,"path_taken":["M","M","?","M","?","R","M","?","T","E","$","R","?","$","R","BOSS","M","?","?","?","$","R","M","R","T","R","M","$","R","$","R","BOSS","M","M","?","?","M"],"build_version":"2018-07-26","purchased_purges":4,"victory":false,"max_hp_per_floor":[80,80,80,80,80,80,80,80,80,80,80,80,80,80,80,80,80,80,80,80,80,80,80,80,80,80,80,80,80,80,80,80,80,80,80,80,80,80,80],"card_choices":[{"not_picked":["Fire Breathing","Hemokinesis"],"picked":"Cleave","floor":1},{"not_picked":["Clothesline","Heavy Blade"],"picked":"Rampage","floor":2},{"not_picked":["Twin Strike","Sever Soul","Cleave"],"picked":"SKIP","floor":3},{"not_picked":["Wild Strike","Infernal Blade"],"picked":"Blood for Blood","floor":4},{"not_picked":["Iron Wave","Infernal Blade"],"picked":"Spot Weakness","floor":7},{"not_picked":["Armaments","Sword Boomerang"],"picked":"Reaper","floor":10},{"not_picked":["Impervious","Immolate"],"picked":"Barricade","floor":16},{"not_picked":["Havoc"],"picked":"SKIP","floor":18},{"not_picked":[],"picked":"Bloodletting","floor":24},{"not_picked":["Anger+1"],"picked":"SKIP","floor":28},{"not_picked":[],"picked":"True Grit+1","floor":35},{"not_picked":["Sever Soul"],"picked":"SKIP","floor":36}],"player_experience":150490,"relics_obtained":[{"floor":8,"key":"Orichalcum"},{"floor":9,"key":"Whetstone"},{"floor":10,"key":"Bottled Flame"},{"floor":26,"key":"War Paint"}],"event_choices":[{"event_name":"Liars Game","player_choice":"disagreed","floor":5,"damage_taken":0},{"event_name":"Transmorgrifier","player_choice":"Transform","floor":13,"damage_taken":0},{"event_name":"Nest","player_choice":"Stole From Cult","floor":19,"damage_taken":0},{"event_name":"Golden Shrine","player_choice":"Pray","floor":20,"damage_taken":0},{"event_name":"Ghosts","player_choice":"Ignored","floor":21,"damage_taken":0},{"event_name":"Winding Halls","player_choice":"Writhe","floor":37,"damage_taken":0},{"event_name":"Accursed Blacksmith","player_choice":"Ignore","floor":38,"damage_taken":0}],"is_beta":false,"boss_relics":[{"not_picked":["Cursed Key","Calling Bell"],"picked":"Busted Crown"},{"not_picked":["Mark of Pain","Astrolabe"],"picked":"Eternal Feather"}],"items_purged_floors":[11,14,22,29],"is_endless":false,"potions_floor_spawned":[1,7,16,24,28,33],"killed_by":"Maw","ascension_level":1}