{"gold_per_floor":[115,115,139,139,149,149,159,159,159,37,37,37,37,37,37,137,137,118,134,157,168,182,182,10,109,109,109,209,241,16,28,28,128,178,193,212,22,0,0,0,19,37,90,102,122,133,40,53,53,53],"floor_reached":50,"playtime":4073,"items_purged":["Strike_G","Defend_G","Defend_G","Defend_G"],"score":477,"play_id":"e8a94c55-3798-405a-9fe8-3258dc4e3463","local_time":"20180724215253","is_ascension_mode":false,"campfire_choices":[{"floor":6,"key":"REST"},{"data":"Bullet Time","floor":8,"key":"SMITH"},{"data":"Backflip","floor":11,"key":"SMITH"},{"data":"Dagger Spray","floor":13,"key":"SMITH"},{"data":"Neutralize","floor":15,"key":"SMITH"},{"floor":23,"key":"REST"},{"data":"Finisher","floor":27,"key":"SMITH"},{"floor":32,"key":"REST"},{"data":"A Thousand Cuts","floor":40,"key":"SMITH"},{"floor":49,"key":"REST"}],"neow_cost":"NONE","seed_source_timestamp":85590699692740,"circlet_count":0,"master_deck":["Defend_G","Defend_G","Strike_G","Strike_G","Strike_G","Survivor","Neutralize+1","Bullet Time+1","Dagger Spray+1","Backflip+1","A Thousand Cuts+1","Masterful Stab","Backflip+1","Well Laid Plans","Finisher+1","Footwork","Flash of Steel+1","Terror","Adrenaline","Noxious Fumes+1","Blade Dance+1","Escape Plan","Writhe","Prepared","Finesse","Acrobatics+1"],"relics":["Ring of the Snake","Strawberry","Boot","Dream Catcher","Eternal Feather","Pen Nib","Question Card","Vajra","Tiny House","Red Mask","Regal Pillow"],"potions_floor_usage":[16,16,22,33,33,46,48,48,50,50],"damage_taken":[{"damage":0,"enemies":"Small Slimes","floor":1,"turns":4},{"damage":1,"enemies":"Jaw Worm","floor":5,"turns":3},{"damage":1,"enemies":"Cultist","floor":7,"turns":5},{"damage":31,"enemies":"The Guardian","floor":16,"turns":13},{"damage":2,"enemies":"2 Thieves","floor":18,"turns":4},{"damage":42,"enemies":"Spheric Guardian","floor":19,"turns":10},{"damage":14,"enemies":"Centurion and Healer","floor":21,"turns":6},{"damage":11,"enemies":"Snake Plant","floor":22,"turns":6},{"damage":59,"enemies":"Slavers","floor":29,"turns":8},{"damage":0,"enemies":"Chosen and Byrds","floor":31,"turns":6},{"damage":23,"enemies":"Collector","floor":33,"turns":9},{"damage":37,"enemies":"3 Shapes","floor":35,"turns":4},{"damage":7,"enemies":"Orb Walker","floor":36,"turns":4},{"damage":0,"enemies":"Flame Bruiser 2 Orb","floor":41,"turns":5},{"damage":26,"enemies":"3 Darklings","floor":42,"turns":3},{"damage":18,"enemies":"Sphere and 2 Shapes","floor":44,"turns":4},{"damage":18,"enemies":"Flame Bruiser 2 Orb","floor":45,"turns":7},{"damage":5,"enemies":"Transient","floor":46,"turns":5},{"damage":9,"enemies":"4 Shapes","floor":48,"turns":3},{"damage":77,"enemies":"Time Eater","floor":50,"turns":8}],"seed_played":"3937741858238123344","potions_obtained":[{"floor":5,"key":"FearPotion"},{"floor":7,"key":"AttackPotion"},{"floor":14,"key":"Poison Potion"},{"floor":14,"key":"Fruit Juice"},{"floor":19,"key":"Regen Potion"},{"floor":31,"key":"GhostInAJar"},{"floor":34,"key":"Weak Potion"},{"floor":42,"key":"Poison Potion"},{"floor":44,"key":"SteroidPotion"},{"floor":46,"key":"Fire Potion"},{"floor":48,"key":"SpeedPotion"}],"is_trial":false,"path_per_floor":["M","?","T","?","M","R","M","R","T","$","R","?","R","?","R","B",null,"M","M","T","M","M","R","$","?","T","R","?","E","$","M","R","B",null,"M","M","$","?","?","R","M","M","T","M","M","M","$","M","R"],"character_chosen":"THE_SILENT","items_purchased":["Backflip","Finisher","Flash of Steel","Escape Plan","Finesse"],"campfire_rested":4,"item_purchase_floors":[10,24,30,37,47],"current_hp_per_floor":[70,74,74,79,78,82,81,81,81,81,81,74,74,74,74,48,87,85,43,43,29,33,68,68,68,68,77,77,18,18,18,53,30,92,55,48,48,48,71,83,83,57,57,39,21,16,16,7,64,0],"gold":53,"neow_bonus":"ONE_RANDOM_RARE_CARD","is_prod":false,"is_daily":false,"chose_seed":false,"campfire_upgraded":6,"win_rate":0.0,"timestamp":1532440373,"path_taken":["M","?","?","?","M","R","M","R","T","$","R","?","R","?","R","BOSS","M","M","?","?","M","R","$","?","T","R","?","E","$","M","R","BOSS","M","M","$","?","?","R","M","M","T","?","M","M","$","M","R","BOSS"],"build_version":"2018-07-19v2","purchased_purges":4,"victory":false,"max_hp_per_floor":[70,77,77,82,82,82,82,82,82,82,82,82,82,82,82,87,87,87,87,87,87,87,87,87,87,87,87,87,87,87,87,87,87,92,92,92,92,92,92,92,92,92,92,92,92,92,92,92,92,92],"card_choices":[{"not_picked":["Quick Slash","Blur"],"picked":"Dagger Spray","floor":1},{"not_picked":["Poisoned Stab","Expertise","Dagger Throw"],"picked":"SKIP","floor":5},{"not_picked":["Deadly Poison","Dagger Throw","Riddle With Holes"],"picked":"SKIP","floor":7},{"not_picked":["Burst","Unload"],"picked":"A Thousand Cuts","floor":16},{"not_picked":["Endless Agony","Expertise"],"picked":"Masterful Stab","floor":18},{"not_picked":["Bouncing Flask","PiercingWail+1"],"picked":"Backflip+1","floor":19},{"not_picked":["Backflip+1","Noxious Fumes","Poisoned Stab"],"picked":"SKIP","floor":21},{"not_picked":["Predator","Underhanded Strike"],"picked":"Well Laid Plans","floor":22},{"not_picked":["Doppelganger","Underhanded Strike","Distraction"],"picked":"Footwork","floor":29},{"not_picked":["Dodge and Roll+1","Tactician","Deadly Poison","Caltrops+1"],"picked":"SKIP","floor":31},{"not_picked":["Dodge and Roll+1","Underhanded Strike","Bouncing Flask"],"picked":"Terror","floor":32},{"not_picked":["Burst","Tools of the Trade","Phantasmal Killer"],"picked":"Adrenaline","floor":33},{"not_picked":["Deflect+1","PiercingWail","Outmaneuver+1"],"picked":"Noxious Fumes+1","floor":34},{"not_picked":["Dagger Throw+1","Sucker Punch+1","Quick Slash"],"picked":"Blade Dance+1","floor":35},{"not_picked":["Outmaneuver","Crippling Poison","Riddle With Holes","Masterful Stab"],"picked":"SKIP","floor":36},{"not_picked":["Infinite Blades","Quick Slash+1","Dagger Spray","Deflect"],"picked":"SKIP","floor":41},{"not_picked":["Reflex","Finisher","Night Terror","Blade Dance+1"],"picked":"SKIP","floor":42},{"not_picked":["Deadly Poison+1","Acrobatics+1","Quick Slash"],"picked":"Prepared","floor":44},{"not_picked":["Slice","Acrobatics","PiercingWail+1","Deflect+1"],"picked":"SKIP","floor":45},{"not_picked":["Backflip","Quick Slash+1","Dagger Spray+1","Flechettes"],"picked":"SKIP","floor":46},{"not_picked":["Dagger Spray+1","Flying Knee","Reflex"],"picked":"Acrobatics+1","floor":48}],"player_experience":78293,"relics_obtained":[{"floor":3,"key":"Boot"},{"floor":9,"key":"Dream Catcher"},{"floor":20,"key":"Pen Nib"},{"floor":26,"key":"Question Card"},{"floor":29,"key":"Vajra"},{"floor":43,"key":"Regal Pillow"}],"event_choices":[{"event_name":"Scrap Ooze","player_choice":"success","floor":2,"damage_taken":3},{"event_name":"Big Fish","player_choice":"Donut","floor":4,"damage_taken":0},{"event_name":"Golden Wing","player_choice":"Card Removal","floor":12,"damage_taken":0},{"event_name":"The Lab","player_choice":"Got Potions","floor":14,"damage_taken":0},{"event_name":"Nest","player_choice":"Stole From Cult","floor":25,"damage_taken":0},{"event_name":"Golden Shrine","player_choice":"Pray","floor":28,"damage_taken":0},{"event_name":"Tomb of Lord Red Mask","player_choice":"Paid","floor":38,"damage_taken":0},{"event_name":"Winding Halls","player_choice":"Writhe","floor":39,"damage_taken":0}],"is_beta":false,"boss_relics":[{"not_picked":["Orrery","Runic Dome"],"picked":"Eternal Feather"},{"not_picked":["Runic Pyramid","Coffee Dripper"],"picked":"Tiny House"}],"items_purged_floors":[10,24,30,37],"is_endless":false,"potions_floor_spawned":[5,7,19,31,42,44,46,48],"killed_by":"Time Eater","ascension_level":0}