{"gold_per_floor":[117,117,117,135,60,85,85,100,100,25,35,0,34,49,49,147,147,157,157,171,183,194,194,194,38,38,38,38,49,64,81,81,184,184,194,47,61,61,71,71,19,30,30,30,45,64,64,82,82,82],"floor_reached":50,"playtime":2076,"items_purged":["Normality"],"score":735,"play_id":"2b97133b-62e6-4569-8f7e-c2f351090945","local_time":"20190110132318","is_ascension_mode":true,"campfire_choices":[{"data":"Perfected Strike","floor":7,"key":"SMITH"},{"data":"Perfected Strike","floor":15,"key":"SMITH"},{"data":"Perfected Strike","floor":23,"key":"SMITH"},{"data":"Perfected Strike","floor":28,"key":"SMITH"},{"floor":32,"key":"REST"},{"data":"Double Tap","floor":40,"key":"SMITH"},{"floor":49,"key":"REST"}],"neow_cost":"CURSE","seed_source_timestamp":66623281994519,"circlet_count":0,"master_deck":["AscendersBane","Strike_R+1","Strike_R","Strike_R","Strike_R","Defend_R","Defend_R","Defend_R+1","Bash","Pummel","Evolve","Pommel Strike","Warcry","Forethought","Perfected Strike+1","Rage","Battle Trance","Metallicize","Perfected Strike+1","Bludgeon","Perfected Strike+1","Perfected Strike+1","Perfected Strike+1","Double Tap+1","Shrug It Off","Decay","Madness","Madness","True Grit+1"],"relics":["Burning Blood","Paper Frog","Mummified Hand","Orichalcum","Cursed Key","Nilry\u0027s Codex","Vajra","Mercury Hourglass","Busted Crown","Bronze Scales","The Courier"],"potions_floor_usage":[13,22,31,33,50,50],"damage_taken":[{"damage":13,"enemies":"Small Slimes","floor":1,"turns":5},{"damage":0,"enemies":"Cultist","floor":4,"turns":3},{"damage":32,"enemies":"3 Sentries","floor":6,"turns":8},{"damage":4,"enemies":"Jaw Worm","floor":8,"turns":2},{"damage":2,"enemies":"3 Louse","floor":11,"turns":3},{"damage":15,"enemies":"Gremlin Nob","floor":13,"turns":3},{"damage":10,"enemies":"Lots of Slimes","floor":14,"turns":4},{"damage":25,"enemies":"Hexaghost","floor":16,"turns":9},{"damage":8,"enemies":"3 Byrds","floor":18,"turns":4},{"damage":6,"enemies":"Chosen","floor":20,"turns":3},{"damage":3,"enemies":"Centurion and Healer","floor":21,"turns":4},{"damage":12,"enemies":"Chosen and Byrds","floor":22,"turns":3},{"damage":0,"enemies":"Snecko","floor":29,"turns":2},{"damage":0,"enemies":"Centurion and Healer","floor":30,"turns":3},{"damage":24,"enemies":"Shelled Parasite and Fungi","floor":31,"turns":4},{"damage":63,"enemies":"Automaton","floor":33,"turns":7},{"damage":5,"enemies":"Orb Walker","floor":35,"turns":2},{"damage":3,"enemies":"3 Shapes","floor":37,"turns":3},{"damage":9,"enemies":"3 Darklings","floor":39,"turns":4},{"damage":9,"enemies":"Sphere and 2 Shapes","floor":42,"turns":7},{"damage":7,"enemies":"Jaw Worm Horde","floor":45,"turns":3},{"damage":0,"enemies":"Transient","floor":46,"turns":5},{"damage":16,"enemies":"Maw","floor":48,"turns":5},{"damage":82,"enemies":"Time Eater","floor":50,"turns":6}],"seed_played":"3062328295248725998","potions_obtained":[{"floor":4,"key":"Swift Potion"},{"floor":8,"key":"BloodPotion"},{"floor":13,"key":"GamblersBrew"},{"floor":16,"key":"Weak Potion"},{"floor":20,"key":"Ancient Potion"},{"floor":29,"key":"EssenceOfSteel"},{"floor":31,"key":"Strength Potion"},{"floor":33,"key":"GamblersBrew"},{"floor":35,"key":"Dexterity Potion"},{"floor":45,"key":"SteroidPotion"}],"is_trial":false,"path_per_floor":["M","?","?","M","$","E","R","M","T","$","M","?","E","M","R","B",null,"M","?","M","M","M","R","?","$","T","$","R","M","M","M","R","B",null,"M","$","M","?","M","R","$","M","T","?","M","M","?","M","R","B"],"character_chosen":"IRONCLAD","items_purchased":["Metallicize","Vajra","Bronze Scales","Shrug It Off"],"campfire_rested":2,"item_purchase_floors":[10,25,36,41],"current_hp_per_floor":[65,49,49,55,55,29,29,31,31,31,35,55,46,42,42,23,66,64,64,64,67,69,69,53,53,53,53,53,59,65,47,71,14,64,65,65,68,68,65,65,65,62,62,62,61,67,57,47,71,0],"gold":82,"neow_bonus":"TRANSFORM_TWO_CARDS","is_prod":false,"is_daily":false,"chose_seed":false,"campfire_upgraded":5,"win_rate":0,"timestamp":1547122998,"path_taken":["M","?","?","?","$","E","R","M","T","$","M","?","E","M","R","BOSS","M","?","?","M","M","R","?","$","T","?","R","M","?","M","R","BOSS","M","$","M","?","M","R","$","M","T","?","?","M","?","M","R","BOSS"],"build_version":"2019-01-03v4","purchased_purges":1,"victory":false,"max_hp_per_floor":[80,80,80,80,80,80,80,80,80,80,80,80,80,80,80,80,80,80,80,80,80,80,80,80,80,80,80,80,80,80,80,80,80,80,80,80,80,80,80,80,80,80,80,80,80,80,80,80,80,80],"card_choices":[{"not_picked":["Searing Blow","Anger"],"picked":"Pommel Strike","floor":1},{"not_picked":["Anger","Pommel Strike"],"picked":"Perfected Strike","floor":4},{"not_picked":["Dual Wield","Feel No Pain"],"picked":"Rage","floor":6},{"not_picked":["Cleave","Havoc"],"picked":"Battle Trance","floor":8},{"not_picked":["Burning Pact","Headbutt","Sword Boomerang"],"picked":"SKIP","floor":11},{"not_picked":["Evolve","Heavy Blade"],"picked":"Perfected Strike","floor":13},{"not_picked":["Hemokinesis","Body Slam","Sever Soul"],"picked":"SKIP","floor":14},{"not_picked":["Barricade","Berserk"],"picked":"Bludgeon","floor":16},{"not_picked":["Heavy Blade","Cleave"],"picked":"Perfected Strike","floor":18},{"not_picked":["Warcry","Clash"],"picked":"Perfected Strike","floor":20},{"not_picked":["Rage","Dropkick","Headbutt+1"],"picked":"SKIP","floor":21},{"not_picked":["Anger","Clothesline"],"picked":"Perfected Strike+1","floor":22},{"not_picked":["Thunderclap","Sword Boomerang","Body Slam+1"],"picked":"SKIP","floor":29},{"not_picked":["Burning Pact+1","Sword Boomerang","Warcry"],"picked":"SKIP","floor":30},{"not_picked":["Twin Strike","Rampage","Rage"],"picked":"SKIP","floor":31},{"not_picked":["Dark Embrace","Juggernaut"],"picked":"Double Tap","floor":33},{"not_picked":["Headbutt+1"],"picked":"SKIP","floor":35},{"not_picked":[],"picked":"Shrug It Off","floor":37},{"not_picked":["Thunderclap+1"],"picked":"SKIP","floor":39},{"not_picked":["Flex"],"picked":"SKIP","floor":42},{"not_picked":["Whirlwind"],"picked":"SKIP","floor":45},{"not_picked":["Headbutt"],"picked":"SKIP","floor":46},{"not_picked":[],"picked":"True Grit+1","floor":48}],"player_experience":264516,"relics_obtained":[{"floor":6,"key":"Paper Frog"},{"floor":9,"key":"Mummified Hand"},{"floor":13,"key":"Orichalcum"},{"floor":24,"key":"Nilry\u0027s Codex"},{"floor":26,"key":"Mercury Hourglass"},{"floor":43,"key":"The Courier"}],"event_choices":[{"damage_healed":0,"gold_gain":0,"player_choice":"Entered Light","damage_taken":16,"max_hp_gain":0,"max_hp_loss":0,"event_name":"Shining Light","floor":2,"gold_loss":0,"cards_upgraded":["Defend_R","Strike_R"]},{"damage_healed":0,"gold_gain":0,"player_choice":"2 cards matched","damage_taken":0,"max_hp_gain":0,"max_hp_loss":0,"event_name":"Match and Keep!","floor":3,"gold_loss":0,"cards_obtained":["Warcry","Forethought"]},{"damage_healed":20,"gold_gain":0,"player_choice":"Healed","damage_taken":0,"max_hp_gain":0,"max_hp_loss":0,"event_name":"The Cleric","floor":12,"gold_loss":35},{"damage_healed":0,"gold_gain":0,"player_choice":"Bought 0 Potions","damage_taken":0,"max_hp_gain":0,"max_hp_loss":0,"event_name":"The Woman in Blue","floor":19,"gold_loss":0},{"damage_healed":0,"gold_gain":0,"player_choice":"Obtained Book","damage_taken":16,"max_hp_gain":0,"max_hp_loss":0,"event_name":"Cursed Tome","floor":24,"gold_loss":0},{"cards_removed":["Shrug It Off"],"damage_healed":0,"gold_gain":0,"player_choice":"Removed Skill","damage_taken":0,"max_hp_gain":0,"max_hp_loss":0,"event_name":"Falling","floor":38,"gold_loss":0},{"cards_removed":["Decay"],"damage_healed":0,"gold_gain":0,"player_choice":"Purged","damage_taken":0,"max_hp_gain":0,"max_hp_loss":0,"event_name":"Purifier","floor":44,"gold_loss":0},{"damage_healed":0,"gold_gain":0,"player_choice":"Embrace Madness","damage_taken":10,"max_hp_gain":0,"max_hp_loss":0,"event_name":"Winding Halls","floor":47,"gold_loss":0,"cards_obtained":["Madness","Madness"]}],"is_beta":false,"boss_relics":[{"not_picked":["Black Blood","Velvet Choker"],"picked":"Cursed Key"},{"not_picked":["Eternal Feather","Calling Bell"],"picked":"Busted Crown"}],"items_purged_floors":[5],"is_endless":false,"potions_floor_spawned":[4,8,13,16,20,21,29,31,33,35,42,45],"killed_by":"Time Eater","ascension_level":11}