{"gold_per_floor":[118,118,136,154,166,166,182,78,103,103,155,54,65,20,20,115,115,133,133,150,24,43,43,69,69,96,96,110,124,124,143,143,239,239,254,254,8,8,8,8,20,20],"floor_reached":42,"playtime":5296,"items_purged":[],"score":583,"play_id":"4d28bc7b-ad75-4b91-ad84-d1aee7665337","local_time":"20180716011615","is_ascension_mode":false,"campfire_choices":[{"floor":6,"key":"REST"},{"floor":10,"key":"REST"},{"floor":15,"key":"REST"},{"data":"Armaments","floor":23,"key":"SMITH"},{"floor":27,"key":"REST"},{"floor":30,"key":"REST"},{"data":"Rampage","floor":32,"key":"SMITH"},{"floor":40,"key":"REST"}],"neow_cost":"NONE","seed_source_timestamp":367470463803863,"circlet_count":0,"master_deck":["Strike_R","Strike_R","Strike_R","Defend_R","Defend_R","Defend_R","Bash","Metallicize","Armaments+1","Shrug It Off","Uppercut","Headbutt","Cleave","Shrug It Off+1","Rampage+1","Flash of Steel","Shrug It Off","Cleave","Impervious+1","Body Slam","Iron Wave","Clothesline","Perfected Strike+1","Pommel Strike","Whirlwind","Pommel Strike","Perfected Strike+1","Barricade","Hemokinesis+1","Pommel Strike+1","Anger+1","Thunderclap+1","Clash","Secret Weapon","Dark Shackles","Feel No Pain+1","Armaments"],"relics":["Burning Blood","Juzu Bracelet","Sozu","Bronze Scales","War Paint","Astrolabe","Unceasing Top"],"potions_floor_usage":[33,33,33],"damage_taken":[{"damage":2,"enemies":"Small Slimes","floor":1,"turns":5},{"damage":1,"enemies":"Cultist","floor":3,"turns":4},{"damage":0,"enemies":"2 Louse","floor":4,"turns":4},{"damage":58,"enemies":"Gremlin Gang","floor":5,"turns":10},{"damage":7,"enemies":"Looter","floor":7,"turns":4},{"damage":7,"enemies":"Blue Slaver","floor":13,"turns":4},{"damage":29,"enemies":"Slime Boss","floor":16,"turns":14},{"damage":8,"enemies":"3 Byrds","floor":18,"turns":6},{"damage":8,"enemies":"Chosen","floor":20,"turns":5},{"damage":0,"enemies":"Snake Plant","floor":22,"turns":6},{"damage":48,"enemies":"Book of Stabbing","floor":24,"turns":8},{"damage":10,"enemies":"Sentry and Sphere","floor":28,"turns":7},{"damage":0,"enemies":"Snecko","floor":29,"turns":5},{"damage":0,"enemies":"Snake Plant","floor":31,"turns":2},{"damage":68,"enemies":"Champ","floor":33,"turns":11},{"damage":7,"enemies":"3 Shapes","floor":35,"turns":4},{"damage":43,"floor":39,"turns":9},{"damage":31,"enemies":"3 Darklings","floor":41,"turns":6},{"damage":53,"enemies":"Transient","floor":42,"turns":5}],"seed_played":"3910882682685537586","potions_obtained":[{"floor":4,"key":"FearPotion"},{"floor":13,"key":"EssenceOfSteel"},{"floor":16,"key":"Dexterity Potion"}],"is_trial":false,"path_per_floor":["M","?","M","M","M","R","M","$","T","R","?","$","M","$","R","B",null,"M","?","M","$","M","R","E","?","T","R","M","M","R","M","R","B",null,"M","?","$","?","?","R","M"],"character_chosen":"IRONCLAD","items_purchased":["Shrug It Off","Rampage","Flash of Steel","Cleave","Clothesline","Searing Blow","Clash","Secret Weapon"],"campfire_rested":6,"item_purchase_floors":[8,8,12,14,21,21,37,37],"current_hp_per_floor":[80,80,80,80,28,52,51,51,51,75,75,75,74,74,80,57,80,78,78,76,76,80,80,38,38,38,62,58,64,80,80,80,18,80,79,79,79,79,42,66,41,0],"gold":20,"neow_bonus":"TRANSFORM_CARD","is_prod":false,"is_daily":false,"chose_seed":false,"campfire_upgraded":2,"win_rate":0.0,"timestamp":1531696575,"path_taken":["M","?","?","M","M","R","M","$","T","R","?","?","M","$","R","BOSS","M","?","M","$","M","R","E","?","T","R","M","M","R","M","R","BOSS","M","?","$","?","?","R","M","M"],"build_version":"2018-07-12","purchased_purges":0,"victory":false,"max_hp_per_floor":[80,80,80,80,80,80,80,80,80,80,80,80,80,80,80,80,80,80,80,80,80,80,80,80,80,80,80,80,80,80,80,80,80,80,80,80,80,80,80,80,80,80],"card_choices":[{"not_picked":["Searing Blow","Feel No Pain"],"picked":"Armaments","floor":1},{"not_picked":["Power Through","Rage"],"picked":"Shrug It Off","floor":3},{"not_picked":["Iron Wave","Headbutt"],"picked":"Uppercut","floor":4},{"not_picked":["Iron Wave","Fire Breathing"],"picked":"Headbutt","floor":5},{"not_picked":["Intimidate","Pommel Strike"],"picked":"Cleave","floor":7},{"not_picked":["Berserk","Body Slam"],"picked":"Shrug It Off","floor":13},{"not_picked":["Brutality","Juggernaut"],"picked":"Impervious","floor":16},{"not_picked":["Anger","Burning Pact"],"picked":"Body Slam","floor":18},{"not_picked":["Twin Strike","Battle Trance"],"picked":"Iron Wave","floor":20},{"not_picked":["Anger","Body Slam"],"picked":"Perfected Strike+1","floor":22},{"not_picked":["Anger","Flex"],"picked":"Pommel Strike","floor":24},{"not_picked":["Body Slam","Pommel Strike"],"picked":"Whirlwind","floor":28},{"not_picked":["Combust","Entrench"],"picked":"Pommel Strike","floor":29},{"not_picked":["Searing Blow+1","Hemokinesis"],"picked":"Perfected Strike+1","floor":31},{"not_picked":["Impervious","Reaper"],"picked":"Barricade","floor":33},{"not_picked":["Corruption+1","Hemokinesis+1"],"picked":"Thunderclap+1","floor":35},{"not_picked":["Secret Weapon","Transmutation"],"picked":"Dark Shackles","floor":38},{"not_picked":["Iron Wave+1","Body Slam+1"],"picked":"Feel No Pain+1","floor":39},{"not_picked":["Burning Pact+1","Iron Wave"],"picked":"Armaments","floor":41}],"player_experience":3091,"relics_obtained":[{"floor":9,"key":"Juzu Bracelet"},{"floor":24,"key":"Bronze Scales"},{"floor":26,"key":"War Paint"},{"floor":39,"key":"Unceasing Top"}],"event_choices":[{"event_name":"FaceTrader","player_choice":"Leave","floor":2,"damage_taken":0},{"event_name":"Golden Wing","player_choice":"Gained Gold","floor":11,"damage_taken":0},{"event_name":"N\u0027loth","player_choice":"Ignored","floor":19,"damage_taken":0},{"event_name":"The Lab","player_choice":"Got Potions","floor":25,"damage_taken":0},{"event_name":"Tomb of Lord Red Mask","player_choice":"Ignored","floor":36,"damage_taken":0},{"event_name":"SensoryStone","player_choice":"Memory 1","floor":38,"damage_taken":0},{"event_name":"MindBloom","player_choice":"Fight","floor":39,"damage_taken":0}],"boss_relics":[{"not_picked":["Coffee Dripper","Empty Cage"],"picked":"Sozu"},{"not_picked":["Cursed Key","Snecko Eye"],"picked":"Astrolabe"}],"items_purged_floors":[],"is_endless":false,"potions_floor_spawned":[4,13,16,18,29,31,33],"killed_by":"Transient","ascension_level":0}