{"gold_per_floor":[111,111,36,36,36,68,68,78,78,90,265,215,231,246,246,341,341,351,251,268,183,199,199,217,246,323,323],"floor_reached":27,"playtime":1084,"items_purged":["Defend_R","Defend_R"],"score":283,"play_id":"9558aa3f-698c-4eff-9231-18e997fd001f","local_time":"20190127104507","is_ascension_mode":false,"campfire_choices":[{"data":"Pain","floor":7,"key":"PURGE"},{"data":"Shrug It Off","floor":15,"key":"SMITH"},{"floor":23,"key":"REST"}],"neow_cost":"NONE","seed_source_timestamp":665507295340130,"circlet_count":0,"master_deck":["Strike_R","Strike_R","Strike_R","Strike_R","Defend_R","Defend_R","Bash","Shrug It Off+1","Feed","Shrug It Off+1","Rampage"],"relics":["Burning Blood","NeowsBlessing","WarpedTongs","Peace Pipe","Centennial Puzzle","Black Star","Anchor","Boot","Omamori","Meat on the Bone"],"potions_floor_usage":[25,25,25],"damage_taken":[{"damage":0,"enemies":"Small Slimes","floor":1,"turns":1},{"damage":2,"enemies":"Lagavulin","floor":6,"turns":1},{"damage":0,"enemies":"Cultist","floor":8,"turns":1},{"damage":7,"enemies":"2 Louse","floor":10,"turns":2},{"damage":16,"enemies":"Lots of Slimes","floor":13,"turns":5},{"damage":3,"enemies":"3 Louse","floor":14,"turns":4},{"damage":36,"enemies":"The Guardian","floor":16,"turns":14},{"damage":29,"enemies":"3 Byrds","floor":18,"turns":7},{"damage":25,"enemies":"2 Thieves","floor":20,"turns":5},{"damage":18,"enemies":"Snake Plant","floor":22,"turns":6},{"damage":1,"enemies":"Snecko","floor":24,"turns":6},{"damage":65,"enemies":"Book of Stabbing","floor":25,"turns":8},{"damage":5,"enemies":"Centurion and Healer","floor":27,"turns":7}],"seed_played":"-4672459349386746815","potions_obtained":[{"floor":10,"key":"Weak Potion"},{"floor":14,"key":"Energy Potion"},{"floor":18,"key":"Poison Potion"}],"is_trial":false,"path_per_floor":["M","?","$","$","?","E","R","M","T","M","?","?","M","M","R","B",null,"M","$","M","?","M","R","M","E","T","M"],"character_chosen":"IRONCLAD","items_purchased":[],"campfire_rested":1,"item_purchase_floors":[],"current_hp_per_floor":[80,80,80,80,80,80,80,80,80,79,79,79,69,72,72,42,80,61,61,46,46,34,60,68,13,13,8],"gold":323,"neow_bonus":"THREE_ENEMY_KILL","is_prod":false,"is_daily":false,"chose_seed":false,"campfire_upgraded":1,"win_rate":0,"timestamp":1548598507,"path_taken":["M","?","?","$","?","E","R","?","T","M","?","?","M","M","R","BOSS","M","$","M","?","M","R","M","E","T","M"],"build_version":"2019-01-23","purchased_purges":2,"victory":false,"max_hp_per_floor":[80,80,80,80,80,80,80,80,80,80,80,80,80,80,80,80,80,84,84,88,88,88,88,91,95,95,95],"card_choices":[{"not_picked":["Perfected Strike","Flame Barrier","Armaments"],"picked":"SKIP","floor":1},{"not_picked":["Impervious","Perfected Strike","True Grit"],"picked":"SKIP","floor":6},{"not_picked":["Pummel","Corruption","Cleave"],"picked":"SKIP","floor":8},{"not_picked":["Carnage","Warcry","True Grit"],"picked":"SKIP","floor":10},{"not_picked":["Dark Embrace","Thunderclap","Twin Strike"],"picked":"SKIP","floor":13},{"not_picked":["Sentinel","Pommel Strike"],"picked":"Shrug It Off","floor":14},{"not_picked":["Juggernaut","Immolate"],"picked":"Feed","floor":16},{"not_picked":["Thunderclap","Havoc+1","Body Slam"],"picked":"SKIP","floor":18},{"not_picked":["Rupture","Intimidate"],"picked":"Shrug It Off+1","floor":20},{"not_picked":["Spot Weakness+1","Thunderclap","Corruption"],"picked":"SKIP","floor":22},{"not_picked":["Perfected Strike","Burning Pact"],"picked":"Rampage","floor":24},{"not_picked":["Shockwave+1","Fiend Fire","Bludgeon"],"picked":"SKIP","floor":25}],"player_experience":237861,"relics_obtained":[{"floor":6,"key":"Peace Pipe"},{"floor":9,"key":"Centennial Puzzle"},{"floor":25,"key":"Boot"},{"floor":25,"key":"Omamori"},{"floor":26,"key":"Meat on the Bone"}],"event_choices":[{"cards_removed":["Strike_R"],"damage_healed":0,"gold_gain":0,"player_choice":"Card Removal","damage_taken":0,"max_hp_gain":0,"max_hp_loss":0,"event_name":"Wheel of Change","floor":2,"gold_loss":0},{"damage_healed":0,"gold_gain":0,"player_choice":"Rummage","damage_taken":0,"relics_obtained":["WarpedTongs"],"max_hp_gain":0,"max_hp_loss":0,"event_name":"Accursed Blacksmith","floor":5,"gold_loss":0,"cards_obtained":["Pain"]},{"damage_healed":0,"gold_gain":175,"player_choice":"AGREE","damage_taken":0,"max_hp_gain":0,"max_hp_loss":0,"event_name":"Liars Game","floor":11,"gold_loss":0,"cards_obtained":["Doubt"]},{"cards_removed":["Doubt"],"damage_healed":0,"gold_gain":0,"player_choice":"Card Removal","damage_taken":0,"max_hp_gain":0,"max_hp_loss":0,"event_name":"The Cleric","floor":12,"gold_loss":50},{"damage_healed":0,"gold_gain":0,"player_choice":"Obtained Relic","damage_taken":0,"relics_obtained":["Anchor"],"max_hp_gain":0,"max_hp_loss":0,"event_name":"Addict","floor":21,"gold_loss":85}],"is_beta":false,"boss_relics":[{"not_picked":["Calling Bell","Philosopher\u0027s Stone"],"picked":"Black Star"}],"items_purged_floors":[3,19],"is_endless":false,"potions_floor_spawned":[10,14,18],"killed_by":"Centurion and Healer","ascension_level":0}