{"gold_per_floor":[116,116,116,116,126,126,145,145,219,219,72,72,84,103,103,206,206,192,192,192,210,131,131,221,221],"floor_reached":25,"playtime":1164,"items_purged":["Regret"],"score":189,"play_id":"6b883f52-0781-4f93-9bb8-2488a5fe28ca","local_time":"20190110155948","is_ascension_mode":false,"campfire_choices":[{"data":"Neutralize","floor":6,"key":"SMITH"},{"data":"Blade Dance","floor":8,"key":"SMITH"},{"data":"PiercingWail","floor":10,"key":"SMITH"},{"data":"Caltrops","floor":12,"key":"SMITH"},{"floor":15,"key":"REST"},{"floor":23,"key":"REST"}],"neow_cost":"NONE","seed_source_timestamp":76926546253700,"circlet_count":0,"master_deck":["Defend_G","Defend_G","Defend_G","Defend_G","Defend_G","Strike_G","Strike_G","Strike_G","Strike_G","Survivor","Neutralize+1","Well Laid Plans","PiercingWail+1","Blade Dance+1","Caltrops+1","Cloak And Dagger","Riddle With Holes","Storm of Steel","Acrobatics","Footwork","Leg Sweep"],"relics":["Ring of the Snake","Strawberry","Mummified Hand","Ninja Scroll","Sozu"],"potions_floor_usage":[16,25],"damage_taken":[{"damage":2,"enemies":"Small Slimes","floor":1,"turns":3},{"damage":3,"enemies":"2 Louse","floor":5,"turns":4},{"damage":6,"enemies":"Cultist","floor":7,"turns":5},{"damage":11,"enemies":"Exordium Wildlife","floor":13,"turns":3},{"damage":0,"enemies":"Blue Slaver","floor":14,"turns":4},{"damage":37,"enemies":"Slime Boss","floor":16,"turns":13},{"damage":22,"enemies":"2 Thieves","floor":18,"turns":4},{"damage":11,"enemies":"Shell Parasite","floor":21,"turns":3},{"damage":42,"enemies":"Sentry and Sphere","floor":25,"turns":5}],"seed_played":"1510830034844543922","potions_obtained":[{"floor":1,"key":"Ancient Potion"},{"floor":13,"key":"Swift Potion"},{"floor":14,"key":"SkillPotion"}],"is_trial":false,"path_per_floor":["M","?","?","?","M","R","M","R","T","R","$","R","M","M","R","B",null,"M","?","$","M","$","R","?","M"],"character_chosen":"THE_SILENT","items_purchased":["Caltrops","Leg Sweep"],"campfire_rested":2,"item_purchase_floors":[11,22],"current_hp_per_floor":[75,68,68,68,65,65,59,59,59,59,59,59,48,48,71,34,77,55,41,41,30,30,54,38,0],"gold":221,"neow_bonus":"RANDOM_COMMON_RELIC","is_prod":false,"is_daily":false,"chose_seed":false,"campfire_upgraded":4,"win_rate":0,"timestamp":1547132388,"path_taken":["M","?","?","?","M","R","M","R","T","R","$","R","M","?","R","BOSS","M","?","$","M","$","R","?","M"],"build_version":"2019-01-03v4","purchased_purges":1,"victory":false,"max_hp_per_floor":[77,77,77,77,77,77,77,77,77,77,77,77,77,77,77,77,77,77,82,82,82,82,82,82,82],"card_choices":[{"not_picked":["Backflip","Sucker Punch"],"picked":"Well Laid Plans","floor":1},{"not_picked":["Flying Knee","Terror"],"picked":"PiercingWail","floor":5},{"not_picked":["Distraction","Bouncing Flask"],"picked":"Blade Dance","floor":7},{"not_picked":["Eviscerate","Poisoned Stab"],"picked":"Cloak And Dagger","floor":13},{"not_picked":["Underhanded Strike","Masterful Stab"],"picked":"Riddle With Holes","floor":14},{"not_picked":["Grand Finale","Adrenaline"],"picked":"Storm of Steel","floor":16},{"not_picked":["PiercingWail","Cloak And Dagger"],"picked":"Acrobatics","floor":18},{"not_picked":["Deadly Poison","Dagger Throw"],"picked":"Footwork","floor":21}],"player_experience":266592,"relics_obtained":[{"floor":9,"key":"Ninja Scroll"}],"event_choices":[{"cards_removed":["Strike_G"],"damage_healed":0,"gold_gain":0,"player_choice":"Card Removal","damage_taken":7,"max_hp_gain":0,"max_hp_loss":0,"event_name":"Golden Wing","floor":2,"gold_loss":0},{"damage_healed":0,"gold_gain":0,"player_choice":"Box","damage_taken":0,"relics_obtained":["Mummified Hand"],"max_hp_gain":0,"max_hp_loss":0,"event_name":"Big Fish","floor":3,"gold_loss":0,"cards_obtained":["Regret"]},{"damage_healed":0,"gold_gain":0,"player_choice":"Ignored","damage_taken":0,"max_hp_gain":0,"max_hp_loss":0,"event_name":"NoteForYourself","floor":4,"gold_loss":0},{"damage_healed":0,"gold_gain":0,"player_choice":"Shed Blood","damage_taken":19,"max_hp_gain":5,"max_hp_loss":0,"event_name":"Forgotten Altar","floor":19,"gold_loss":0},{"damage_healed":0,"gold_gain":90,"player_choice":"GOLD ","damage_taken":16,"max_hp_gain":0,"max_hp_loss":0,"event_name":"Knowing Skull","floor":24,"potions_obtained":[],"gold_loss":0,"cards_obtained":[]}],"is_beta":false,"boss_relics":[{"not_picked":["Snecko Eye","Runic Dome"],"picked":"Sozu"}],"items_purged_floors":[11],"is_endless":false,"potions_floor_spawned":[1,13,14],"killed_by":"Sentry and Sphere","ascension_level":0}