{"gold_per_floor":[118,98,109,109,121,121,140,140,140,11,26,41,41],"floor_reached":13,"playtime":665,"items_purged":["Doubt"],"score":77,"play_id":"c43f68e0-e470-43a0-a632-7686a512ec36","local_time":"20190112111654","is_ascension_mode":false,"campfire_choices":[{"data":"1","floor":6,"key":"LIFT"},{"data":"2","floor":8,"key":"LIFT"}],"neow_cost":"NONE","seed_source_timestamp":28586860951430,"circlet_count":0,"master_deck":["Strike_R","Strike_R","Strike_R","Strike_R","Strike_R","Defend_R","Defend_R","Defend_R","Defend_R","Bash","Injury","Injury","Burning Pact","Thunderclap","Dual Wield","Demon Form","Battle Trance","Disarm","True Grit","Sentinel","Shrug It Off"],"relics":["Calling Bell","Art of War","Question Card","Girya","Dream Catcher"],"potions_floor_usage":[11,12],"damage_taken":[{"damage":6,"enemies":"Jaw Worm","floor":1,"turns":3},{"damage":7,"enemies":"Cultist","floor":3,"turns":5},{"damage":22,"enemies":"Small Slimes","floor":5,"turns":6},{"damage":32,"enemies":"Exordium Thugs","floor":7,"turns":5},{"damage":14,"enemies":"Lots of Slimes","floor":11,"turns":4},{"damage":11,"enemies":"2 Fungi Beasts","floor":12,"turns":5},{"damage":6,"enemies":"Red Slaver","floor":13,"turns":1}],"seed_played":"-6955632604686539979","potions_obtained":[{"floor":1,"key":"Strength Potion"},{"floor":2,"key":"BloodPotion"},{"floor":7,"key":"BloodPotion"}],"is_trial":false,"path_per_floor":["M","?","M","?","M","R","M","R","T","$","M","M","M"],"character_chosen":"IRONCLAD","items_purchased":["True Grit"],"campfire_rested":0,"item_purchase_floors":[10],"current_hp_per_floor":[74,74,67,67,45,45,13,13,13,13,7,4,0],"gold":41,"neow_bonus":"BOSS_RELIC","is_prod":false,"is_daily":false,"chose_seed":false,"campfire_upgraded":0,"win_rate":0,"timestamp":1547309814,"path_taken":["M","?","?","?","M","R","M","R","T","?","M","?","M"],"build_version":"2019-01-10","purchased_purges":1,"victory":false,"max_hp_per_floor":[80,80,80,80,80,80,80,80,80,80,80,80,80],"card_choices":[{"not_picked":["Anger","Iron Wave","Blood for Blood"],"picked":"Burning Pact","floor":1},{"not_picked":["Carnage","Dual Wield","Reckless Charge"],"picked":"Thunderclap","floor":3},{"not_picked":["Body Slam","Iron Wave","Clash"],"picked":"Battle Trance","floor":5},{"not_picked":["Dropkick","Metallicize","Double Tap"],"picked":"Disarm","floor":7},{"not_picked":["Cleave","Shockwave","Anger"],"picked":"Sentinel","floor":11},{"not_picked":["Pommel Strike","Heavy Blade","Bludgeon"],"picked":"Shrug It Off","floor":12}],"player_experience":69315,"relics_obtained":[{"floor":0,"key":"Art of War"},{"floor":0,"key":"Question Card"},{"floor":0,"key":"Girya"},{"floor":9,"key":"Dream Catcher"}],"event_choices":[{"damage_healed":0,"gold_gain":0,"player_choice":"Bought 1 Potion","damage_taken":0,"max_hp_gain":0,"max_hp_loss":0,"event_name":"The Woman in Blue","floor":2,"gold_loss":0},{"damage_healed":0,"gold_gain":0,"player_choice":"2 cards matched","damage_taken":0,"max_hp_gain":0,"max_hp_loss":0,"event_name":"Match and Keep!","floor":4,"gold_loss":0,"cards_obtained":["Dual Wield","Demon Form"]}],"is_beta":false,"boss_relics":[],"items_purged_floors":[10],"is_endless":false,"potions_floor_spawned":[1,7],"killed_by":"Red Slaver","ascension_level":0}