{"gold_per_floor":[116,129,129,304,404,433,443,460,460,58,83,97,113,13,13,115,115,133,133,8,22,41,74,87,87,162,162],"floor_reached":27,"playtime":2038,"items_purged":["Doubt","Defend_B","Scrape"],"score":270,"play_id":"77162ba8-ae05-4b59-a3af-e0aff8edcfd3","local_time":"20180719182833","is_ascension_mode":false,"campfire_choices":[{"data":"Chill","floor":15,"key":"SMITH"}],"neow_cost":"NONE","seed_source_timestamp":398272108165378,"circlet_count":0,"master_deck":["Zap+1","Dualcast","Self Repair","Genetic Algorithm+1","Conserve Battery","FTL","BootSequence","Chill+1","Blizzard+1","Coolheaded","Coolheaded","Fission","Ball Lightning","Reinforced Body","Darkness","Turbo","Leap","Redo","Redo","Hologram","Coolheaded","Self Repair"],"relics":["Cracked Core","Prayer Wheel","Blue Candle","Singing Bowl","Meat on the Bone","Pandora\u0027s Box","Bird Faced Urn","Pear"],"potions_floor_usage":[6,23,23,23,23,27],"damage_taken":[{"damage":3,"enemies":"Small Slimes","floor":1,"turns":2},{"damage":0,"enemies":"Cultist","floor":2,"turns":3},{"damage":21,"enemies":"Lagavulin","floor":6,"turns":7},{"damage":0,"enemies":"2 Louse","floor":7,"turns":3},{"damage":4,"enemies":"Blue Slaver","floor":8,"turns":5},{"damage":4,"enemies":"3 Sentries","floor":11,"turns":8},{"damage":0,"enemies":"2 Fungi Beasts","floor":12,"turns":4},{"damage":1,"enemies":"Exordium Thugs","floor":13,"turns":3},{"damage":29,"enemies":"Slime Boss","floor":16,"turns":17},{"damage":0,"enemies":"Spheric Guardian","floor":18,"turns":4},{"damage":3,"enemies":"Chosen","floor":21,"turns":6},{"damage":10,"enemies":"Centurion and Healer","floor":22,"turns":9},{"damage":32,"enemies":"Gremlin Leader","floor":23,"turns":10},{"damage":13,"enemies":"Snake Plant","floor":24,"turns":9},{"damage":80,"enemies":"Cultist and Chosen","floor":27,"turns":5}],"seed_played":"-8758090804000937857","potions_obtained":[{"floor":1,"key":"Fire Potion"},{"floor":6,"key":"EntropicBrew"},{"floor":7,"key":"FearPotion"},{"floor":13,"key":"SteroidPotion"},{"floor":16,"key":"SkillPotion"},{"floor":21,"key":"Fire Potion"},{"floor":24,"key":"Poison Potion"}],"is_trial":false,"path_per_floor":["M","M","?","?","?","E","M","M","T","$","E","M","M","$","R","B",null,"M","?","$","M","M","E","M","?","T"],"character_chosen":"DEFECT","items_purchased":["Blizzard","Singing Bowl"],"campfire_rested":0,"item_purchase_floors":[10,10],"current_hp_per_floor":[72,75,75,75,75,61,68,71,71,71,76,79,80,80,80,58,81,81,81,81,83,84,61,59,59,69,0],"gold":162,"neow_bonus":"UPGRADE_CARD","is_prod":false,"is_daily":false,"chose_seed":false,"campfire_upgraded":1,"win_rate":0,"timestamp":1532017713,"path_taken":["M","M","?","?","?","E","M","M","T","$","E","M","M","$","R","BOSS","M","?","$","M","M","E","?","?","T","?"],"build_version":"2018-07-12","purchased_purges":3,"victory":false,"max_hp_per_floor":[75,75,75,75,75,75,75,75,75,75,77,79,81,81,81,81,81,81,81,81,83,87,89,91,91,101,101],"card_choices":[{"not_picked":["Melter","Beam Cell"],"picked":"Self Repair","floor":1},{"not_picked":["Lockon","Stack"],"picked":"Genetic Algorithm","floor":2},{"not_picked":["Leap","Sweeping Beam"],"picked":"Conserve Battery","floor":6},{"not_picked":["Conserve Battery","Chaos"],"picked":"FTL","floor":7},{"not_picked":["Ball Lightning","Coolheaded"],"picked":"BootSequence","floor":7},{"not_picked":["Loop","Barrage"],"picked":"Chill","floor":8},{"not_picked":["Heatsinks","Conserve Battery","Beam Cell"],"picked":"SKIP","floor":8},{"not_picked":["Compile Driver","Beam Cell","Go for the Eyes"],"picked":"Singing Bowl","floor":11},{"not_picked":["Ball Lightning","Conserve Battery","Creative AI"],"picked":"Singing Bowl","floor":12},{"not_picked":["Compile Driver","Glacier"],"picked":"Coolheaded","floor":12},{"not_picked":["Leap","Storm"],"picked":"Coolheaded","floor":13},{"not_picked":["Ball Lightning","Steam","Consume"],"picked":"Singing Bowl","floor":13},{"not_picked":["Meteor Strike","Seek"],"picked":"Fission","floor":16},{"not_picked":["BootSequence","Rebound"],"picked":"Redo","floor":18},{"not_picked":["Ball Lightning","Compile Driver"],"picked":"Hologram","floor":18},{"not_picked":["Compile Driver","Hologram"],"picked":"Coolheaded","floor":21},{"not_picked":["Heatsinks","Stack","Undo"],"picked":"Singing Bowl","floor":21},{"not_picked":["Beam Cell","Sunder+1","Chaos"],"picked":"Singing Bowl","floor":22},{"not_picked":["Thunder Strike","Rebound+1","Go for the Eyes+1"],"picked":"Singing Bowl","floor":22},{"not_picked":["Lockon","Rebound","Gash"],"picked":"Singing Bowl","floor":23},{"not_picked":["Storm+1","Steam"],"picked":"Self Repair","floor":24},{"not_picked":["Ball Lightning","Beam Cell+1","Static Discharge+1"],"picked":"Singing Bowl","floor":24}],"player_experience":477194,"relics_obtained":[{"floor":6,"key":"Prayer Wheel"},{"floor":9,"key":"Blue Candle"},{"floor":11,"key":"Meat on the Bone"},{"floor":23,"key":"Bird Faced Urn"},{"floor":26,"key":"Pear"}],"event_choices":[{"event_name":"Upgrade Shrine","player_choice":"Upgraded","floor":3,"damage_taken":0},{"event_name":"Liars Game","player_choice":"agreed","floor":4,"damage_taken":0},{"event_name":"Wheel of Change","player_choice":"Gold","floor":5,"damage_taken":0},{"event_name":"Accursed Blacksmith","player_choice":"Forge","floor":19,"damage_taken":0},{"event_name":"Drug Dealer","player_choice":"Ignored","floor":25,"damage_taken":0}],"boss_relics":[{"not_picked":["Orrery","Ectoplasm"],"picked":"Pandora\u0027s Box"}],"items_purged_floors":[10,14,20],"is_endless":false,"potions_floor_spawned":[1,6,7,13,16,18,21,24],"killed_by":"Cultist and Chosen","ascension_level":0}