{"gold_per_floor":[112,132,207,307,320,350,350,367,367,395,1,32,45,60,60,60],"floor_reached":16,"playtime":704,"items_purged":["Strike_R"],"score":129,"play_id":"7ead15e9-ae88-4f5f-a48e-ed2b1dcd1233","local_time":"20190111162242","is_ascension_mode":true,"campfire_choices":[{"floor":7,"key":"REST"},{"data":"Flame Barrier","floor":15,"key":"SMITH"}],"neow_cost":"NONE","seed_source_timestamp":22400011222389,"circlet_count":0,"master_deck":["Strike_R","Strike_R","Strike_R","Defend_R","Defend_R+1","Defend_R","Defend_R","Bash","Shockwave+1","Rampage","Power Through","Ghostly Armor","Flame Barrier+1","Reaper","Disarm","Whirlwind"],"relics":["Burning Blood","War Paint","Shuriken","Odd Mushroom","Kunai","Nunchaku"],"potions_floor_usage":[6,6,10,16],"damage_taken":[{"damage":1,"enemies":"2 Louse","floor":1,"turns":2},{"damage":9,"enemies":"Small Slimes","floor":2,"turns":5},{"damage":8,"enemies":"Cultist","floor":5,"turns":6},{"damage":28,"enemies":"3 Sentries","floor":6,"turns":8},{"damage":6,"enemies":"2 Fungi Beasts","floor":8,"turns":5},{"damage":18,"enemies":"The Mushroom Lair","floor":10,"turns":5},{"damage":38,"enemies":"Gremlin Nob","floor":12,"turns":6},{"damage":11,"enemies":"Looter","floor":13,"turns":5},{"damage":0,"enemies":"Large Slime","floor":14,"turns":6},{"damage":45,"enemies":"Hexaghost","floor":16,"turns":15}],"seed_played":"8347731329254021061","potions_obtained":[{"floor":1,"key":"Block Potion"},{"floor":5,"key":"SkillPotion"},{"floor":6,"key":"Energy Potion"},{"floor":12,"key":"SpeedPotion"},{"floor":14,"key":"Fire Potion"}],"is_trial":false,"path_per_floor":["M","M","?","?","M","E","R","M","T","?","$","E","M","M","R","B"],"character_chosen":"IRONCLAD","items_purchased":["Kunai","Reaper"],"campfire_rested":1,"item_purchase_floors":[11,11],"current_hp_per_floor":[80,77,66,66,64,42,66,66,66,54,54,28,29,41,41,0],"gold":60,"neow_bonus":"REMOVE_CARD","is_prod":false,"is_daily":false,"chose_seed":false,"campfire_upgraded":1,"win_rate":0,"timestamp":1547220162,"path_taken":["M","M","?","?","?","E","R","M","T","?","$","E","M","M","R","BOSS"],"build_version":"2019-01-10","purchased_purges":1,"victory":false,"max_hp_per_floor":[80,80,80,80,80,80,80,80,80,80,80,80,80,80,80,80],"card_choices":[{"not_picked":["Seeing Red","Corruption"],"picked":"Shockwave","floor":1},{"not_picked":["Reckless Charge","Clash","Wild Strike"],"picked":"SKIP","floor":2},{"not_picked":["Reckless Charge","Anger"],"picked":"Rampage","floor":5},{"not_picked":["Heavy Blade","Anger"],"picked":"Power Through","floor":6},{"not_picked":["Iron Wave","Body Slam"],"picked":"Ghostly Armor","floor":8},{"not_picked":["Spot Weakness","Rage"],"picked":"Flame Barrier","floor":10},{"not_picked":["Pommel Strike","Seeing Red"],"picked":"Disarm","floor":12},{"not_picked":["Clash","Dual Wield"],"picked":"Whirlwind","floor":13},{"not_picked":["Bloodletting","Warcry","Thunderclap"],"picked":"SKIP","floor":14}],"player_experience":183485,"relics_obtained":[{"floor":6,"key":"War Paint"},{"floor":9,"key":"Shuriken"},{"floor":10,"key":"Odd Mushroom"},{"floor":12,"key":"Nunchaku"}],"event_choices":[{"damage_healed":0,"gold_gain":75,"player_choice":"Gather Gold","damage_taken":11,"max_hp_gain":0,"max_hp_loss":0,"event_name":"World of Goop","floor":3,"gold_loss":0},{"damage_healed":0,"gold_gain":100,"player_choice":"Pray","damage_taken":0,"max_hp_gain":0,"max_hp_loss":0,"event_name":"Golden Shrine","floor":4,"gold_loss":0},{"damage_healed":0,"gold_gain":0,"player_choice":"Fought Mushrooms","damage_taken":0,"max_hp_gain":0,"max_hp_loss":0,"event_name":"Mushrooms","floor":10,"gold_loss":0}],"is_beta":false,"boss_relics":[],"items_purged_floors":[11],"is_endless":false,"potions_floor_spawned":[1,5,6,12,14],"killed_by":"Hexaghost","ascension_level":3}