{"gold_per_floor":[115,127,127,142,142,177,197,122,145,145,145,145,161,161,161,286,286,304,304,149,168,214,214,227,261,261,261],"floor_reached":27,"playtime":1052,"items_purged":[],"score":231,"play_id":"f026f9df-df4b-443f-97d1-30b76df272ea","local_time":"20181215192215","is_ascension_mode":false,"campfire_choices":[{"data":"Rampage","floor":10,"key":"SMITH"},{"data":"Disarm","floor":12,"key":"SMITH"},{"data":"Intimidate","floor":15,"key":"SMITH"},{"floor":23,"key":"REST"}],"neow_cost":"NONE","seed_source_timestamp":115948917046106,"circlet_count":0,"master_deck":["Strike_R","Strike_R","Strike_R","Strike_R+1","Strike_R","Defend_R","Defend_R","Defend_R+1","Defend_R+1","Bash","Disarm+1","Anger","Anger","Intimidate+1","Rampage+1","Disarm+1","Injury","Double Tap","Bludgeon"],"relics":["Burning Blood","Dream Catcher","Boot","Golden Idol","Lizard Tail","Vajra","Regal Pillow","War Paint","Meat on the Bone"],"potions_floor_usage":[16,16,18,19,25],"damage_taken":[{"damage":4,"enemies":"Cultist","floor":1,"turns":3},{"damage":2,"enemies":"2 Louse","floor":2,"turns":3},{"damage":1,"enemies":"Jaw Worm","floor":4,"turns":3},{"damage":7,"enemies":"Gremlin Nob","floor":6,"turns":5},{"damage":2,"enemies":"Looter","floor":7,"turns":3},{"damage":6,"enemies":"Blue Slaver","floor":13,"turns":4},{"damage":51,"enemies":"Slime Boss","floor":16,"turns":10},{"damage":42,"enemies":"Spheric Guardian","floor":18,"turns":6},{"damage":27,"enemies":"Colosseum Slavers","floor":19,"turns":7},{"damage":16,"enemies":"Shell Parasite","floor":21,"turns":7},{"damage":24,"enemies":"Snecko","floor":24,"turns":7},{"damage":54,"enemies":"Slavers","floor":25,"turns":9},{"damage":24,"enemies":"3 Cultists","floor":27,"turns":4}],"seed_played":"5441709163881863493","potions_obtained":[{"floor":6,"key":"SteroidPotion"},{"floor":7,"key":"Fire Potion"},{"floor":13,"key":"SpeedPotion"},{"floor":18,"key":"Strength Potion"},{"floor":24,"key":"Poison Potion"}],"is_trial":false,"path_per_floor":["M","M","?","M","$","E","M","$","T","R","?","R","M","$","R","B",null,"M","?","$","M","T","R","M","E","T","M"],"character_chosen":"IRONCLAD","items_purchased":["Disarm","Vajra"],"campfire_rested":1,"item_purchase_floors":[8,20],"current_hp_per_floor":[80,80,64,69,69,68,72,72,72,72,72,72,72,72,72,27,80,44,23,23,13,13,52,34,30,30,6],"gold":261,"neow_bonus":"THREE_CARDS","is_prod":false,"is_daily":false,"chose_seed":false,"campfire_upgraded":3,"win_rate":0,"timestamp":1544898135,"path_taken":["M","?","?","M","?","E","M","$","T","R","?","R","M","$","R","BOSS","M","?","$","M","?","R","M","E","T","M"],"build_version":"2018-12-13","purchased_purges":0,"victory":false,"max_hp_per_floor":[80,80,80,80,80,80,80,80,80,80,80,80,80,80,80,80,80,80,80,80,80,80,80,80,80,80,80],"card_choices":[{"not_picked":["Whirlwind","Corruption"],"picked":"Disarm","floor":0},{"not_picked":["Armaments","Flame Barrier"],"picked":"Anger","floor":1},{"not_picked":["Cleave","True Grit"],"picked":"Anger","floor":2},{"not_picked":["Pommel Strike","True Grit","Sever Soul"],"picked":"SKIP","floor":4},{"not_picked":["Fire Breathing","Limit Break"],"picked":"Intimidate","floor":6},{"not_picked":["Carnage","Warcry"],"picked":"Rampage","floor":7},{"not_picked":["Thunderclap","Metallicize","True Grit"],"picked":"SKIP","floor":13},{"not_picked":["Barricade","Brutality"],"picked":"Double Tap","floor":16},{"not_picked":["Headbutt","Whirlwind","Armaments+1"],"picked":"SKIP","floor":18},{"not_picked":["Clash","Heavy Blade","Flex"],"picked":"SKIP","floor":21},{"not_picked":["Armaments","Iron Wave"],"picked":"Bludgeon","floor":24},{"not_picked":["Searing Blow","Havoc+1","Thunderclap"],"picked":"SKIP","floor":25}],"player_experience":187004,"relics_obtained":[{"floor":6,"key":"Dream Catcher"},{"floor":9,"key":"Boot"},{"floor":22,"key":"Regal Pillow"},{"floor":25,"key":"War Paint"},{"floor":26,"key":"Meat on the Bone"}],"event_choices":[{"damage_healed":0,"gold_gain":0,"player_choice":"Entered Light","damage_taken":16,"max_hp_gain":0,"max_hp_loss":0,"event_name":"Shining Light","floor":3,"gold_loss":0,"cards_upgraded":["Disarm","Strike_R"]},{"damage_healed":0,"gold_gain":0,"player_choice":"Take Wound","damage_taken":0,"relics_obtained":["Golden Idol"],"max_hp_gain":0,"max_hp_loss":0,"event_name":"Golden Idol","floor":11,"gold_loss":0,"cards_obtained":["Injury"]},{"damage_healed":0,"gold_gain":0,"player_choice":"Fight","damage_taken":0,"max_hp_gain":0,"max_hp_loss":0,"event_name":"Colosseum","floor":19,"gold_loss":0},{"damage_healed":0,"gold_gain":0,"player_choice":"Fled From Nobs","damage_taken":0,"max_hp_gain":0,"max_hp_loss":0,"event_name":"Colosseum","floor":19,"gold_loss":0}],"is_beta":false,"boss_relics":[{"not_picked":["Velvet Choker","Sozu"],"picked":"Lizard Tail"}],"items_purged_floors":[],"is_endless":false,"potions_floor_spawned":[6,7,13,18,24],"killed_by":"3 Cultists","ascension_level":0}