{"gold_per_floor":[13,23,23,0,19,19,37,37,114,114,144,157,168,186,186,186],"floor_reached":16,"playtime":757,"items_purged":[],"score":108,"play_id":"c4892bb8-0cda-430f-ab11-cb6dc41e55f6","local_time":"20190130183450","is_ascension_mode":true,"campfire_choices":[{"data":"Strike_G","floor":6,"key":"PURGE"},{"data":"Strike_G","floor":8,"key":"PURGE"},{"data":"Flying Knee","floor":10,"key":"SMITH"},{"data":"Escape Plan","floor":15,"key":"SMITH"}],"neow_cost":"NO_GOLD","seed_source_timestamp":919043957234964,"circlet_count":0,"master_deck":["Defend_G","Defend_G","Defend_G","Defend_G","Defend_G","Strike_G","Strike_G","Strike_G","Survivor","Neutralize","Flying Knee+1","Accuracy","Escape Plan+1","PiercingWail","Escape Plan","Blade Dance","Dodge and Roll","Blur"],"relics":["Ring of the Snake","Peace Pipe","Bag of Preparation","Mummified Hand","Odd Mushroom"],"potions_floor_usage":[16],"damage_taken":[{"damage":0,"enemies":"Cultist","floor":1,"turns":4},{"damage":13,"enemies":"Jaw Worm","floor":2,"turns":7},{"damage":1,"enemies":"2 Louse","floor":5,"turns":3},{"damage":3,"enemies":"Looter","floor":7,"turns":3},{"damage":10,"enemies":"The Mushroom Lair","floor":11,"turns":5},{"damage":0,"enemies":"Blue Slaver","floor":12,"turns":5},{"damage":0,"enemies":"Exordium Wildlife","floor":13,"turns":2},{"damage":3,"enemies":"Lots of Slimes","floor":14,"turns":5},{"damage":39,"enemies":"Hexaghost","floor":16,"turns":14}],"seed_played":"-990013679299479788","potions_obtained":[{"floor":2,"key":"Swift Potion"},{"floor":7,"key":"Fire Potion"},{"floor":12,"key":"Regen Potion"}],"is_trial":false,"path_per_floor":["M","M","?","?","M","R","M","R","T","R","?","M","M","M","R","B"],"character_chosen":"THE_SILENT","items_purchased":[],"campfire_rested":0,"item_purchase_floors":[],"current_hp_per_floor":[70,57,45,45,44,44,41,41,41,41,31,31,31,28,28,0],"gold":186,"neow_bonus":"ONE_RARE_RELIC","is_prod":false,"is_daily":false,"chose_seed":false,"campfire_upgraded":2,"win_rate":0,"timestamp":1548891290,"path_taken":["M","?","?","?","M","R","?","R","T","R","?","M","M","M","R","BOSS"],"build_version":"2019-01-23","purchased_purges":0,"victory":false,"max_hp_per_floor":[70,70,70,70,70,70,70,70,70,70,70,70,70,70,70,70],"card_choices":[{"not_picked":["Prepared","Infinite Blades"],"picked":"Flying Knee","floor":1},{"not_picked":["Slice","Dagger Throw"],"picked":"Accuracy","floor":2},{"not_picked":["Acrobatics","Riddle With Holes"],"picked":"Escape Plan","floor":5},{"not_picked":["Dodge and Roll","Prepared"],"picked":"PiercingWail","floor":7},{"not_picked":["Flying Knee","Tactician"],"picked":"Escape Plan","floor":11},{"not_picked":["Cloak And Dagger","Glass Knife"],"picked":"Blade Dance","floor":12},{"not_picked":["Dagger Throw","Acrobatics"],"picked":"Dodge and Roll","floor":13},{"not_picked":["Dagger Throw","Endless Agony"],"picked":"Blur","floor":14}],"player_experience":129726,"relics_obtained":[{"floor":9,"key":"Mummified Hand"},{"floor":11,"key":"Odd Mushroom"}],"event_choices":[{"damage_healed":0,"gold_gain":0,"player_choice":"Success","damage_taken":12,"relics_obtained":["Bag of Preparation"],"max_hp_gain":0,"max_hp_loss":0,"event_name":"Scrap Ooze","floor":3,"gold_loss":0},{"damage_healed":0,"gold_gain":0,"player_choice":"Left Gold","damage_taken":0,"max_hp_gain":0,"max_hp_loss":0,"event_name":"World of Goop","floor":4,"gold_loss":23},{"damage_healed":0,"gold_gain":0,"player_choice":"Fought Mushrooms","damage_taken":0,"max_hp_gain":0,"max_hp_loss":0,"event_name":"Mushrooms","floor":11,"gold_loss":0}],"is_beta":false,"boss_relics":[],"items_purged_floors":[],"is_endless":false,"potions_floor_spawned":[2,7,12,14],"killed_by":"Hexaghost","ascension_level":3}