{"gold_per_floor":[111,121,139,64,64,64,64,64,64,74,74,99,116,131,131,229,279,296,313,213,138,13,13,13,13,91,105,105,105,116,131,131,229,229,239,239,256,256,256,256],"floor_reached":40,"playtime":2055,"items_purged":["Strike_R","Strike_R","Strike_R"],"score":444,"play_id":"bf5ba18d-2f8d-4174-a2d0-73e3a048f06c","local_time":"20180821214116","is_ascension_mode":true,"campfire_choices":[{"data":"True Grit","floor":6,"key":"SMITH"},{"data":"Iron Wave","floor":8,"key":"SMITH"},{"data":"Spot Weakness","floor":11,"key":"SMITH"},{"floor":15,"key":"REST"},{"data":"Entrench","floor":23,"key":"SMITH"},{"floor":25,"key":"REST"},{"data":"Disarm","floor":28,"key":"SMITH"},{"data":"Shockwave","floor":32,"key":"SMITH"}],"neow_cost":"NONE","seed_source_timestamp":477669208634928,"circlet_count":0,"master_deck":["Defend_R+1","Defend_R+1","Defend_R","Bash","Iron Wave+1","True Grit+1","Spot Weakness+1","Cleave","Disarm+1","Whirlwind+1","Shockwave+1","Impervious","Entrench+1","Warcry","Limit Break","Bandage Up"],"relics":["Burning Blood","Matryoshka","War Paint","Tiny House","Regal Pillow","Pantograph","Lizard Tail"],"potions_floor_usage":[27,33,33,40,40],"damage_taken":[{"damage":6,"enemies":"Cultist","floor":1,"turns":4},{"damage":6,"enemies":"2 Louse","floor":2,"turns":4},{"damage":5,"enemies":"Jaw Worm","floor":3,"turns":6},{"damage":22,"enemies":"Large Slime","floor":10,"turns":5},{"damage":26,"enemies":"3 Sentries","floor":12,"turns":7},{"damage":2,"enemies":"Exordium Thugs","floor":13,"turns":4},{"damage":5,"enemies":"3 Louse","floor":14,"turns":3},{"damage":22,"enemies":"Hexaghost","floor":16,"turns":10},{"damage":0,"enemies":"3 Byrds","floor":18,"turns":3},{"damage":59,"enemies":"Spheric Guardian","floor":19,"turns":9},{"damage":8,"enemies":"Snecko","floor":27,"turns":6},{"damage":15,"enemies":"Shelled Parasite and Fungi","floor":30,"turns":8},{"damage":5,"enemies":"Centurion and Healer","floor":31,"turns":7},{"damage":28,"enemies":"Champ","floor":33,"turns":16},{"damage":47,"enemies":"Flame Bruiser 1 Orb","floor":35,"turns":15},{"damage":49,"enemies":"3 Darklings","floor":37,"turns":9},{"damage":47,"enemies":"Flame Bruiser 2 Orb","floor":40,"turns":6}],"seed_played":"8968067860725273336","potions_obtained":[{"floor":2,"key":"PowerPotion"},{"floor":10,"key":"Dexterity Potion"},{"floor":12,"key":"Ancient Potion"},{"floor":17,"key":"FairyPotion"},{"floor":18,"key":"Dexterity Potion"},{"floor":27,"key":"BloodPotion"},{"floor":35,"key":"EssenceOfSteel"}],"is_trial":false,"path_per_floor":["M","M","M","$","?","R","$","R","T","M","R","E","M","M","R","B",null,"M","M","$","?","$","R","?","R","T","M","R","$","M","M","R","B",null,"M","?","M","?","?"],"character_chosen":"IRONCLAD","items_purchased":[],"campfire_rested":2,"item_purchase_floors":[],"current_hp_per_floor":[80,80,80,80,80,80,80,80,80,64,64,44,48,49,73,57,85,85,32,32,32,32,32,32,57,57,55,55,55,46,47,47,58,85,44,44,43,43,43,0],"gold":256,"neow_bonus":"REMOVE_CARD","is_prod":false,"is_daily":false,"chose_seed":false,"campfire_upgraded":6,"win_rate":0,"timestamp":1534858876,"path_taken":["M","M","M","$","?","R","$","R","T","M","R","E","M","M","R","BOSS","M","M","$","?","?","R","?","R","T","?","R","?","M","M","R","BOSS","M","?","M","?","?","M"],"build_version":"2018-08-16","purchased_purges":3,"victory":false,"max_hp_per_floor":[80,80,80,80,80,80,80,80,80,80,80,80,80,80,80,80,85,85,85,85,85,85,85,85,85,85,85,85,85,85,85,85,85,85,85,85,85,85,85,85],"card_choices":[{"not_picked":["Shockwave","Perfected Strike"],"picked":"Iron Wave","floor":1},{"not_picked":["Battle Trance","Iron Wave"],"picked":"True Grit","floor":2},{"not_picked":["Reckless Charge","Perfected Strike"],"picked":"Spot Weakness","floor":3},{"not_picked":["Corruption","Twin Strike"],"picked":"Cleave","floor":10},{"not_picked":["Fiend Fire","Inflame"],"picked":"Disarm","floor":12},{"not_picked":["Clothesline","Warcry"],"picked":"Whirlwind","floor":13},{"not_picked":["Uppercut","Iron Wave"],"picked":"Shockwave","floor":14},{"not_picked":["Berserk","Exhume"],"picked":"Impervious","floor":16},{"not_picked":["Flex","Pommel Strike"],"picked":"Entrench","floor":17},{"not_picked":["Cleave","Spot Weakness+1","Thunderclap"],"picked":"SKIP","floor":18},{"not_picked":["Pommel Strike","Body Slam","Armaments"],"picked":"SKIP","floor":19},{"not_picked":["Carnage","Dropkick+1"],"picked":"Warcry","floor":27},{"not_picked":["Body Slam","Clash","Rupture"],"picked":"SKIP","floor":30},{"not_picked":["Dropkick","Perfected Strike+1","Body Slam"],"picked":"SKIP","floor":31},{"not_picked":["Offering","Bludgeon"],"picked":"Limit Break","floor":33},{"not_picked":["Rampage+1","Evolve","Body Slam"],"picked":"SKIP","floor":35},{"not_picked":["Power Through","Havoc+1","Pommel Strike"],"picked":"SKIP","floor":37},{"not_picked":["Dramatic Entrance","Panacea"],"picked":"Bandage Up","floor":39}],"player_experience":262513,"relics_obtained":[{"floor":9,"key":"Matryoshka"},{"floor":12,"key":"War Paint"},{"floor":26,"key":"Regal Pillow"},{"floor":26,"key":"Pantograph"}],"event_choices":[{"event_name":"Bonfire Elementals","player_choice":"BASIC","floor":5,"damage_taken":0},{"event_name":"Beggar","player_choice":"Gave Gold","floor":21,"damage_taken":0},{"event_name":"The Lab","player_choice":"Got Potions","floor":24,"damage_taken":0},{"event_name":"Tomb of Lord Red Mask","player_choice":"Ignored","floor":36,"damage_taken":0},{"event_name":"Mysterious Sphere","player_choice":"Ignore","floor":38,"damage_taken":0},{"event_name":"SensoryStone","player_choice":"Memory 1","floor":39,"damage_taken":0}],"is_beta":false,"boss_relics":[{"not_picked":["White Beast Statue","Fusion Hammer"],"picked":"Tiny House"},{"not_picked":["Orrery","Calling Bell"],"picked":"Lizard Tail"}],"items_purged_floors":[4,20,22],"is_endless":false,"potions_floor_spawned":[2,10,12,18,27,31,35],"killed_by":"Flame Bruiser 2 Orb","ascension_level":3}