{"gold_per_floor":[117,135,153,153,173,201,166,166,193,193,204,231,251,176,176,277,277,291,191,191,207,227,227,284,294,294,309,9,9,29,43,43,145,145,157,167,177,26,37,37,49,49,49,69,69,80,2,13,13,13],"floor_reached":50,"playtime":3205,"items_purged":["Strike_R","Strike_R"],"score":507,"play_id":"d623f41d-5569-41e9-a791-76a3a670a8ca","local_time":"20190131224939","is_ascension_mode":false,"campfire_choices":[{"data":"Armaments","floor":8,"key":"SMITH"},{"data":"Berserk","floor":10,"key":"SMITH"},{"data":"Pommel Strike","floor":15,"key":"SMITH"},{"floor":23,"key":"REST"},{"floor":29,"key":"REST"},{"floor":32,"key":"REST"},{"floor":40,"key":"REST"},{"floor":42,"key":"REST"},{"floor":49,"key":"REST"}],"neow_cost":"NONE","seed_source_timestamp":95919093419929,"circlet_count":0,"master_deck":["Strike_R","Strike_R","Strike_R","Defend_R","Defend_R","Defend_R","Defend_R","Bash","Pommel Strike+1","Spot Weakness","Rampage","Fire Breathing","Armaments+1","Berserk+1","True Grit","Shrug It Off","Heavy Blade","Limit Break+1","Cleave","Spot Weakness","Spot Weakness","Heavy Blade+1","Regret","Iron Wave","Limit Break","Cleave","Heavy Blade+1","True Grit+1","Regret","Doubt","Cleave+1","Feel No Pain","Whirlwind"],"relics":["Burning Blood","Oddly Smooth Stone","Potion Belt","Lantern","Cursed Key","Tiny Chest","Pantograph","Shuriken","Sozu","Anchor","Kunai","Toxic Egg 2"],"potions_floor_usage":[6,6,16,16,24,27,27,35,39,44],"damage_taken":[{"damage":5,"enemies":"Cultist","floor":1,"turns":4},{"damage":2,"enemies":"2 Louse","floor":2,"turns":3},{"damage":2,"enemies":"Small Slimes","floor":3,"turns":3},{"damage":21,"enemies":"Exordium Wildlife","floor":5,"turns":7},{"damage":26,"enemies":"Lagavulin","floor":6,"turns":6},{"damage":14,"enemies":"Exordium Thugs","floor":11,"turns":4},{"damage":28,"enemies":"Gremlin Nob","floor":12,"turns":4},{"damage":1,"enemies":"Blue Slaver","floor":13,"turns":4},{"damage":11,"enemies":"The Guardian","floor":16,"turns":8},{"damage":20,"enemies":"Spheric Guardian","floor":18,"turns":4},{"damage":5,"enemies":"Shell Parasite","floor":21,"turns":4},{"damage":30,"enemies":"Snake Plant","floor":22,"turns":3},{"damage":22,"enemies":"Slavers","floor":24,"turns":5},{"damage":14,"enemies":"Cultist and Chosen","floor":25,"turns":5},{"damage":24,"enemies":"3 Cultists","floor":27,"turns":6},{"damage":27,"enemies":"Centurion and Healer","floor":30,"turns":4},{"damage":23,"enemies":"Shelled Parasite and Fungi","floor":31,"turns":5},{"damage":34,"enemies":"Champ","floor":33,"turns":9},{"damage":24,"enemies":"3 Darklings","floor":35,"turns":4},{"damage":13,"enemies":"3 Shapes","floor":36,"turns":3},{"damage":10,"enemies":"Jaw Worm Horde","floor":37,"turns":3},{"damage":33,"enemies":"Maw","floor":39,"turns":7},{"damage":47,"enemies":"4 Shapes","floor":41,"turns":7},{"damage":2,"enemies":"Jaw Worm Horde","floor":44,"turns":3},{"damage":21,"enemies":"3 Darklings","floor":46,"turns":4},{"damage":22,"enemies":"4 Shapes","floor":48,"turns":5},{"damage":65,"enemies":"Time Eater","floor":50,"turns":3}],"seed_played":"-8736812628084953970","potions_obtained":[{"floor":1,"key":"SteroidPotion"},{"floor":3,"key":"Strength Potion"},{"floor":5,"key":"FearPotion"},{"floor":12,"key":"Fire Potion"},{"floor":13,"key":"Weak Potion"},{"floor":22,"key":"AttackPotion"},{"floor":25,"key":"Poison Potion"},{"floor":31,"key":"AttackPotion"},{"floor":33,"key":"Block Potion"}],"is_trial":false,"path_per_floor":["M","M","M","?","M","E","?","R","T","R","M","E","M","$","R","B",null,"M","$","?","M","M","R","E","M","T","M","$","R","M","M","R","B",null,"M","M","M","$","M","R","M","R","T","M","T","M","$","M","R","B"],"character_chosen":"IRONCLAD","items_purchased":["Shuriken","PowerPotion","Anchor","Feel No Pain"],"campfire_rested":6,"item_purchase_floors":[28,28,38,47],"current_hp_per_floor":[80,80,80,85,70,50,71,71,71,71,63,41,46,46,46,41,85,71,71,71,72,48,73,57,49,49,31,31,56,35,18,43,40,85,67,60,56,56,29,54,13,38,38,42,42,27,27,11,36,0],"gold":13,"neow_bonus":"THREE_CARDS","is_prod":false,"is_daily":false,"chose_seed":false,"campfire_upgraded":3,"win_rate":0,"timestamp":1549003779,"path_taken":["M","M","?","?","M","E","?","R","T","R","M","E","M","$","R","BOSS","M","$","?","M","M","R","E","M","T","M","$","R","M","M","R","BOSS","M","M","M","$","M","R","M","R","T","M","?","M","$","M","R","BOSS"],"build_version":"2019-01-23","purchased_purges":2,"victory":false,"max_hp_per_floor":[80,80,80,85,85,85,85,85,85,85,85,85,85,85,85,85,85,85,85,85,85,85,85,85,85,85,85,85,85,85,85,85,85,85,85,85,85,85,85,85,85,85,85,85,85,85,85,85,85,85],"card_choices":[{"not_picked":["Clash","Havoc"],"picked":"Pommel Strike","floor":0},{"not_picked":["Power Through","Twin Strike"],"picked":"Spot Weakness","floor":1},{"not_picked":["Anger","True Grit"],"picked":"Rampage","floor":2},{"not_picked":["Intimidate","Spot Weakness"],"picked":"Fire Breathing","floor":3},{"not_picked":["Dropkick","Burning Pact"],"picked":"Armaments","floor":5},{"not_picked":["Rupture","Burning Pact"],"picked":"Berserk","floor":6},{"not_picked":["Thunderclap","Pommel Strike"],"picked":"True Grit","floor":11},{"not_picked":["Feed","Rupture"],"picked":"Shrug It Off","floor":12},{"not_picked":["Thunderclap","Hemokinesis"],"picked":"Heavy Blade","floor":13},{"not_picked":["Dark Embrace","Bludgeon"],"picked":"Limit Break","floor":16},{"not_picked":["Flex","Warcry"],"picked":"Cleave","floor":18},{"not_picked":["Sever Soul+1","Disarm+1"],"picked":"Spot Weakness","floor":21},{"not_picked":["Inflame","Pommel Strike"],"picked":"Spot Weakness","floor":22},{"not_picked":["Second Wind","Clash","Sentinel"],"picked":"SKIP","floor":24},{"not_picked":["Rage","Clothesline"],"picked":"Heavy Blade+1","floor":25},{"not_picked":["Pommel Strike","Clash","Cleave"],"picked":"SKIP","floor":27},{"not_picked":["Seeing Red","Havoc+1","Clothesline"],"picked":"SKIP","floor":30},{"not_picked":["Bloodletting+1","Warcry+1"],"picked":"Iron Wave","floor":31},{"not_picked":["Double Tap","Feed"],"picked":"Limit Break","floor":33},{"not_picked":["Headbutt+1","Thunderclap+1"],"picked":"Cleave","floor":35},{"not_picked":["Cleave","Armaments","Twin Strike"],"picked":"SKIP","floor":36},{"not_picked":["Battle Trance+1","Iron Wave+1"],"picked":"Heavy Blade+1","floor":37},{"not_picked":["Perfected Strike","Spot Weakness+1"],"picked":"True Grit+1","floor":39},{"not_picked":["Combust","Rupture","Twin Strike+1"],"picked":"SKIP","floor":41},{"not_picked":["Clash+1","Sword Boomerang","True Grit+1"],"picked":"SKIP","floor":44},{"not_picked":["Seeing Red+1","True Grit+1"],"picked":"Cleave+1","floor":46},{"not_picked":["Reckless Charge","Blood for Blood"],"picked":"Whirlwind","floor":48}],"player_experience":141332,"relics_obtained":[{"floor":6,"key":"Oddly Smooth Stone"},{"floor":9,"key":"Potion Belt"},{"floor":12,"key":"Lantern"},{"floor":24,"key":"Tiny Chest"},{"floor":26,"key":"Pantograph"},{"floor":43,"key":"Kunai"},{"floor":45,"key":"Toxic Egg 2"}],"event_choices":[{"damage_healed":0,"gold_gain":0,"player_choice":"Donut","damage_taken":0,"max_hp_gain":5,"max_hp_loss":0,"event_name":"Big Fish","floor":4,"gold_loss":0},{"damage_healed":21,"gold_gain":0,"player_choice":"Healed","damage_taken":0,"max_hp_gain":0,"max_hp_loss":0,"event_name":"The Cleric","floor":7,"gold_loss":35},{"damage_healed":0,"gold_gain":0,"player_choice":"Upgraded","damage_taken":0,"max_hp_gain":0,"max_hp_loss":0,"event_name":"Upgrade Shrine","floor":20,"gold_loss":0,"cards_upgraded":["Limit Break"]}],"is_beta":false,"boss_relics":[{"not_picked":["Runic Dome","Calling Bell"],"picked":"Cursed Key"},{"not_picked":["Eternal Feather","Runic Cube"],"picked":"Sozu"}],"items_purged_floors":[14,19],"is_endless":false,"potions_floor_spawned":[1,3,5,12,13,22,25,31,33,35,44,48],"killed_by":"Time Eater","ascension_level":0}