{"gold_per_floor":[117,117,117,129,129,129,129,129,156,156,0,0,0,18,18,120,120,140,140,153,153,173,173,200,154,154,154,167,193,193,193,193,289,289,309,328,83,83,83,83,93,93,93,315,241,260,260,61,61,61],"floor_reached":50,"playtime":1543,"items_purged":["Strike_R","Defend_R+1","Doubt"],"score":666,"play_id":"e33c63af-7f37-4b54-abc8-e7fb3e4b5d0c","local_time":"20190127121000","is_ascension_mode":true,"campfire_choices":[{"data":"Decay","floor":6.0,"key":"PURGE"},{"data":"Regret","floor":8.0,"key":"PURGE"},{"data":"Strike_R","floor":10.0,"key":"PURGE"},{"data":"Strike_R","floor":15.0,"key":"PURGE"},{"floor":23.0,"key":"REST"},{"floor":32.0,"key":"REST"},{"data":"Defend_R","floor":40.0,"key":"PURGE"},{"data":"Defend_R","floor":42.0,"key":"PURGE"},{"floor":49.0,"key":"RECALL"}],"neow_cost":"CURSE","seed_source_timestamp":0,"circlet_count":0,"master_deck":["Bash","Whirlwind+1","Rage","Thunderclap","Headbutt"],"special_seed":0,"relics":["Burning Blood","Peace Pipe","Kunai","Regal Pillow","Bag of Marbles","Fusion Hammer","Red Mask","Pantograph","Paper Frog","Champion Belt","Frozen Egg 2","Orrery","Membership Card","Red Skull","Potion Belt"],"potions_floor_usage":[50,50,50,50,50],"damage_taken":[{"damage":4.0,"enemies":"Jaw Worm","floor":1.0,"turns":3.0},{"damage":15.0,"enemies":"Small Slimes","floor":4.0,"turns":4.0},{"damage":0.0,"enemies":"Cultist","floor":14.0,"turns":2.0},{"damage":36.0,"enemies":"The Guardian","floor":16.0,"turns":14.0},{"damage":0.0,"enemies":"3 Byrds","floor":18.0,"turns":3.0},{"damage":21.0,"enemies":"Spheric Guardian","floor":20.0,"turns":4.0},{"damage":24.0,"enemies":"Colosseum Slavers","floor":21.0,"turns":2.0},{"damage":24.0,"enemies":"Centurion and Healer","floor":22.0,"turns":8.0},{"damage":0.0,"enemies":"Masked Bandits","floor":24.0,"turns":1.0},{"damage":18.0,"enemies":"Snecko","floor":28.0,"turns":3.0},{"damage":30.0,"enemies":"Slavers","floor":29.0,"turns":4.0},{"damage":77.0,"enemies":"Automaton","floor":33.0,"turns":11.0},{"damage":16.0,"enemies":"3 Shapes","floor":35.0,"turns":1.0},{"damage":8.0,"enemies":"Orb Walker","floor":36.0,"turns":3.0},{"damage":0.0,"enemies":"Jaw Worm Horde","floor":41.0,"turns":2.0},{"damage":29.0,"enemies":"4 Shapes","floor":46.0,"turns":1.0},{"damage":102,"enemies":"Awakened One","floor":50,"turns":8}],"seed_played":"4771661194880668527","potions_obtained":[{"floor":4.0,"key":"Dexterity Potion"},{"floor":16.0,"key":"LiquidBronze"},{"floor":29.0,"key":"Fire Potion"},{"floor":36.0,"key":"PowerPotion"}],"is_trial":false,"path_per_floor":["M","?","?","M","$","R","?","R","T","R","$","?","$","M","R","B",null,"M","?","M","?","M","R","?","$","T","T","M","E","$","T","R","B",null,"M","M","$","?","?","R","M","R","T","?","$","M","?","$","R","B"],"character_chosen":"IRONCLAD","items_purchased":["Bag of Marbles","Headbutt","Membership Card","PowerPotion","Potion Belt","Ancient Potion","Weak Potion"],"campfire_rested":2,"item_purchase_floors":[11,25,37,45,48,48,48],"current_hp_per_floor":[74,67,67,58,58,58,58,58,58,58,58,42,42,48,48,18,65,71,71,56,38,20,59,65,65,65,65,53,29,29,29,68,9,62,52,50,50,50,50,50,56,56,56,56,56,33,80,80,80,0],"gold":61,"neow_bonus":"ONE_RARE_RELIC","is_prod":false,"is_daily":false,"chose_seed":false,"campfire_upgraded":0,"win_rate":0,"timestamp":1548591000,"path_taken":["M","?","?","?","$","R","?","R","T","R","$","?","?","M","R","BOSS","M","?","M","?","M","R","?","$","T","?","M","E","$","?","R","BOSS","M","M","$","?","?","R","M","R","T","?","$","M","?","$","R","BOSS"],"build_version":"2019-01-23","purchased_purges":3,"victory":false,"max_hp_per_floor":[80,80,80,80,80,80,80,80,80,80,80,80,80,80,80,80,80,80,80,80,80,80,80,80,80,80,80,80,80,80,80,80,80,80,80,80,80,80,80,80,80,80,80,80,80,80,80,80,80,80],"card_choices":[{"not_picked":["Carnage","Heavy Blade","Havoc"],"picked":"SKIP","floor":1.0},{"not_picked":["Clash","Shrug It Off","Impervious"],"picked":"SKIP","floor":4.0},{"not_picked":["True Grit","Pommel Strike","Shockwave"],"picked":"SKIP","floor":14.0},{"not_picked":["Pommel Strike","Evolve"],"picked":"Rage","floor":18.0},{"not_picked":["Power Through","Searing Blow"],"picked":"Thunderclap","floor":20.0},{"not_picked":["Pummel+1","Seeing Red","Searing Blow"],"picked":"SKIP","floor":22.0},{"not_picked":["Perfected Strike","Rampage+1","Flex"],"picked":"SKIP","floor":28.0},{"not_picked":["Flex+1","Clothesline","Second Wind"],"picked":"SKIP","floor":29.0},{"not_picked":["Warcry+1","Fiend Fire","Havoc"],"picked":"SKIP","floor":35.0},{"not_picked":["Warcry+1","Fiend Fire","Havoc"],"picked":"SKIP","floor":35.0},{"not_picked":["Body Slam+1","Havoc+1","Spot Weakness+1"],"picked":"SKIP","floor":36.0},{"not_picked":["Armaments","Intimidate+1","Heavy Blade+1"],"picked":"SKIP","floor":41.0},{"not_picked":["Anger","Perfected Strike","Heavy Blade"],"picked":"SKIP","floor":46.0}],"player_experience":175121,"relics_obtained":[{"floor":9.0,"key":"Regal Pillow"},{"floor":24.0,"key":"Red Mask"},{"floor":26.0,"key":"Pantograph"},{"floor":27.0,"key":"Paper Frog"},{"floor":29.0,"key":"Champion Belt"},{"floor":31.0,"key":"Frozen Egg 2"},{"floor":43.0,"key":"Red Skull"}],"event_choices":[{"cards_removed":["Strike_R"],"damage_healed":0.0,"max_hp_gain":0.0,"max_hp_loss":0.0,"gold_gain":0.0,"event_name":"Golden Wing","player_choice":"Card Removal","floor":2.0,"gold_loss":0.0,"damage_taken":7.0},{"damage_healed":0.0,"max_hp_gain":0.0,"max_hp_loss":0.0,"gold_gain":0.0,"cards_transformed":["Strike_R"],"event_name":"Transmorgrifier","player_choice":"Transformed","floor":3.0,"gold_loss":0.0,"damage_taken":0.0,"cards_obtained":["Whirlwind"]},{"damage_healed":0.0,"max_hp_gain":0.0,"max_hp_loss":0.0,"gold_gain":0.0,"event_name":"Big Fish","player_choice":"Box","floor":7.0,"gold_loss":0.0,"damage_taken":0.0,"relics_obtained":["Kunai"],"cards_obtained":["Regret"]},{"damage_healed":0.0,"max_hp_gain":0.0,"max_hp_loss":0.0,"gold_gain":0.0,"event_name":"Shining Light","player_choice":"Entered Light","floor":12.0,"gold_loss":0.0,"damage_taken":16.0,"cards_upgraded":["Defend_R","Whirlwind"]},{"damage_healed":0.0,"max_hp_gain":0.0,"max_hp_loss":0.0,"gold_gain":0.0,"event_name":"Beggar","player_choice":"Ignored","floor":19.0,"gold_loss":0.0,"damage_taken":0.0},{"damage_healed":0.0,"max_hp_gain":0.0,"max_hp_loss":0.0,"gold_gain":0.0,"event_name":"Colosseum","player_choice":"Fight","floor":21.0,"gold_loss":0.0,"damage_taken":0.0},{"damage_healed":0.0,"max_hp_gain":0.0,"max_hp_loss":0.0,"gold_gain":0.0,"event_name":"Colosseum","player_choice":"Fled From Nobs","floor":21.0,"gold_loss":0.0,"damage_taken":0.0},{"damage_healed":0.0,"max_hp_gain":0.0,"max_hp_loss":0.0,"gold_gain":0.0,"event_name":"Masked Bandits","player_choice":"Fought Bandits","floor":24.0,"gold_loss":0.0,"damage_taken":0.0},{"damage_healed":0.0,"max_hp_gain":0.0,"max_hp_loss":0.0,"gold_gain":0.0,"event_name":"SensoryStone","player_choice":"Memory 1","floor":38.0,"gold_loss":0.0,"damage_taken":0.0},{"cards_removed":["Defend_R"],"damage_healed":0.0,"max_hp_gain":0.0,"max_hp_loss":0.0,"gold_gain":0.0,"event_name":"Falling","player_choice":"Removed Skill","floor":39.0,"gold_loss":0.0,"damage_taken":0.0},{"damage_healed":0.0,"max_hp_gain":0.0,"max_hp_loss":0.0,"gold_gain":222.0,"event_name":"Tomb of Lord Red Mask","player_choice":"Wore Mask","floor":44.0,"gold_loss":0.0,"damage_taken":0.0},{"damage_healed":47.0,"max_hp_gain":0.0,"max_hp_loss":0.0,"gold_gain":0.0,"event_name":"MindBloom","player_choice":"Heal","floor":47.0,"gold_loss":0.0,"damage_taken":0.0,"cards_obtained":["Doubt"]}],"is_beta":false,"boss_relics":[{"not_picked":["Velvet Choker","Snecko Eye"],"picked":"Fusion Hammer"},{"not_picked":["Runic Dome","White Beast Statue"],"picked":"Orrery"}],"items_purged_floors":[37,45,48],"is_endless":false,"potions_floor_spawned":[4,16,21,29,36,46],"killed_by":"Awakened One","ascension_level":9}