{"gold_per_floor":[117,128,25,25,25,25,66,16,16,30,30,74,74,89,89,220,220,241,257,112,147,147,147,181,181,181,199,224,224,349,264,264,383,383,403,403,423,95,109,152,152,185,239,282,282,40,40,40,40,40],"floor_reached":51,"playtime":1683,"items_purged":["Strike_R"],"score":1071,"play_id":"1d9f0430-afb0-437b-a28f-b008e0dd47d1","local_time":"20181226173850","is_ascension_mode":true,"campfire_choices":[{"data":"Spot Weakness","floor":6,"key":"SMITH"},{"data":"Inflame","floor":11,"key":"SMITH"},{"data":"Twin Strike","floor":15,"key":"SMITH"},{"floor":23,"key":"REST"},{"data":"Heavy Blade","floor":25,"key":"SMITH"},{"data":"Perfected Strike","floor":29,"key":"SMITH"},{"data":"Cleave","floor":32,"key":"SMITH"},{"floor":41,"key":"REST"},{"data":"Ghostly Armor","floor":49,"key":"SMITH"}],"neow_cost":"NONE","seed_source_timestamp":454863487121764,"circlet_count":0,"master_deck":["Strike_R+1","Strike_R","Strike_R","Defend_R","Defend_R","Defend_R","Defend_R","Bash+1","Spot Weakness+1","Ghostly Armor+1","Spot Weakness+1","Wild Strike","Feed","Inflame+1","Twin Strike+1","Perfected Strike+1","Double Tap","Pommel Strike","Cleave+1","Heavy Blade+1","Necronomicurse","Shrug It Off","Battle Trance+1","Spot Weakness+1","Master of Strategy","Inflame+1","Doubt"],"relics":["Burning Blood","NeowsBlessing","Golden Idol","Ornamental Fan","Mercury Hourglass","Matryoshka","Sozu","Art of War","Red Mask","Necronomicon","Lantern","Bottled Flame","Incense Burner","Du-Vu Doll","Blue Candle","The Courier","Black Star","Whetstone","Juzu Bracelet","Mango","Turnip","Dream Catcher","Singing Bowl","Centennial Puzzle","Pantograph","Frozen Egg 2","Potion Belt","Anchor","Regal Pillow"],"potions_floor_usage":[12,16],"damage_taken":[{"damage":0,"enemies":"Jaw Worm","floor":1,"turns":1},{"damage":0,"enemies":"Small Slimes","floor":2,"turns":2},{"damage":0,"enemies":"3 Sentries","floor":7,"turns":1},{"damage":0,"enemies":"2 Louse","floor":10,"turns":3},{"damage":15,"enemies":"Lagavulin","floor":12,"turns":6},{"damage":12,"enemies":"Looter","floor":14,"turns":3},{"damage":33,"enemies":"The Guardian","floor":16,"turns":8},{"damage":11,"enemies":"Spheric Guardian","floor":18,"turns":3},{"damage":18,"enemies":"Shell Parasite","floor":19,"turns":3},{"damage":4,"enemies":"Masked Bandits","floor":21,"turns":3},{"damage":15,"enemies":"Gremlin Leader","floor":24,"turns":5},{"damage":4,"enemies":"Snake Plant","floor":27,"turns":2},{"damage":1,"enemies":"Centurion and Healer","floor":28,"turns":3},{"damage":3,"enemies":"Colosseum Slavers","floor":30,"turns":3},{"damage":0,"enemies":"Colosseum Nobs","floor":30,"turns":2},{"damage":11,"enemies":"Automaton","floor":33,"turns":4},{"damage":0,"enemies":"3 Shapes","floor":35,"turns":2},{"damage":1,"enemies":"Orb Walker","floor":37,"turns":3},{"damage":15,"enemies":"3 Darklings","floor":39,"turns":5},{"damage":44,"enemies":"Reptomancer","floor":40,"turns":4},{"damage":46,"enemies":"Nemesis","floor":42,"turns":7},{"damage":53,"enemies":"Reptomancer","floor":44,"turns":3},{"damage":40,"enemies":"Time Eater","floor":50,"turns":6}],"seed_played":"-6546786424493043823","potions_obtained":[{"floor":1,"key":"Regen Potion"},{"floor":7,"key":"Explosive Potion"}],"is_trial":false,"path_per_floor":["M","M","$","?","?","R","E","?","T","M","R","E","$","M","R","B",null,"M","M","$","?","?","R","E","R","T","M","M","R","?","?","R","B",null,"M","?","M","$","M","E","R","E","T","E","T","$","$","?","R","B",null],"character_chosen":"IRONCLAD","items_purchased":["Spot Weakness","Wild Strike","Art of War","Whetstone","Master of Strategy","Anchor","Regal Pillow"],"campfire_rested":2,"item_purchase_floors":[3,3,20,38,38,46,46],"current_hp_per_floor":[80,80,80,80,60,60,66,66,66,75,75,69,69,63,63,51,77,75,63,63,65,49,75,66,66,66,68,76,76,85,85,85,80,89,92,92,95,95,86,62,94,54,54,7,7,7,7,109,109,75],"gold":40,"neow_bonus":"THREE_ENEMY_KILL","is_prod":false,"is_daily":false,"chose_seed":false,"campfire_upgraded":7,"win_rate":0,"timestamp":1545842330,"path_taken":["M","M","$","?","?","R","E","?","T","M","R","E","?","?","R","BOSS","M","M","$","?","?","R","E","R","T","M","M","R","?","?","R","BOSS","M","?","?","$","M","E","R","E","T","E","?","?","$","?","R","BOSS"],"build_version":"2018-12-20","purchased_purges":1,"victory":true,"max_hp_per_floor":[80,80,80,80,80,80,80,80,80,83,83,86,86,86,86,86,86,89,89,89,89,89,89,89,89,89,89,92,92,92,92,92,92,92,92,92,95,95,95,109,109,109,109,109,109,109,109,109,109,109],"card_choices":[{"not_picked":["Pommel Strike","Thunderclap"],"picked":"Spot Weakness","floor":1},{"not_picked":["Anger","Pommel Strike"],"picked":"Ghostly Armor","floor":2},{"not_picked":["Corruption","Clothesline"],"picked":"Feed","floor":7},{"not_picked":["Headbutt","Flex"],"picked":"Inflame","floor":10},{"not_picked":["Wild Strike","Iron Wave"],"picked":"Twin Strike","floor":12},{"not_picked":["Dropkick","Sever Soul"],"picked":"Perfected Strike","floor":14},{"not_picked":["Offering","Exhume"],"picked":"Double Tap","floor":16},{"not_picked":["Clash+1","Iron Wave"],"picked":"Pommel Strike","floor":18},{"not_picked":["Flex","Carnage+1"],"picked":"Cleave","floor":19},{"not_picked":["Havoc","Clothesline+1"],"picked":"Heavy Blade","floor":21},{"not_picked":["Dark Embrace","Feel No Pain"],"picked":"Shrug It Off","floor":24},{"not_picked":["Flex","Rampage"],"picked":"Battle Trance+1","floor":27},{"not_picked":["Iron Wave","Dual Wield+1","Sentinel+1"],"picked":"SKIP","floor":28},{"not_picked":["Uppercut","Armaments","Warcry"],"picked":"SKIP","floor":35},{"not_picked":["Corruption+1","Thunderclap"],"picked":"Spot Weakness+1","floor":37},{"not_picked":["Headbutt","Ghostly Armor","Pommel Strike"],"picked":"SKIP","floor":39},{"not_picked":["Rage","Havoc+1","True Grit"],"picked":"SKIP","floor":40},{"not_picked":["Armaments","Anger","Sever Soul+1"],"picked":"SKIP","floor":42},{"not_picked":["Shrug It Off+1","Sword Boomerang+1"],"picked":"Inflame+1","floor":44}],"player_experience":230551,"relics_obtained":[{"floor":7,"key":"Ornamental Fan"},{"floor":9,"key":"Mercury Hourglass"},{"floor":12,"key":"Matryoshka"},{"floor":21,"key":"Red Mask"},{"floor":22,"key":"Necronomicon"},{"floor":24,"key":"Lantern"},{"floor":26,"key":"Bottled Flame"},{"floor":26,"key":"Incense Burner"},{"floor":30,"key":"Du-Vu Doll"},{"floor":30,"key":"Blue Candle"},{"floor":40,"key":"Juzu Bracelet"},{"floor":40,"key":"Mango"},{"floor":42,"key":"Turnip"},{"floor":42,"key":"Dream Catcher"},{"floor":43,"key":"Singing Bowl"},{"floor":43,"key":"Centennial Puzzle"},{"floor":44,"key":"Pantograph"},{"floor":44,"key":"Frozen Egg 2"},{"floor":45,"key":"Potion Belt"}],"event_choices":[{"damage_healed":0,"gold_gain":0,"player_choice":"Grow","damage_taken":0,"max_hp_gain":0,"max_hp_loss":0,"event_name":"Living Wall","floor":4,"gold_loss":0,"cards_upgraded":["Spot Weakness"]},{"damage_healed":0,"gold_gain":0,"player_choice":"Take Damage","damage_taken":20,"relics_obtained":["Golden Idol"],"max_hp_gain":0,"max_hp_loss":0,"event_name":"Golden Idol","floor":5,"gold_loss":0},{"cards_removed":["Strike_R"],"damage_healed":0,"gold_gain":0,"player_choice":"Card Removal","damage_taken":0,"max_hp_gain":0,"max_hp_loss":0,"event_name":"The Cleric","floor":8,"gold_loss":50},{"damage_healed":0,"gold_gain":0,"player_choice":"Fought Bandits","damage_taken":0,"max_hp_gain":0,"max_hp_loss":0,"event_name":"Masked Bandits","floor":21,"gold_loss":0},{"damage_healed":0,"gold_gain":0,"player_choice":"Obtained Book","damage_taken":16,"max_hp_gain":0,"max_hp_loss":0,"event_name":"Cursed Tome","floor":22,"gold_loss":0},{"damage_healed":0,"gold_gain":0,"player_choice":"Fight","damage_taken":0,"max_hp_gain":0,"max_hp_loss":0,"event_name":"Colosseum","floor":30,"gold_loss":0},{"damage_healed":0,"gold_gain":0,"player_choice":"Fought Nobs","damage_taken":0,"max_hp_gain":0,"max_hp_loss":0,"event_name":"Colosseum","floor":30,"gold_loss":0},{"damage_healed":0,"gold_gain":0,"player_choice":"Obtained Relic","damage_taken":0,"relics_obtained":["The Courier"],"max_hp_gain":0,"max_hp_loss":0,"event_name":"Addict","floor":31,"gold_loss":85},{"damage_healed":0,"gold_gain":0,"player_choice":"Leave","damage_taken":0,"max_hp_gain":0,"max_hp_loss":0,"event_name":"FaceTrader","floor":36,"gold_loss":0},{"damage_healed":102,"gold_gain":0,"player_choice":"Heal","damage_taken":0,"max_hp_gain":0,"max_hp_loss":0,"event_name":"MindBloom","floor":48,"gold_loss":0,"cards_obtained":["Doubt"]}],"is_beta":false,"boss_relics":[{"not_picked":["Astrolabe","Empty Cage"],"picked":"Sozu"},{"not_picked":["Philosopher\u0027s Stone","Orrery"],"picked":"Black Star"}],"items_purged_floors":[38],"is_endless":false,"potions_floor_spawned":[1,7,18,19,24,30,37,40,42],"ascension_level":5}