{"gold_per_floor":[117,137,167,167,117,117,6,26,26,26,38,66,66,77,77,179,179,167,40,52,85,85,85],"floor_reached":23,"playtime":1115,"items_purged":[],"score":214,"play_id":"70d678a9-9bf6-4280-a5aa-f97cd9e8f3ee","local_time":"20181121233512","is_ascension_mode":false,"campfire_choices":[{"data":"Bash","floor":6,"key":"SMITH"},{"data":"Metallicize","floor":13,"key":"SMITH"},{"floor":15,"key":"REST"}],"neow_cost":"NONE","seed_source_timestamp":1241046345116817,"circlet_count":0,"master_deck":["Strike_R","Strike_R","Strike_R","Strike_R","Strike_R","Defend_R","Defend_R","Defend_R","Defend_R","Bash+1","Power Through","Ghostly Armor","Feel No Pain+1","Hemokinesis","Heavy Blade","Metallicize+1","Warcry","Metallicize","Demon Form","Cleave","Iron Wave","Seeing Red","Thunderclap","Armaments","Rampage","Shrug It Off","Seeing Red","Heavy Blade+1","Pommel Strike+1"],"relics":["Burning Blood","Tiny Chest","Matryoshka","Pen Nib","Self Forming Clay","Mango","Orrery","Red Mask"],"potions_floor_usage":[16,21,21,22],"damage_taken":[{"damage":6,"enemies":"2 Louse","floor":1,"turns":3},{"damage":12,"enemies":"Jaw Worm","floor":2,"turns":5},{"damage":5,"enemies":"Small Slimes","floor":8,"turns":5},{"damage":8,"enemies":"2 Fungi Beasts","floor":11,"turns":4},{"damage":27,"enemies":"Lagavulin","floor":12,"turns":9},{"damage":3,"enemies":"Red Slaver","floor":14,"turns":5},{"damage":77,"enemies":"Hexaghost","floor":16,"turns":16},{"damage":16,"enemies":"2 Thieves","floor":18,"turns":4},{"damage":23,"enemies":"Chosen","floor":20,"turns":6},{"damage":36,"enemies":"Masked Bandits","floor":21,"turns":8},{"damage":24,"enemies":"Colosseum Slavers","floor":22,"turns":6},{"damage":27,"enemies":"Gremlin Leader","floor":23,"turns":2}],"seed_played":"2619779771598973337","potions_obtained":[{"floor":11,"key":"Ancient Potion"},{"floor":12,"key":"SkillPotion"},{"floor":16,"key":"Dexterity Potion"},{"floor":20,"key":"FearPotion"},{"floor":21,"key":"Explosive Potion"}],"is_trial":false,"path_per_floor":["M","M","?","T","?","R","$","M","T","?","M","E","R","M","R","B",null,"M","$","M","?","?","E"],"character_chosen":"IRONCLAD","items_purchased":["Feel No Pain","Hemokinesis","Shrug It Off","Seeing Red"],"campfire_rested":1,"item_purchase_floors":[7,7,19,19],"current_hp_per_floor":[88,82,82,82,82,82,82,83,83,83,81,74,74,77,102,31,102,92,92,75,45,27,0],"gold":85,"neow_bonus":"TEN_PERCENT_HP_BONUS","is_prod":false,"is_daily":false,"chose_seed":false,"campfire_upgraded":2,"win_rate":0.0,"timestamp":1542872112,"path_taken":["M","M","?","?","?","R","?","?","T","?","M","E","R","M","R","BOSS","M","$","M","?","?","E"],"build_version":"2018-11-15","purchased_purges":0,"victory":false,"max_hp_per_floor":[88,88,88,88,88,88,88,88,88,88,88,102,102,102,102,102,102,102,102,102,102,102,102],"card_choices":[{"not_picked":["Armaments","Anger"],"picked":"Power Through","floor":1},{"not_picked":["Infernal Blade","Sword Boomerang"],"picked":"Ghostly Armor","floor":2},{"not_picked":["Reckless Charge","Pummel"],"picked":"Heavy Blade","floor":8},{"not_picked":["Anger","Armaments"],"picked":"Metallicize","floor":11},{"not_picked":["Perfected Strike","Sword Boomerang"],"picked":"Warcry","floor":12},{"not_picked":["Dark Embrace","Heavy Blade"],"picked":"Metallicize","floor":14},{"not_picked":["Brutality","Limit Break"],"picked":"Demon Form","floor":16},{"not_picked":["Perfected Strike","Warcry"],"picked":"Cleave","floor":17},{"not_picked":["Headbutt","Carnage"],"picked":"Iron Wave","floor":17},{"not_picked":["Cleave","Heavy Blade"],"picked":"Seeing Red","floor":17},{"not_picked":["Twin Strike","Anger"],"picked":"Thunderclap","floor":17},{"not_picked":["Burning Pact","Wild Strike"],"picked":"Armaments","floor":17},{"not_picked":["Impervious","Evolve+1"],"picked":"Rampage","floor":18},{"not_picked":["Armaments","Rupture"],"picked":"Heavy Blade+1","floor":20},{"not_picked":["Warcry+1","Sword Boomerang"],"picked":"Pommel Strike+1","floor":21}],"player_experience":110508,"relics_obtained":[{"floor":4,"key":"Matryoshka"},{"floor":9,"key":"Pen Nib"},{"floor":9,"key":"Self Forming Clay"},{"floor":12,"key":"Mango"},{"floor":21,"key":"Red Mask"}],"event_choices":[{"damage_healed":0,"gold_gain":0,"player_choice":"Box","damage_taken":0,"relics_obtained":["Tiny Chest"],"max_hp_gain":0,"max_hp_loss":0,"event_name":"Big Fish","floor":3,"gold_loss":0,"cards_obtained":["Regret"]},{"cards_removed":["Regret"],"damage_healed":0,"gold_gain":0,"player_choice":"Card Removal","damage_taken":0,"max_hp_gain":0,"max_hp_loss":0,"event_name":"The Cleric","floor":5,"gold_loss":50},{"damage_healed":0,"gold_gain":0,"player_choice":"Grow","damage_taken":0,"max_hp_gain":0,"max_hp_loss":0,"event_name":"Living Wall","floor":10,"gold_loss":0,"cards_upgraded":["Feel No Pain"]},{"damage_healed":0,"gold_gain":0,"player_choice":"Fought Bandits","damage_taken":0,"max_hp_gain":0,"max_hp_loss":0,"event_name":"Masked Bandits","floor":21,"gold_loss":0},{"damage_healed":0,"gold_gain":0,"player_choice":"Fight","damage_taken":0,"max_hp_gain":0,"max_hp_loss":0,"event_name":"Colosseum","floor":22,"gold_loss":0},{"damage_healed":0,"gold_gain":0,"player_choice":"Fled From Nobs","damage_taken":0,"max_hp_gain":0,"max_hp_loss":0,"event_name":"Colosseum","floor":22,"gold_loss":0}],"is_beta":false,"boss_relics":[{"not_picked":["Eternal Feather","Fusion Hammer"],"picked":"Orrery"}],"items_purged_floors":[],"is_endless":false,"potions_floor_spawned":[11,12,16,20,21,22],"killed_by":"Gremlin Leader","ascension_level":0}