{"gold_per_floor":[113,128,78,98,61,61,89,105,105,105,105],"floor_reached":11,"playtime":456,"items_purged":[],"score":73,"play_id":"ffe6877e-4317-4660-b6d0-f0aebc1b2a0d","local_time":"20181229131947","is_ascension_mode":false,"campfire_choices":[{"data":"Searing Blow","floor":6,"key":"SMITH"}],"neow_cost":"TEN_PERCENT_HP_LOSS","seed_source_timestamp":8762453002667,"circlet_count":0,"master_deck":["Strike_R","Strike_R","Strike_R","Strike_R","Strike_R","Defend_R","Defend_R","Defend_R","Bash","Barricade","Searing Blow+1","Iron Wave","Warcry","Uppercut","Pommel Strike","Inflame"],"relics":["Burning Blood","Oddly Smooth Stone","Regal Pillow","Matryoshka"],"potions_floor_usage":[],"damage_taken":[{"damage":8,"enemies":"2 Louse","floor":1,"turns":4},{"damage":11,"enemies":"Jaw Worm","floor":2,"turns":4},{"damage":8,"enemies":"Small Slimes","floor":4,"turns":4},{"damage":30,"enemies":"3 Sentries","floor":7,"turns":9},{"damage":9,"enemies":"3 Louse","floor":8,"turns":5},{"damage":22,"enemies":"The Mushroom Lair","floor":11,"turns":2}],"seed_played":"-2958392410439018352","potions_obtained":[{"floor":4,"key":"Dexterity Potion"}],"is_trial":false,"path_per_floor":["M","M","?","M","$","R","E","M","T","?","?"],"character_chosen":"IRONCLAD","items_purchased":["Uppercut"],"campfire_rested":0,"item_purchase_floors":[5],"current_hp_per_floor":[70,65,65,63,63,63,39,36,36,18,0],"gold":105,"neow_bonus":"THREE_RARE_CARDS","is_prod":false,"is_daily":false,"chose_seed":false,"campfire_upgraded":1,"win_rate":0,"timestamp":1546085987,"path_taken":["M","M","?","M","$","R","E","M","T","?","?"],"build_version":"2018-12-20","purchased_purges":0,"victory":false,"max_hp_per_floor":[72,72,72,72,72,72,72,72,72,72,72],"card_choices":[{"not_picked":["Bludgeon","Demon Form"],"picked":"Barricade","floor":0},{"not_picked":["Clothesline","Hemokinesis"],"picked":"Searing Blow","floor":1},{"not_picked":["Havoc","Anger"],"picked":"Iron Wave","floor":2},{"not_picked":["Wild Strike","True Grit"],"picked":"Warcry","floor":4},{"not_picked":["Sword Boomerang","Searing Blow"],"picked":"Pommel Strike","floor":7},{"not_picked":["Anger","Bloodletting"],"picked":"Inflame","floor":8}],"player_experience":65548,"relics_obtained":[{"floor":7,"key":"Oddly Smooth Stone"},{"floor":9,"key":"Regal Pillow"}],"event_choices":[{"cards_removed":["Defend_R"],"damage_healed":0,"gold_gain":0,"player_choice":"Card Removal","damage_taken":0,"max_hp_gain":0,"max_hp_loss":0,"event_name":"The Cleric","floor":3,"gold_loss":50},{"damage_healed":0,"gold_gain":0,"player_choice":"Success","damage_taken":18,"relics_obtained":["Matryoshka"],"max_hp_gain":0,"max_hp_loss":0,"event_name":"Scrap Ooze","floor":10,"gold_loss":0},{"damage_healed":0,"gold_gain":0,"player_choice":"Fought Mushrooms","damage_taken":0,"max_hp_gain":0,"max_hp_loss":0,"event_name":"Mushrooms","floor":11,"gold_loss":0}],"is_beta":false,"boss_relics":[],"items_purged_floors":[],"is_endless":false,"potions_floor_spawned":[4],"killed_by":"The Mushroom Lair","ascension_level":0}