{"gold_per_floor":[112,112,112,112,124,124,156,156,238,257,257,277,287,299,299,402,402,417,428,343,268,268],"floor_reached":22,"playtime":805,"items_purged":[],"score":211,"play_id":"f1cb652e-15d1-41df-9296-848c40b5dec4","local_time":"20181229113720","is_ascension_mode":false,"campfire_choices":[{"floor":6,"key":"REST"},{"floor":8,"key":"REST"},{"floor":15,"key":"REST"}],"neow_cost":"NONE","seed_source_timestamp":2265587032452,"circlet_count":0,"master_deck":["Strike_B","Strike_B","Strike_B+1","Defend_B+1","Defend_B","Zap+1","Dualcast","Barrage","Streamline","Doom and Gloom","Sunder","Beam Cell","Thunder Strike","Go for the Eyes","Biased Cognition","Stack","Conserve Battery+1"],"relics":["Cracked Core","Mercury Hourglass","Pear","Inserter","War Paint"],"potions_floor_usage":[13,16],"damage_taken":[{"damage":0,"enemies":"Small Slimes","floor":1,"turns":2},{"damage":6,"enemies":"2 Louse","floor":5,"turns":2},{"damage":27,"enemies":"Gremlin Nob","floor":7,"turns":4},{"damage":0,"enemies":"Cultist","floor":10,"turns":3},{"damage":6,"enemies":"Blue Slaver","floor":12,"turns":3},{"damage":4,"enemies":"2 Fungi Beasts","floor":13,"turns":2},{"damage":11,"enemies":"Large Slime","floor":14,"turns":3},{"damage":49,"enemies":"Hexaghost","floor":16,"turns":8},{"damage":28,"enemies":"Shell Parasite","floor":18,"turns":5},{"damage":40,"enemies":"2 Thieves","floor":19,"turns":4},{"damage":29,"enemies":"Shelled Parasite and Fungi","floor":22,"turns":6}],"seed_played":"7132741470801922314","potions_obtained":[{"floor":5,"key":"Energy Potion"},{"floor":7,"key":"Weak Potion"},{"floor":12,"key":"Fruit Juice"},{"floor":16,"key":"PowerPotion"}],"is_trial":false,"path_per_floor":["M","?","?","?","M","R","E","R","T","M","?","M","M","M","R","B",null,"M","M","?","?","M"],"character_chosen":"DEFECT","items_purchased":[],"campfire_rested":3,"item_purchase_floors":[],"current_hp_per_floor":[82,66,59,59,53,77,50,74,84,84,84,78,79,68,97,48,97,69,29,29,29,0],"gold":268,"neow_bonus":"TEN_PERCENT_HP_BONUS","is_prod":false,"is_daily":false,"chose_seed":false,"campfire_upgraded":0,"win_rate":0.0,"timestamp":1546079840,"path_taken":["M","?","?","?","M","R","E","R","T","?","?","M","M","M","R","BOSS","M","M","?","?","M"],"build_version":"2018-12-20","purchased_purges":0,"victory":false,"max_hp_per_floor":[82,82,82,82,82,82,82,82,92,92,92,92,97,97,97,97,97,97,97,97,97,97],"card_choices":[{"not_picked":["Compile Driver","Chill"],"picked":"Barrage","floor":1},{"not_picked":["Cold Snap","Sweeping Beam"],"picked":"Streamline","floor":5},{"not_picked":["Cold Snap","FTL"],"picked":"Doom and Gloom","floor":7},{"not_picked":["Force Field","White Noise"],"picked":"Sunder","floor":10},{"not_picked":["Steam Power","Chill"],"picked":"Beam Cell","floor":12},{"not_picked":["Rebound","Gash"],"picked":"Thunder Strike","floor":13},{"not_picked":["Compile Driver","Blizzard"],"picked":"Go for the Eyes","floor":14},{"not_picked":["Meteor Strike","All For One"],"picked":"Biased Cognition","floor":16},{"not_picked":["Heatsinks","Rebound"],"picked":"Stack","floor":18},{"not_picked":["Gash+1","Turbo"],"picked":"Conserve Battery","floor":19}],"player_experience":59128,"relics_obtained":[{"floor":7,"key":"Mercury Hourglass"},{"floor":9,"key":"Pear"}],"event_choices":[{"damage_healed":0,"gold_gain":0,"player_choice":"Entered Light","damage_taken":16,"max_hp_gain":0,"max_hp_loss":0,"event_name":"Shining Light","floor":2,"gold_loss":0,"cards_upgraded":["Strike_B","Defend_B"]},{"cards_removed":["Defend_B"],"damage_healed":0,"gold_gain":0,"player_choice":"Card Removal","damage_taken":7,"max_hp_gain":0,"max_hp_loss":0,"event_name":"Golden Wing","floor":3,"gold_loss":0},{"cards_removed":["Defend_B"],"damage_healed":0,"gold_gain":0,"player_choice":"Purged","damage_taken":0,"max_hp_gain":0,"max_hp_loss":0,"event_name":"Purifier","floor":4,"gold_loss":0},{"damage_healed":0,"gold_gain":0,"player_choice":"Ignored","damage_taken":0,"max_hp_gain":0,"max_hp_loss":0,"event_name":"Liars Game","floor":11,"gold_loss":0},{"damage_healed":0,"gold_gain":0,"player_choice":"Obtained Relic","damage_taken":0,"relics_obtained":["War Paint"],"max_hp_gain":0,"max_hp_loss":0,"event_name":"Addict","floor":20,"gold_loss":85},{"cards_removed":["Strike_B"],"damage_healed":0,"gold_gain":0,"player_choice":"Gave Gold","damage_taken":0,"max_hp_gain":0,"max_hp_loss":0,"event_name":"Beggar","floor":21,"gold_loss":75}],"is_beta":false,"boss_relics":[{"not_picked":["Busted Crown","Lizard Tail"],"picked":"Inserter"}],"items_purged_floors":[],"is_endless":false,"potions_floor_spawned":[5,7,12,16],"killed_by":"Shelled Parasite and Fungi","ascension_level":0}