{"gold_per_floor":[119,134,153,163,113,113,125,125,152,152,170,182,81,95,95,198,198,216,29,29,39,39,39,39,39,86,104,122,122,25,42,42,138,138,149,149,46,146,146,146,177,177,250,265,37,47,58,113,113,113],"floor_reached":50,"playtime":2393,"items_purged":["Strike_B","Genetic Algorithm"],"score":650,"play_id":"3fd65672-6b2c-4919-8c53-99af1132598f","local_time":"20190119150651","is_ascension_mode":true,"campfire_choices":[{"data":"Zap","floor":6,"key":"SMITH"},{"data":"Genetic Algorithm","floor":8,"key":"SMITH"},{"data":"Go for the Eyes","floor":15,"key":"SMITH"},{"data":"Multi-Cast","floor":23,"key":"SMITH"},{"data":"Defragment","floor":25,"key":"SMITH"},{"data":"Blizzard","floor":29,"key":"SMITH"},{"data":"Darkness","floor":32,"key":"SMITH"},{"data":"Reboot","floor":40,"key":"SMITH"},{"floor":42,"key":"REST"},{"floor":49,"key":"REST"}],"neow_cost":"NONE","seed_source_timestamp":695614144371014,"circlet_count":0,"master_deck":["Zap+1","Dualcast","Coolheaded","Genetic Algorithm+1","Ball Lightning","Cold Snap+1","Undo","Go for the Eyes+1","Compile Driver","Barrage","Hyperbeam","Multi-Cast+1","Auto Shields","Doom and Gloom","Melter","Leap","Defragment+1","Leap+1","Blizzard+1","Darkness+1","Rebound","Reboot+1","Glacier","Conserve Battery","Darkness+1","FTL"],"relics":["Cracked Core","NeowsBlessing","Vajra","Pandora\u0027s Box","Juzu Bracelet","Busted Crown","Peace Pipe","Lantern","Letter Opener","Strawberry","Pen Nib"],"potions_floor_usage":[33,33,33,41,50],"damage_taken":[{"damage":0,"enemies":"Cultist","floor":1,"turns":1},{"damage":0,"enemies":"Small Slimes","floor":2,"turns":1},{"damage":0,"enemies":"2 Louse","floor":3,"turns":1},{"damage":2,"enemies":"Red Slaver","floor":4,"turns":3},{"damage":1,"enemies":"Blue Slaver","floor":7,"turns":4},{"damage":15,"enemies":"Exordium Thugs","floor":11,"turns":4},{"damage":3,"enemies":"2 Fungi Beasts","floor":12,"turns":3},{"damage":1,"enemies":"Lots of Slimes","floor":14,"turns":3},{"damage":24,"enemies":"Hexaghost","floor":16,"turns":10},{"damage":0,"enemies":"Chosen","floor":18,"turns":4},{"damage":0,"enemies":"Spheric Guardian","floor":21,"turns":3},{"damage":0,"enemies":"Snecko","floor":27,"turns":5},{"damage":11,"enemies":"Centurion and Healer","floor":28,"turns":7},{"damage":5,"enemies":"Snake Plant","floor":31,"turns":4},{"damage":15,"enemies":"Champ","floor":33,"turns":10},{"damage":6,"enemies":"Orb Walker","floor":35,"turns":4},{"damage":8,"enemies":"Mind Bloom Boss Battle","floor":38,"turns":7},{"damage":54,"enemies":"Nemesis","floor":41,"turns":5},{"damage":0,"enemies":"3 Shapes","floor":44,"turns":4},{"damage":12,"enemies":"Maw","floor":46,"turns":6},{"damage":9,"enemies":"3 Darklings","floor":47,"turns":3},{"damage":47,"enemies":"Donu and Deca","floor":50,"turns":5}],"seed_played":"2649207803145096603","potions_obtained":[{"floor":2,"key":"SteroidPotion"},{"floor":4,"key":"Strength Potion"},{"floor":11,"key":"Swift Potion"},{"floor":31,"key":"PowerPotion"},{"floor":35,"key":"Regen Potion"},{"floor":46,"key":"AttackPotion"}],"is_trial":false,"path_per_floor":["M","M","M","M","?","R","M","R","T","?","M","M","$","M","R","B",null,"M","$","?","M","$","R","?","R","T","M","M","R","$","M","R","B",null,"M","?","$","?","?","R","E","R","T","M","$","M","M","T","R","B"],"character_chosen":"DEFECT","items_purchased":["Compile Driver","Leap","Defragment","Darkness","Rebound","Glacier","Conserve Battery","FTL","Strawberry"],"campfire_rested":2,"item_purchase_floors":[13,19,19,30,30,37,37,45,45],"current_hp_per_floor":[68,68,68,66,66,66,65,65,65,50,35,32,32,31,31,7,58,58,58,58,58,58,58,44,44,44,44,33,33,33,28,28,13,63,57,57,57,49,49,49,9,33,33,33,40,28,19,19,45,0],"gold":113,"neow_bonus":"THREE_ENEMY_KILL","is_prod":false,"is_daily":false,"chose_seed":false,"campfire_upgraded":8,"win_rate":0,"timestamp":1547870811,"path_taken":["M","M","?","M","?","R","M","R","T","?","M","M","$","M","R","BOSS","M","$","?","?","$","R","?","R","T","M","M","R","?","M","R","BOSS","M","?","$","?","?","R","E","R","T","M","$","M","M","?","R","BOSS"],"build_version":"2019-01-17v2","purchased_purges":2,"victory":false,"max_hp_per_floor":[75,75,75,75,75,75,75,75,75,75,75,75,75,75,75,75,75,75,75,75,75,75,75,80,80,80,80,80,80,80,80,80,80,80,80,80,80,80,80,80,80,80,80,80,87,87,87,87,87,87],"card_choices":[{"not_picked":["Steam","Turbo"],"picked":"Coolheaded","floor":1},{"not_picked":["Leap","Self Repair"],"picked":"Genetic Algorithm","floor":2},{"not_picked":["Hologram","Scrape"],"picked":"Ball Lightning","floor":3},{"not_picked":["Melter","Coolheaded","Stack"],"picked":"SKIP","floor":4},{"not_picked":["Force Field","Sweeping Beam"],"picked":"Cold Snap","floor":7},{"not_picked":["Sweeping Beam","Conserve Battery"],"picked":"Undo","floor":11},{"not_picked":["Seek","Self Repair"],"picked":"Go for the Eyes","floor":12},{"not_picked":["Undo","Conserve Battery"],"picked":"Barrage","floor":14},{"not_picked":["Machine Learning","Creative AI"],"picked":"Electrodynamics","floor":16},{"not_picked":["Melter","Streamline","Aggregate"],"picked":"SKIP","floor":18},{"not_picked":["Turbo","Steam Power"],"picked":"Leap+1","floor":21},{"not_picked":["Barrage","Sweeping Beam","Steam"],"picked":"SKIP","floor":27},{"not_picked":["Tempest","Auto Shields"],"picked":"Blizzard","floor":28},{"not_picked":["Turbo","Heatsinks"],"picked":"Reboot","floor":31},{"not_picked":["Self Repair"],"picked":"SKIP","floor":35},{"not_picked":["Aggregate"],"picked":"SKIP","floor":41},{"not_picked":[],"picked":"Darkness+1","floor":44},{"not_picked":["Leap"],"picked":"SKIP","floor":46},{"not_picked":["Reprogram"],"picked":"SKIP","floor":47}],"player_experience":666141,"relics_obtained":[{"floor":9,"key":"Vajra"},{"floor":26,"key":"Juzu Bracelet"},{"floor":38,"key":"Peace Pipe"},{"floor":41,"key":"Lantern"},{"floor":43,"key":"Letter Opener"},{"floor":48,"key":"Pen Nib"}],"event_choices":[{"cards_removed":["Strike_B"],"damage_healed":0,"gold_gain":0,"player_choice":"Card Removal","damage_taken":0,"max_hp_gain":0,"max_hp_loss":0,"event_name":"The Cleric","floor":5,"gold_loss":50},{"damage_healed":0,"gold_gain":0,"player_choice":"Entered Light","damage_taken":15,"max_hp_gain":0,"max_hp_loss":0,"event_name":"Shining Light","floor":10,"gold_loss":0,"cards_upgraded":["Strike_B","Cold Snap"]},{"cards_removed":["Electrodynamics"],"damage_healed":0,"gold_gain":0,"player_choice":"Purged","damage_taken":0,"max_hp_gain":0,"max_hp_loss":0,"event_name":"Purifier","floor":20,"gold_loss":0},{"damage_healed":0,"gold_gain":0,"player_choice":"Shed Blood","damage_taken":19,"max_hp_gain":5,"max_hp_loss":0,"event_name":"Forgotten Altar","floor":24,"gold_loss":0},{"damage_healed":0,"gold_gain":0,"player_choice":"Ignored","damage_taken":0,"max_hp_gain":0,"max_hp_loss":0,"event_name":"SecretPortal","floor":36,"gold_loss":0},{"damage_healed":0,"gold_gain":0,"player_choice":"Fight","damage_taken":0,"max_hp_gain":0,"max_hp_loss":0,"event_name":"MindBloom","floor":38,"gold_loss":0},{"damage_healed":0,"gold_gain":0,"player_choice":"Memory 1","damage_taken":0,"max_hp_gain":0,"max_hp_loss":0,"event_name":"SensoryStone","floor":39,"gold_loss":0}],"is_beta":false,"boss_relics":[{"not_picked":["Ectoplasm","Calling Bell"],"picked":"Pandora\u0027s Box"},{"not_picked":["Tiny House","Coffee Dripper"],"picked":"Busted Crown"}],"items_purged_floors":[13,19],"is_endless":false,"potions_floor_spawned":[2,4,11,12,16,28,31,35,46],"killed_by":"Donu and Deca","ascension_level":8}