{"gold_per_floor":[119,135,55,67,67,67,67,85,85,95,95,95,95,20,20,123,123,143,158,174,174,189,217,217,217,217,217,245,91,91,106,106,202,202,218,233,233,252,252,252,263,263,263,263,292,310,323,323],"floor_reached":48,"playtime":2422,"items_purged":["Strike_G"],"score":497,"play_id":"132c16be-f74d-46af-bc72-20854335b787","local_time":"20190120174333","is_ascension_mode":false,"campfire_choices":[{"data":"Noxious Fumes","floor":6.0,"key":"SMITH"},{"data":"Caltrops","floor":15.0,"key":"SMITH"},{"data":"Adrenaline","floor":24.0,"key":"SMITH"},{"floor":27.0,"key":"REST"},{"floor":32.0,"key":"REST"},{"floor":40.0,"key":"REST"},{"floor":42.0,"key":"REST"}],"neow_cost":"NONE","seed_source_timestamp":0,"circlet_count":0,"master_deck":["Defend_G","Defend_G","Defend_G","Defend_G","Survivor","Neutralize+1","Caltrops","Terror","Noxious Fumes+1","Caltrops+1","Deadly Poison","Deadly Poison","Adrenaline+1","Calculated Gamble+1","PiercingWail+1","Die Die Die","Well Laid Plans","Necronomicurse","PiercingWail+1","Noxious Fumes+1","Catalyst"],"special_seed":0,"relics":["Ring of the Snake","Ninja Scroll","The Specimen","Astrolabe","Torii","Necronomicon","Red Mask","Bronze Scales","Lizard Tail","Meat on the Bone","Frozen Egg 2"],"potions_floor_usage":[],"damage_taken":[{"damage":0.0,"enemies":"Small Slimes","floor":1.0,"turns":3.0},{"damage":0.0,"enemies":"Cultist","floor":2.0,"turns":3.0},{"damage":1.0,"enemies":"2 Louse","floor":4.0,"turns":4.0},{"damage":16.0,"enemies":"Lots of Slimes","floor":8.0,"turns":3.0},{"damage":2.0,"enemies":"2 Fungi Beasts","floor":10.0,"turns":4.0},{"damage":10.0,"enemies":"The Guardian","floor":16.0,"turns":8.0},{"damage":7.0,"enemies":"Shell Parasite","floor":18.0,"turns":4.0},{"damage":0.0,"enemies":"Chosen","floor":19.0,"turns":4.0},{"damage":17.0,"enemies":"Centurion and Healer","floor":20.0,"turns":5.0},{"damage":11.0,"enemies":"Snecko","floor":22.0,"turns":5.0},{"damage":21.0,"enemies":"Slavers","floor":23.0,"turns":5.0},{"damage":0.0,"enemies":"Masked Bandits","floor":28.0,"turns":3.0},{"damage":2.0,"enemies":"Cultist and Chosen","floor":31.0,"turns":5.0},{"damage":31.0,"enemies":"Collector","floor":33.0,"turns":7.0},{"damage":8.0,"enemies":"3 Darklings","floor":35.0,"turns":6.0},{"damage":19.0,"enemies":"Orb Walker","floor":36.0,"turns":5.0},{"damage":16.0,"enemies":"Maw","floor":38.0,"turns":7.0},{"damage":53.0,"enemies":"Transient","floor":41.0,"turns":5.0},{"damage":40.0,"enemies":"Reptomancer","floor":45.0,"turns":5.0},{"damage":15.0,"enemies":"Sphere and 2 Shapes","floor":46.0,"turns":5.0},{"damage":23.0,"enemies":"Writhing Mass","floor":47.0,"turns":5.0},{"damage":26,"enemies":"Transient","floor":48,"turns":4}],"seed_played":"-716499315360957064","potions_obtained":[{"floor":2.0,"key":"Poison Potion"},{"floor":4.0,"key":"Regen Potion"},{"floor":16.0,"key":"SteroidPotion"},{"floor":22.0,"key":"EssenceOfSteel"},{"floor":23.0,"key":"SkillPotion"},{"floor":31.0,"key":"GamblersBrew"},{"floor":33.0,"key":"Poison Potion"},{"floor":41.0,"key":"Weak Potion"},{"floor":45.0,"key":"SteroidPotion"}],"is_trial":false,"path_per_floor":["M","M","$","M","?","R","$","M","T","M","?","?","?","$","R","B",null,"M","M","M","?","M","E","R","?","T","R","?","$","?","M","R","B",null,"M","M","$","M","?","R","M","R","T","?","E","M","M","M"],"character_chosen":"THE_SILENT","items_purchased":["Noxious Fumes","Bronze Scales"],"campfire_rested":4,"item_purchase_floors":[3,29],"current_hp_per_floor":[70,70,70,69,69,69,69,53,53,51,51,51,51,51,51,41,70,63,63,61,61,50,29,29,13,13,34,34,34,21,19,41,10,75,67,48,48,32,32,54,1,23,23,23,37,34,23,0],"gold":323,"neow_bonus":"UPGRADE_CARD","is_prod":false,"is_daily":false,"chose_seed":false,"campfire_upgraded":3,"win_rate":0,"timestamp":1548002613,"path_taken":["M","M","$","M","?","R","?","?","T","M","?","?","?","$","R","BOSS","M","M","?","?","?","E","R","?","T","R","?","?","?","M","R","BOSS","M","M","$","M","?","R","M","R","T","?","E","M","M","M"],"build_version":"2019-01-17v2","purchased_purges":1,"victory":false,"max_hp_per_floor":[70,70,70,70,70,70,70,70,70,70,70,70,70,70,70,70,70,70,70,70,70,70,70,70,70,70,70,70,70,75,75,75,75,75,75,75,75,75,75,75,75,75,75,75,75,75,75,75],"card_choices":[{"not_picked":["Prepared","Infinite Blades"],"picked":"Caltrops","floor":1.0},{"not_picked":["Deadly Poison","PiercingWail"],"picked":"Terror","floor":2.0},{"not_picked":["Cloak And Dagger","Slice"],"picked":"Caltrops","floor":4.0},{"not_picked":["Prepared","Dodge and Roll"],"picked":"Deadly Poison","floor":8.0},{"not_picked":["Acrobatics","Reflex","Blade Dance"],"picked":"SKIP","floor":10.0},{"not_picked":["Grand Finale","A Thousand Cuts"],"picked":"Adrenaline","floor":16.0},{"not_picked":["Slice","Dagger Spray","Prepared+1"],"picked":"SKIP","floor":18.0},{"not_picked":["Underhanded Strike+1","Dodge and Roll","Cloak And Dagger"],"picked":"SKIP","floor":19.0},{"not_picked":["Escape Plan","Deadly Poison"],"picked":"Die Die Die","floor":20.0},{"not_picked":["Riddle With Holes","Quick Slash+1","Flechettes"],"picked":"SKIP","floor":22.0},{"not_picked":["Dodge and Roll+1","Sucker Punch"],"picked":"Well Laid Plans","floor":23.0},{"not_picked":["Endless Agony+1","Dodge and Roll"],"picked":"PiercingWail+1","floor":28.0},{"not_picked":["Dagger Spray","Underhanded Strike","Quick Slash+1"],"picked":"SKIP","floor":31.0},{"not_picked":["Eviscerate","Leg Sweep"],"picked":"Noxious Fumes+1","floor":35.0},{"not_picked":["Outmaneuver+1","Underhanded Strike","Deflect"],"picked":"SKIP","floor":36.0},{"not_picked":["Acrobatics+1","Masterful Stab","Endless Agony+1"],"picked":"SKIP","floor":38.0},{"not_picked":["Calculated Gamble+1","Infinite Blades","Endless Agony+1"],"picked":"SKIP","floor":41.0},{"not_picked":["Terror+1","Riddle With Holes","Calculated Gamble+1"],"picked":"SKIP","floor":45.0},{"not_picked":["Flying Knee","Reflex+1"],"picked":"Catalyst","floor":46.0},{"not_picked":["Deflect","Flying Knee+1","Infinite Blades+1"],"picked":"SKIP","floor":47.0}],"player_experience":272095,"relics_obtained":[{"floor":9.0,"key":"Ninja Scroll"},{"floor":23.0,"key":"Torii"},{"floor":25.0,"key":"Necronomicon"},{"floor":28.0,"key":"Red Mask"},{"floor":43.0,"key":"Meat on the Bone"},{"floor":45.0,"key":"Frozen Egg 2"}],"event_choices":[{"damage_healed":0.0,"max_hp_gain":0.0,"max_hp_loss":0.0,"gold_gain":0.0,"cards_transformed":["Strike_G"],"event_name":"Transmorgrifier","player_choice":"Transformed","floor":5.0,"gold_loss":0.0,"damage_taken":0.0,"cards_obtained":["Deadly Poison"]},{"damage_healed":0.0,"max_hp_gain":0.0,"max_hp_loss":0.0,"gold_gain":0.0,"event_name":"Liars Game","player_choice":"Ignored","floor":11.0,"gold_loss":0.0,"damage_taken":0.0},{"damage_healed":0.0,"max_hp_gain":0.0,"max_hp_loss":0.0,"gold_gain":0.0,"event_name":"Dead Adventurer","player_choice":"Searched \u00271\u0027 times","floor":12.0,"gold_loss":0.0,"damage_taken":0.0,"relics_obtained":["The Specimen"]},{"cards_removed":["Defend_G"],"damage_healed":0.0,"max_hp_gain":0.0,"max_hp_loss":0.0,"gold_gain":0.0,"event_name":"NoteForYourself","player_choice":"Took Card","floor":13.0,"gold_loss":0.0,"damage_taken":0.0,"cards_obtained":["Defend_R"]},{"cards_removed":["Strike_G"],"damage_healed":0.0,"max_hp_gain":0.0,"max_hp_loss":0.0,"gold_gain":0.0,"event_name":"Purifier","player_choice":"Purged","floor":21.0,"gold_loss":0.0,"damage_taken":0.0},{"damage_healed":0.0,"max_hp_gain":0.0,"max_hp_loss":0.0,"gold_gain":0.0,"event_name":"Cursed Tome","player_choice":"Obtained Book","floor":25.0,"gold_loss":0.0,"damage_taken":16.0},{"damage_healed":0.0,"max_hp_gain":0.0,"max_hp_loss":0.0,"gold_gain":0.0,"event_name":"Masked Bandits","player_choice":"Fought Bandits","floor":28.0,"gold_loss":0.0,"damage_taken":0.0},{"damage_healed":0.0,"max_hp_gain":5.0,"max_hp_loss":0.0,"gold_gain":0.0,"event_name":"Forgotten Altar","player_choice":"Shed Blood","floor":30.0,"gold_loss":0.0,"damage_taken":18.0},{"cards_removed":["Dagger Spray"],"damage_healed":0.0,"max_hp_gain":0.0,"max_hp_loss":0.0,"gold_gain":0.0,"event_name":"Falling","player_choice":"Removed Attack","floor":39.0,"gold_loss":0.0,"damage_taken":0.0},{"damage_healed":0.0,"max_hp_gain":0.0,"max_hp_loss":0.0,"gold_gain":0.0,"event_name":"Tomb of Lord Red Mask","player_choice":"Ignored","floor":44.0,"gold_loss":0.0,"damage_taken":0.0}],"is_beta":false,"boss_relics":[{"not_picked":["Runic Pyramid","Calling Bell"],"picked":"Astrolabe"},{"not_picked":["Fusion Hammer","Philosopher\u0027s Stone"],"picked":"Lizard Tail"}],"items_purged_floors":[14],"is_endless":false,"potions_floor_spawned":[2,4,16,22,23,31,33,41,45,46],"killed_by":"Transient","ascension_level":0}