{"gold_per_floor":[114,128,142,217,217,217,245,245,323,354,354,367,367,378,378,478,478,493,408,333,353,370,401,401,401,401,401,412,431,147,160,160,160],"floor_reached":33,"playtime":1310,"items_purged":["Strike_R","Strike_R"],"score":427,"play_id":"25ceb169-8a63-4a1b-9c3b-2403f75c87e3","local_time":"20190123200522","is_ascension_mode":true,"campfire_choices":[{"floor":6,"key":"REST"},{"floor":8,"key":"REST"},{"data":"Bash","floor":11,"key":"SMITH"},{"data":"Clothesline","floor":15,"key":"SMITH"},{"data":"Flame Barrier","floor":24,"key":"SMITH"},{"data":"Feed","floor":27,"key":"SMITH"},{"floor":32,"key":"REST"}],"neow_cost":"NONE","seed_source_timestamp":604515777533700,"circlet_count":0,"master_deck":["Strike_R","Strike_R","Strike_R","Defend_R","Defend_R","Defend_R","Defend_R","Bash+1","Inflame","Clothesline+1","Shrug It Off","Flame Barrier+1","Immolate","Entrench+1","Sentinel+1","Feed+1","Body Slam+1","Shockwave+1","Seeing Red+1","Uppercut+1"],"relics":["Burning Blood","Potion Belt","Red Skull","Toxic Egg 2","Oddly Smooth Stone","Runic Dome","Omamori","Molten Egg 2","FaceOfCleric","Mummified Hand","Membership Card"],"potions_floor_usage":[28,33,33,33],"damage_taken":[{"damage":12,"enemies":"Small Slimes","floor":1,"turns":3},{"damage":7,"enemies":"2 Louse","floor":2,"turns":3},{"damage":7,"enemies":"Cultist","floor":3,"turns":4},{"damage":37,"enemies":"Lagavulin","floor":7,"turns":9},{"damage":17,"enemies":"Gremlin Nob","floor":10,"turns":4},{"damage":13,"enemies":"Large Slime","floor":12,"turns":5},{"damage":10,"enemies":"Red Slaver","floor":14,"turns":4},{"damage":33,"enemies":"Slime Boss","floor":16,"turns":9},{"damage":8,"enemies":"3 Byrds","floor":18,"turns":3},{"damage":3,"enemies":"Chosen","floor":21,"turns":5},{"damage":20,"enemies":"Centurion and Healer","floor":22,"turns":6},{"damage":26,"enemies":"Book of Stabbing","floor":23,"turns":5},{"damage":15,"enemies":"Cultist and Chosen","floor":28,"turns":6},{"damage":10,"enemies":"Snake Plant","floor":29,"turns":5},{"damage":0,"enemies":"Snecko","floor":31,"turns":3},{"damage":119,"enemies":"Automaton","floor":33,"turns":12}],"seed_played":"1972266817249023831","potions_obtained":[{"floor":2,"key":"Strength Potion"},{"floor":3,"key":"Dexterity Potion"},{"floor":14,"key":"Explosive Potion"},{"floor":16,"key":"Block Potion"},{"floor":21,"key":"SteroidPotion"},{"floor":29,"key":"Regen Potion"}],"is_trial":false,"path_per_floor":["M","M","M","?","?","R","E","R","T","E","R","M","?","M","R","B",null,"M","?","$","M","M","E","R","?","T","R","M","M","$","M","R","B"],"character_chosen":"IRONCLAD","items_purchased":["Membership Card","Uppercut+1"],"campfire_rested":3,"item_purchase_floors":[30,30],"current_hp_per_floor":[66,65,64,53,35,59,28,52,52,41,41,34,39,35,35,8,66,67,67,67,73,62,42,42,42,42,42,38,35,35,42,72,0],"gold":160,"neow_bonus":"THREE_CARDS","is_prod":false,"is_daily":false,"chose_seed":false,"campfire_upgraded":4,"win_rate":0,"timestamp":1548273922,"path_taken":["M","M","M","?","?","R","E","R","T","E","R","M","?","M","R","BOSS","M","?","$","M","M","E","R","?","T","R","M","M","$","M","R","BOSS"],"build_version":"2019-01-23","purchased_purges":2,"victory":false,"max_hp_per_floor":[80,80,80,80,80,80,80,80,80,80,80,80,85,85,85,85,85,88,88,88,91,94,94,94,94,94,94,99,100,100,101,101,101],"card_choices":[{"not_picked":["Pummel","Pommel Strike"],"picked":"Inflame","floor":0},{"not_picked":["Sword Boomerang","Perfected Strike"],"picked":"Clothesline","floor":1},{"not_picked":["Pommel Strike","Havoc"],"picked":"Shrug It Off","floor":2},{"not_picked":["Headbutt","True Grit"],"picked":"Flame Barrier","floor":3},{"not_picked":["Blood for Blood","Clash"],"picked":"Immolate","floor":7},{"not_picked":["Feel No Pain","Metallicize"],"picked":"Entrench+1","floor":10},{"not_picked":["Cleave","Perfected Strike","Clash"],"picked":"SKIP","floor":12},{"not_picked":["Rage+1","Hemokinesis"],"picked":"Sentinel+1","floor":14},{"not_picked":["Reaper","Fiend Fire"],"picked":"Feed","floor":16},{"not_picked":["Wild Strike","Combust","Spot Weakness+1"],"picked":"SKIP","floor":18},{"not_picked":["Evolve","Headbutt"],"picked":"Body Slam+1","floor":21},{"not_picked":["Iron Wave","Bloodletting+1"],"picked":"Shockwave+1","floor":22},{"not_picked":["Anger","Twin Strike","Thunderclap"],"picked":"SKIP","floor":23},{"not_picked":["Combust","Sword Boomerang+1"],"picked":"Seeing Red+1","floor":28},{"not_picked":["Clash+1","Iron Wave+1","Intimidate+1"],"picked":"SKIP","floor":29},{"not_picked":["Feel No Pain","Flex+1","Heavy Blade+1"],"picked":"SKIP","floor":31}],"player_experience":155333,"relics_obtained":[{"floor":7,"key":"Red Skull"},{"floor":9,"key":"Toxic Egg 2"},{"floor":10,"key":"Oddly Smooth Stone"},{"floor":23,"key":"Molten Egg 2"},{"floor":26,"key":"Mummified Hand"}],"event_choices":[{"damage_healed":0,"gold_gain":75,"player_choice":"Gather Gold","damage_taken":11,"max_hp_gain":0,"max_hp_loss":0,"event_name":"World of Goop","floor":4,"gold_loss":0},{"damage_healed":0,"gold_gain":0,"player_choice":"Success","damage_taken":18,"relics_obtained":["Potion Belt"],"max_hp_gain":0,"max_hp_loss":0,"event_name":"Scrap Ooze","floor":5,"gold_loss":0},{"damage_healed":0,"gold_gain":0,"player_choice":"Donut","damage_taken":0,"max_hp_gain":5,"max_hp_loss":0,"event_name":"Big Fish","floor":13,"gold_loss":0},{"damage_healed":0,"gold_gain":0,"player_choice":"Obtained Relic","damage_taken":0,"relics_obtained":["Omamori"],"max_hp_gain":0,"max_hp_loss":0,"event_name":"Addict","floor":19,"gold_loss":85},{"damage_healed":0,"gold_gain":0,"player_choice":"Trade","damage_taken":0,"relics_obtained":["FaceOfCleric"],"max_hp_gain":0,"max_hp_loss":0,"event_name":"FaceTrader","floor":25,"gold_loss":0}],"is_beta":false,"boss_relics":[{"not_picked":["Cursed Key","Eternal Feather"],"picked":"Runic Dome"}],"items_purged_floors":[20,30],"is_endless":false,"potions_floor_spawned":[2,3,14,16,21,22,29,31],"killed_by":"Automaton","ascension_level":9}