{"gold_per_floor":[117,133,144,164,177,242,261,261,288,288,318,328,363,46,46,142,142,162,172,122,139,151,151,179,179,233,268,268,300,320,345,345,446,446,466,517,517,528,546,149,24,350,405,420,434,452,159,172,172,172],"floor_reached":50,"playtime":4456,"items_purged":["Defend_R","Defend_R","Strike_R","Strike_R"],"score":658,"play_id":"1c6a75f5-7b37-49d3-be81-5ee82e590a58","local_time":"20181227013529","is_ascension_mode":true,"campfire_choices":[{"data":"Rampage","floor":8,"key":"SMITH"},{"data":"Spot Weakness","floor":10,"key":"SMITH"},{"data":"Metallicize","floor":15,"key":"SMITH"},{"data":"Seeing Red","floor":23,"key":"SMITH"},{"data":"Blood for Blood","floor":25,"key":"SMITH"},{"data":"Brutality","floor":28,"key":"SMITH"},{"data":"Brutality","floor":32,"key":"SMITH"},{"floor":49,"key":"RECALL"}],"neow_cost":"TEN_PERCENT_HP_LOSS","seed_source_timestamp":439077578323857,"circlet_count":0,"master_deck":["Strike_R+1","Strike_R","Strike_R+1","Bash","Pommel Strike","Rampage+1","Dropkick","Shrug It Off+1","Spot Weakness+1","Clash","Rage","Spot Weakness","Ghostly Armor","Metallicize+1","Brutality+1","Seeing Red+1","Pummel+1","Clash+1","Blood for Blood+1","Brutality+1","Burning Pact+1","Warcry+1","Shrug It Off+1","Twin Strike+1","Metallicize","Pommel Strike+1","Double Tap","Offering","Parasite","Rampage+1","Seeing Red","Metallicize+1","Thunderclap+1"],"relics":["Black Blood","Tiny Chest","Blood Vial","Bag of Preparation","Bronze Scales","Lee\u0027s Waffle","Sozu","PreservedInsect","Whetstone","Prayer Wheel","Bag of Marbles","Bottled Tornado","War Paint","Old Coin","Vajra","Happy Flower"],"potions_floor_usage":[6,6,13,29,50],"damage_taken":[{"damage":6,"enemies":"Cultist","floor":1,"turns":3},{"damage":11,"enemies":"Jaw Worm","floor":2,"turns":3},{"damage":2,"enemies":"Small Slimes","floor":3,"turns":3},{"damage":4,"enemies":"Exordium Wildlife","floor":4,"turns":4},{"damage":28,"enemies":"Large Slime","floor":5,"turns":6},{"damage":6,"enemies":"Lagavulin","floor":6,"turns":6},{"damage":10,"enemies":"Looter","floor":7,"turns":2},{"damage":23,"enemies":"3 Sentries","floor":11,"turns":6},{"damage":2,"enemies":"2 Fungi Beasts","floor":12,"turns":3},{"damage":24,"enemies":"Lagavulin","floor":13,"turns":5},{"damage":16,"enemies":"Slime Boss","floor":16,"turns":7},{"damage":11,"enemies":"2 Thieves","floor":18,"turns":3},{"damage":2,"enemies":"3 Byrds","floor":19,"turns":3},{"damage":17,"enemies":"Cultist and Chosen","floor":21,"turns":6},{"damage":16,"enemies":"Snecko","floor":22,"turns":5},{"damage":4,"enemies":"Gremlin Leader","floor":24,"turns":6},{"damage":9,"enemies":"Book of Stabbing","floor":27,"turns":3},{"damage":21,"enemies":"Slavers","floor":29,"turns":2},{"damage":10,"enemies":"Centurion and Healer","floor":30,"turns":3},{"damage":7,"enemies":"Book of Stabbing","floor":31,"turns":3},{"damage":38,"enemies":"Champ","floor":33,"turns":7},{"damage":9,"enemies":"3 Shapes","floor":35,"turns":4},{"damage":14,"enemies":"Orb Walker","floor":38,"turns":3},{"damage":8,"enemies":"Transient","floor":39,"turns":5},{"damage":40,"enemies":"Reptomancer","floor":42,"turns":5},{"damage":4,"enemies":"Writhing Mass","floor":44,"turns":3},{"damage":22,"enemies":"4 Shapes","floor":45,"turns":4},{"damage":14,"enemies":"Sphere and 2 Shapes","floor":46,"turns":3},{"damage":21,"enemies":"3 Darklings","floor":48,"turns":3},{"damage":40,"enemies":"Time Eater","floor":50,"turns":5}],"seed_played":"-1375520611380711688","potions_obtained":[{"floor":2,"key":"Block Potion"},{"floor":4,"key":"Strength Potion"},{"floor":5,"key":"LiquidBronze"},{"floor":12,"key":"EssenceOfSteel"},{"floor":13,"key":"FearPotion"},{"floor":16,"key":"Explosive Potion"}],"is_trial":false,"path_per_floor":["M","M","M","M","M","E","M","R","T","R","E","M","E","$","R","B",null,"M","M","?","M","M","R","E","R","T","E","R","E","M","E","R","B",null,"M","T","?","M","M","$","$","E","T","M","M","M","$","M","R","B"],"character_chosen":"IRONCLAD","items_purchased":["Lee\u0027s Waffle","Metallicize","Double Tap","War Paint","Happy Flower"],"campfire_rested":0,"item_purchase_floors":[14,14,40,40,47],"current_hp_per_floor":[72,67,71,72,50,50,46,46,46,46,31,37,21,79,79,69,79,74,79,79,68,60,60,64,64,64,63,63,50,48,49,49,19,79,79,79,79,75,79,79,79,49,49,57,47,45,45,36,36,0],"gold":172,"neow_bonus":"TRANSFORM_TWO_CARDS","is_prod":false,"is_daily":false,"chose_seed":false,"campfire_upgraded":7,"win_rate":0,"timestamp":1545887129,"path_taken":["M","?","M","M","M","E","M","R","T","R","E","M","E","$","R","BOSS","M","M","?","M","M","R","E","R","T","E","R","E","M","E","R","BOSS","M","?","?","M","M","?","$","E","T","M","M","M","$","M","R","BOSS"],"build_version":"2018-12-20","purchased_purges":4,"victory":false,"max_hp_per_floor":[72,72,72,72,72,72,72,72,72,72,72,72,72,79,79,79,79,79,79,79,79,79,79,79,79,79,79,79,79,79,79,79,79,79,79,79,79,79,79,79,79,79,79,79,79,79,79,79,79,79],"card_choices":[{"not_picked":["Headbutt","Searing Blow","Armaments"],"picked":"SKIP","floor":1},{"not_picked":["Perfected Strike","Pommel Strike","Headbutt"],"picked":"SKIP","floor":2},{"not_picked":["Armaments","Feel No Pain","Combust"],"picked":"SKIP","floor":3},{"not_picked":["Evolve","Fiend Fire"],"picked":"Dropkick","floor":4},{"not_picked":["Bloodletting","Iron Wave"],"picked":"Shrug It Off","floor":5},{"not_picked":["Anger","Fire Breathing"],"picked":"Spot Weakness","floor":6},{"not_picked":["Shrug It Off","Iron Wave"],"picked":"Clash","floor":7},{"not_picked":["Dropkick","Body Slam"],"picked":"Rage","floor":11},{"not_picked":["Armaments","Corruption"],"picked":"Spot Weakness","floor":12},{"not_picked":["Inflame","Whirlwind"],"picked":"Ghostly Armor","floor":13},{"not_picked":["Limit Break","Bludgeon"],"picked":"Brutality","floor":16},{"not_picked":["Rage","Shrug It Off"],"picked":"Seeing Red","floor":18},{"not_picked":["True Grit+1","Rupture","Flex"],"picked":"SKIP","floor":19},{"not_picked":["Sword Boomerang","Rupture+1"],"picked":"Pummel+1","floor":21},{"not_picked":["Anger+1","Perfected Strike"],"picked":"Clash+1","floor":22},{"not_picked":["Searing Blow+1","Flex"],"picked":"Blood for Blood","floor":24},{"not_picked":["Warcry","Armaments"],"picked":"Brutality","floor":27},{"not_picked":["Shrug It Off","Uppercut"],"picked":"Burning Pact","floor":29},{"not_picked":["Cleave","Anger"],"picked":"Warcry+1","floor":30},{"not_picked":["Perfected Strike","Power Through+1","Pommel Strike"],"picked":"SKIP","floor":30},{"not_picked":["Heavy Blade","Shockwave"],"picked":"Shrug It Off+1","floor":31},{"not_picked":["Pommel Strike","Iron Wave","Armaments"],"picked":"SKIP","floor":35},{"not_picked":["True Grit+1","Body Slam+1","Disarm+1"],"picked":"SKIP","floor":35},{"not_picked":["Demon Form","Clothesline"],"picked":"Twin Strike+1","floor":38},{"not_picked":["Clothesline","Armaments+1"],"picked":"Metallicize","floor":38},{"not_picked":["Flex+1","Clothesline+1"],"picked":"Pommel Strike+1","floor":39},{"not_picked":["Headbutt","Entrench","Cleave+1"],"picked":"SKIP","floor":39},{"not_picked":["Immolate","Armaments"],"picked":"Offering","floor":42},{"not_picked":["Wild Strike","Iron Wave+1","Shockwave"],"picked":"SKIP","floor":44},{"not_picked":["Pommel Strike+1","Ghostly Armor","Sword Boomerang+1"],"picked":"SKIP","floor":44},{"not_picked":["Flex","Whirlwind"],"picked":"Rampage+1","floor":45},{"not_picked":["Rampage+1","Reckless Charge+1"],"picked":"Seeing Red","floor":45},{"not_picked":["Entrench+1","True Grit+1","Clash"],"picked":"SKIP","floor":46},{"not_picked":["Entrench+1","Sever Soul","Shrug It Off+1"],"picked":"SKIP","floor":46},{"not_picked":["Armaments+1","Clothesline"],"picked":"Metallicize+1","floor":48},{"not_picked":["Cleave+1","Twin Strike"],"picked":"Thunderclap+1","floor":48}],"player_experience":68072,"relics_obtained":[{"floor":6,"key":"Tiny Chest"},{"floor":9,"key":"Blood Vial"},{"floor":11,"key":"Bag of Preparation"},{"floor":13,"key":"Bronze Scales"},{"floor":24,"key":"PreservedInsect"},{"floor":26,"key":"Whetstone"},{"floor":27,"key":"Prayer Wheel"},{"floor":29,"key":"Bag of Marbles"},{"floor":31,"key":"Bottled Tornado"},{"floor":42,"key":"Old Coin"},{"floor":43,"key":"Vajra"}],"event_choices":[{"damage_healed":0,"gold_gain":0,"player_choice":"Bet on Murderer","damage_taken":0,"max_hp_gain":0,"max_hp_loss":0,"event_name":"The Joust","floor":20,"gold_loss":50},{"damage_healed":0,"gold_gain":0,"player_choice":"Ignored","damage_taken":0,"max_hp_gain":0,"max_hp_loss":0,"event_name":"Tomb of Lord Red Mask","floor":37,"gold_loss":0}],"is_beta":false,"boss_relics":[{"not_picked":["Runic Dome","Calling Bell"],"picked":"Sozu"},{"not_picked":["Cursed Key","Velvet Choker"],"picked":"Black Blood"}],"items_purged_floors":[14,40,41,47],"is_endless":false,"potions_floor_spawned":[2,4,5,12,13,16,21,22,24,29,35,39,45],"killed_by":"Time Eater","ascension_level":1}