{"gold_per_floor":[119,119,135,210,210,210,228,228,253,287,287,306,306,76,76,206,206,224,224,243,43,318,358,358,393,393,393,411,424,457,476,476,605,605,618,618,633,212,231,231,37,77,77,117,40,71,90,110,110,110,110,110,56,97,97],"floor_reached":56,"playtime":4204,"items_purged":["Strike_B","Writhe","Injury"],"score":1551,"play_id":"16f07d70-6e59-4983-a9bb-64732317c5eb","local_time":"20190127165518","is_ascension_mode":true,"campfire_choices":[{"data":"Glacier","floor":6,"key":"SMITH"},{"data":"Leap","floor":8,"key":"SMITH"},{"data":"Defragment","floor":11,"key":"SMITH"},{"data":"Defragment","floor":15,"key":"SMITH"},{"data":"Electrodynamics","floor":24,"key":"SMITH"},{"data":"Consume","floor":27,"key":"SMITH"},{"data":"Multi-Cast","floor":32,"key":"SMITH"},{"floor":40,"key":"REST"},{"floor":49,"key":"RECALL"},{"data":"Rainbow","floor":52,"key":"SMITH"}],"neow_cost":"NONE","seed_source_timestamp":650404842969273,"circlet_count":0,"master_deck":["Strike_B","Strike_B","Strike_B","Defend_B","Defend_B","Defend_B","Defend_B","Zap","Dualcast","Glacier+1","Leap+1","Chill","Defragment+1","Reprogram","Defragment+1","Consume+1","Electrodynamics+1","Chill","Capacitor+1","Go for the Eyes+1","Stack","Multi-Cast+1","Thunder Strike","Darkness+1","Loop","Rainbow+1","Loop+1","Self Repair","Coolheaded+1","Loop","Barrage","Hologram","Glacier"],"relics":["Velvet Choker","Golden Idol","CultistMask","Omamori","Bronze Scales","Ginger","Black Star","Singing Bowl","Runic Capacitor","Girya","Bag of Preparation","Matryoshka","Letter Opener","Pantograph","Ornamental Fan","Symbiotic Virus","Dead Branch","Calling Bell","Pen Nib","Mercury Hourglass","Calipers","Spirit Poop","Juzu Bracelet","Pear","Happy Flower","Kunai","Anchor","Gremlin Horn","Sundial","Du-Vu Doll","Blue Candle","StoneCalendar"],"potions_floor_usage":[20,23,30,39,46,55,55],"damage_taken":[{"damage":0,"enemies":"Jaw Worm","floor":1,"turns":4},{"damage":0,"enemies":"2 Louse","floor":3,"turns":3},{"damage":0,"enemies":"Cultist","floor":7,"turns":4},{"damage":0,"enemies":"3 Sentries","floor":10,"turns":13},{"damage":0,"enemies":"3 Louse","floor":12,"turns":4},{"damage":16,"enemies":"The Guardian","floor":16,"turns":18},{"damage":7,"enemies":"Shell Parasite","floor":18,"turns":7},{"damage":22,"enemies":"2 Thieves","floor":20,"turns":4},{"damage":16,"enemies":"Slavers","floor":23,"turns":4},{"damage":11,"enemies":"Gremlin Leader","floor":25,"turns":7},{"damage":3,"enemies":"Centurion and Healer","floor":28,"turns":5},{"damage":0,"enemies":"Chosen and Byrds","floor":29,"turns":4},{"damage":0,"enemies":"Slavers","floor":30,"turns":3},{"damage":0,"enemies":"Snecko","floor":31,"turns":4},{"damage":7,"enemies":"Collector","floor":33,"turns":9},{"damage":7,"enemies":"Orb Walker","floor":35,"turns":4},{"damage":0,"enemies":"3 Darklings","floor":37,"turns":7},{"damage":53,"enemies":"Transient","floor":39,"turns":5},{"damage":23,"enemies":"Nemesis","floor":42,"turns":7},{"damage":0,"enemies":"Giant Head","floor":44,"turns":4},{"damage":15,"enemies":"Reptomancer","floor":46,"turns":6},{"damage":0,"enemies":"Sphere and 2 Shapes","floor":47,"turns":4},{"damage":0,"enemies":"Jaw Worm Horde","floor":48,"turns":4},{"damage":31,"enemies":"Donu and Deca","floor":50,"turns":12},{"damage":0,"enemies":"Shield and Spear","floor":54,"turns":4},{"damage":10,"enemies":"The Heart","floor":55,"turns":11}],"seed_played":"8365018321260926813","potions_obtained":[{"floor":1,"key":"Energy Potion"},{"floor":10,"key":"Ancient Potion"},{"floor":16,"key":"Explosive Potion"},{"floor":25,"key":"EssenceOfSteel"},{"floor":28,"key":"FearPotion"},{"floor":30,"key":"EssenceOfSteel"},{"floor":31,"key":"Swift Potion"},{"floor":47,"key":"EssenceOfSteel"},{"floor":48,"key":"AttackPotion"}],"is_trial":false,"path_per_floor":["M","?","M","?","?","R","M","R","T","E","R","M","?","$","R","B",null,"M","?","M","$","?","E","R","E","T","R","M","M","E","M","R","B",null,"M","?","M","$","M","R","$","E","T","E","$","E","M","M","R","B",null,"R","$","E","B",null],"character_chosen":"DEFECT","items_purchased":["Defragment","Consume","Runic Capacitor","Loop","Rainbow","Juzu Bracelet","Self Repair","Loop","Hologram"],"campfire_rested":1,"item_purchase_floors":[14,14,21,38,38,38,41,45,53],"current_hp_per_floor":[75,57,57,46,46,46,46,46,46,46,46,46,46,46,46,30,75,68,68,46,46,46,30,30,21,21,21,20,22,22,22,22,40,81,74,74,76,76,23,47,47,41,41,50,50,42,51,60,60,61,99,99,99,99,96],"gold":97,"neow_bonus":"BOSS_RELIC","is_prod":false,"is_daily":false,"chose_seed":false,"campfire_upgraded":8,"win_rate":0,"timestamp":1548626118,"path_taken":["M","?","M","?","?","R","?","R","T","E","R","M","?","$","R","BOSS","M","?","M","$","?","E","R","E","T","R","M","M","E","?","R","BOSS","M","?","M","$","M","R","?","E","T","E","$","E","M","M","R","BOSS","R","$","E","BOSS"],"build_version":"2019-01-23","purchased_purges":3,"victory":true,"max_hp_per_floor":[75,75,75,75,75,75,75,75,75,75,75,75,75,75,75,75,75,75,75,75,75,75,75,75,77,77,77,79,81,81,81,81,81,81,81,81,83,83,83,83,83,93,93,95,95,95,97,99,99,99,99,99,99,99,99],"card_choices":[{"not_picked":["Undo","Beam Cell"],"picked":"Glacier","floor":1},{"not_picked":["Lockon","Sweeping Beam"],"picked":"Leap","floor":3},{"not_picked":["Streamline","Sweeping Beam"],"picked":"Chill","floor":7},{"not_picked":["Turbo","Streamline"],"picked":"Defragment","floor":10},{"not_picked":["Heatsinks","Barrage"],"picked":"Reprogram","floor":12},{"not_picked":["Meteor Strike","All For One"],"picked":"Electrodynamics","floor":16},{"not_picked":["Steam Power","Barrage"],"picked":"Chill","floor":18},{"not_picked":["Double Energy+1","Ball Lightning"],"picked":"Capacitor+1","floor":20},{"not_picked":["Hologram","Rip and Tear"],"picked":"Go for the Eyes+1","floor":23},{"not_picked":["Leap","Gash","Go for the Eyes"],"picked":"Singing Bowl","floor":25},{"not_picked":["Sweeping Beam","Coolheaded+1","Redo+1"],"picked":"Singing Bowl","floor":28},{"not_picked":["Sweeping Beam","Ball Lightning","Hologram"],"picked":"Singing Bowl","floor":29},{"not_picked":["Consume","Redo+1"],"picked":"Stack","floor":30},{"not_picked":["Barrage","Gash"],"picked":"Multi-Cast","floor":31},{"not_picked":["Meteor Strike","Core Surge"],"picked":"Thunder Strike","floor":33},{"not_picked":["Leap+1","Fusion+1"],"picked":"Darkness+1","floor":35},{"not_picked":["Streamline","Gash","Melter"],"picked":"Singing Bowl","floor":37},{"not_picked":["Rebound","Coolheaded"],"picked":"Loop+1","floor":39},{"not_picked":["Hello World","Doom and Gloom"],"picked":"Coolheaded+1","floor":42},{"not_picked":["Beam Cell","Leap","Turbo+1"],"picked":"Singing Bowl","floor":44},{"not_picked":["Self Repair+1","Cold Snap+1"],"picked":"Barrage","floor":46},{"not_picked":["Steam+1","Conserve Battery+1","Compile Driver+1"],"picked":"Singing Bowl","floor":47},{"not_picked":["Barrage","Beam Cell","Compile Driver+1"],"picked":"Singing Bowl","floor":48},{"not_picked":["Core Surge","Beam Cell"],"picked":"Glacier","floor":54}],"player_experience":123283,"relics_obtained":[{"floor":9,"key":"Omamori"},{"floor":10,"key":"Bronze Scales"},{"floor":23,"key":"Girya"},{"floor":23,"key":"Bag of Preparation"},{"floor":25,"key":"Matryoshka"},{"floor":25,"key":"Letter Opener"},{"floor":26,"key":"Pantograph"},{"floor":26,"key":"Ornamental Fan"},{"floor":30,"key":"Symbiotic Virus"},{"floor":30,"key":"Dead Branch"},{"floor":34,"key":"Pen Nib"},{"floor":34,"key":"Mercury Hourglass"},{"floor":34,"key":"Calipers"},{"floor":42,"key":"Pear"},{"floor":42,"key":"Happy Flower"},{"floor":43,"key":"Kunai"},{"floor":44,"key":"Anchor"},{"floor":44,"key":"Gremlin Horn"},{"floor":46,"key":"Sundial"},{"floor":46,"key":"Du-Vu Doll"},{"floor":54,"key":"Blue Candle"},{"floor":54,"key":"StoneCalendar"}],"event_choices":[{"damage_healed":0,"gold_gain":0,"player_choice":"Take Damage","damage_taken":18,"relics_obtained":["Golden Idol"],"max_hp_gain":0,"max_hp_loss":0,"event_name":"Golden Idol","floor":2,"gold_loss":0},{"damage_healed":0,"gold_gain":75,"player_choice":"Gather Gold","damage_taken":11,"max_hp_gain":0,"max_hp_loss":0,"event_name":"World of Goop","floor":4,"gold_loss":0},{"damage_healed":0,"gold_gain":0,"player_choice":"Trade","damage_taken":0,"relics_obtained":["CultistMask"],"max_hp_gain":0,"max_hp_loss":0,"event_name":"FaceTrader","floor":5,"gold_loss":0},{"damage_healed":0,"gold_gain":0,"player_choice":"Box","damage_taken":0,"relics_obtained":["Ginger"],"max_hp_gain":0,"max_hp_loss":0,"event_name":"Big Fish","floor":13,"gold_loss":0,"cards_obtained":["Regret"]},{"damage_healed":0,"gold_gain":0,"player_choice":"Opened","damage_taken":0,"relics_obtained":["Singing Bowl"],"max_hp_gain":0,"max_hp_loss":0,"event_name":"The Mausoleum","floor":19,"gold_loss":0},{"damage_healed":0,"gold_gain":275,"player_choice":"Desecrate","damage_taken":0,"max_hp_gain":0,"max_hp_loss":0,"event_name":"Golden Shrine","floor":22,"gold_loss":0,"cards_obtained":["Regret"]},{"cards_removed":["Shame"],"damage_healed":0,"gold_gain":0,"player_choice":"Offered Curse","damage_taken":0,"relics_obtained":["Spirit Poop"],"max_hp_gain":0,"max_hp_loss":0,"event_name":"Bonfire Elementals","floor":36,"gold_loss":0}],"is_beta":false,"boss_relics":[{"not_picked":["Cursed Key","Fusion Hammer"],"picked":"Black Star"},{"not_picked":["Eternal Feather","Runic Dome"],"picked":"Calling Bell"}],"items_purged_floors":[14,38,41],"is_endless":false,"potions_floor_spawned":[1,10,16,25,28,30,31,33,35,47,48],"ascension_level":2}