{"gold_per_floor":[111,111,27,40,40,74,74,74,74,74,88,107,127,159,159,254,254,271,283,283,208,222,256,256,270,270,270,270,370,402,31,31,31],"floor_reached":33,"playtime":1316,"items_purged":[],"score":293,"play_id":"45e3a19b-10b0-42fd-ac16-1c46f7589f39","local_time":"20181120224540","is_ascension_mode":false,"campfire_choices":[{"data":"Flex","floor":7,"key":"SMITH"},{"data":"Shrug It Off","floor":10,"key":"SMITH"},{"data":"Cleave","floor":15,"key":"SMITH"},{"floor":24,"key":"REST"},{"data":"Inflame","floor":28,"key":"SMITH"},{"floor":32,"key":"REST"}],"neow_cost":"NONE","seed_source_timestamp":1151476787752936,"circlet_count":0,"master_deck":["Strike_R","Strike_R","Defend_R","Defend_R","Defend_R","Bash","Pommel Strike+1","Flex+1","Uppercut","Spot Weakness","Sword Boomerang","Shrug It Off+1","Shockwave","Cleave+1","Thunderclap","Entrench","Double Tap","Inflame+1","Shrug It Off","Flex","Shrug It Off","Body Slam","Impervious","Limit Break"],"relics":["Burning Blood","Art of War","Bag of Marbles","Mercury Hourglass","Anchor","Black Star","Strawberry","PreservedInsect","Meat on the Bone","Enchiridion","Peace Pipe","Matryoshka","Champion Belt","Charon\u0027s Ashes","Self Forming Clay"],"potions_floor_usage":[14,16,16,22,22,29,33],"damage_taken":[{"damage":0,"enemies":"2 Louse","floor":1,"turns":4},{"damage":9,"enemies":"Cultist","floor":4,"turns":4},{"damage":16,"enemies":"Lagavulin","floor":6,"turns":5},{"damage":0,"enemies":"Jaw Worm","floor":11,"turns":2},{"damage":0,"enemies":"Looter","floor":12,"turns":2},{"damage":13,"enemies":"Exordium Thugs","floor":13,"turns":3},{"damage":8,"enemies":"3 Sentries","floor":14,"turns":3},{"damage":7,"enemies":"Hexaghost","floor":16,"turns":7},{"damage":0,"enemies":"3 Byrds","floor":18,"turns":1},{"damage":20,"enemies":"2 Thieves","floor":19,"turns":3},{"damage":9,"enemies":"Centurion and Healer","floor":22,"turns":6},{"damage":32,"enemies":"Book of Stabbing","floor":23,"turns":7},{"damage":6,"enemies":"3 Cultists","floor":25,"turns":4},{"damage":6,"enemies":"Colosseum Slavers","floor":29,"turns":4},{"damage":36,"enemies":"Colosseum Nobs","floor":29,"turns":5},{"damage":17,"enemies":"Slavers","floor":30,"turns":2},{"damage":76,"enemies":"Champ","floor":33,"turns":11}],"seed_played":"-7075836364820286484","potions_obtained":[{"floor":6,"key":"SneckoOil"},{"floor":12,"key":"Block Potion"},{"floor":13,"key":"Fire Potion"},{"floor":14,"key":"SkillPotion"},{"floor":19,"key":"Energy Potion"},{"floor":25,"key":"Energy Potion"}],"is_trial":false,"path_per_floor":["M","?","$","M","?","E","R","?","T","R","M","M","M","E","R","B",null,"M","M","?","?","M","E","R","M","T","?","R","?","E","$","R","B"],"character_chosen":"IRONCLAD","items_purchased":["Flex","Uppercut","Self Forming Clay","Block Potion","Limit Break"],"campfire_rested":2,"item_purchase_floors":[3,3,31,31,31],"current_hp_per_floor":[80,80,80,77,77,67,67,67,67,67,73,79,72,70,70,69,80,80,66,66,66,63,44,70,70,70,54,54,36,37,37,63,0],"gold":31,"neow_bonus":"RANDOM_COMMON_RELIC","is_prod":false,"is_daily":false,"chose_seed":false,"campfire_upgraded":4,"win_rate":0.0,"timestamp":1542782740,"path_taken":["M","?","?","?","?","E","R","?","T","R","?","M","M","E","R","BOSS","M","M","?","?","M","E","R","M","T","?","R","?","E","?","R","BOSS"],"build_version":"2018-11-15","purchased_purges":0,"victory":false,"max_hp_per_floor":[80,80,80,80,80,80,80,80,80,80,80,80,80,80,80,80,80,80,80,80,80,80,87,87,87,87,87,87,87,87,87,87,87],"card_choices":[{"not_picked":["Body Slam","True Grit"],"picked":"Pommel Strike","floor":1},{"not_picked":["Armaments","Rupture"],"picked":"Spot Weakness","floor":4},{"not_picked":["Entrench","Carnage"],"picked":"Shrug It Off","floor":6},{"not_picked":["Anger","Combust"],"picked":"Shockwave","floor":11},{"not_picked":["Dark Embrace","Iron Wave"],"picked":"Cleave","floor":12},{"not_picked":["Sword Boomerang","True Grit"],"picked":"Thunderclap","floor":13},{"not_picked":["Corruption","Reckless Charge"],"picked":"Entrench","floor":14},{"not_picked":["Reaper","Feed"],"picked":"Double Tap","floor":16},{"not_picked":["Shrug It Off","Heavy Blade"],"picked":"Inflame","floor":18},{"not_picked":["Clothesline","Warcry"],"picked":"Shrug It Off","floor":19},{"not_picked":["Pommel Strike","Headbutt+1"],"picked":"Flex","floor":22},{"not_picked":["Rage","Thunderclap"],"picked":"Shrug It Off","floor":23},{"not_picked":["Reckless Charge","Second Wind"],"picked":"Body Slam","floor":25},{"not_picked":["Clothesline","Flex"],"picked":"Impervious","floor":30}],"player_experience":95212,"relics_obtained":[{"floor":6,"key":"Bag of Marbles"},{"floor":9,"key":"Mercury Hourglass"},{"floor":14,"key":"Anchor"},{"floor":23,"key":"Strawberry"},{"floor":23,"key":"PreservedInsect"},{"floor":26,"key":"Meat on the Bone"},{"floor":27,"key":"Enchiridion"},{"floor":29,"key":"Peace Pipe"},{"floor":29,"key":"Matryoshka"},{"floor":30,"key":"Champion Belt"},{"floor":30,"key":"Charon\u0027s Ashes"}],"event_choices":[{"cards_removed":["Strike_R"],"damage_healed":0,"gold_gain":0,"player_choice":"Purged","damage_taken":0,"max_hp_gain":0,"max_hp_loss":0,"event_name":"Purifier","floor":2,"gold_loss":0},{"damage_healed":0,"gold_gain":0,"cards_transformed":["Strike_R"],"player_choice":"Change","damage_taken":0,"max_hp_gain":0,"max_hp_loss":0,"event_name":"Living Wall","floor":5,"gold_loss":0,"cards_obtained":["Sword Boomerang"]},{"damage_healed":0,"gold_gain":0,"player_choice":"Upgraded","damage_taken":0,"max_hp_gain":0,"max_hp_loss":0,"event_name":"Upgrade Shrine","floor":8,"gold_loss":0,"cards_upgraded":["Pommel Strike"]},{"cards_removed":["Strike_R"],"damage_healed":0,"gold_gain":0,"player_choice":"Elegance","damage_taken":0,"max_hp_gain":0,"max_hp_loss":0,"event_name":"Back to Basics","floor":20,"gold_loss":0},{"cards_removed":["Defend_R"],"damage_healed":0,"gold_gain":0,"player_choice":"Gave Gold","damage_taken":0,"max_hp_gain":0,"max_hp_loss":0,"event_name":"Beggar","floor":21,"gold_loss":75},{"damage_healed":0,"gold_gain":0,"player_choice":"Obtained Book","damage_taken":16,"max_hp_gain":0,"max_hp_loss":0,"event_name":"Cursed Tome","floor":27,"gold_loss":0},{"damage_healed":0,"gold_gain":0,"player_choice":"Fight","damage_taken":0,"max_hp_gain":0,"max_hp_loss":0,"event_name":"Colosseum","floor":29,"gold_loss":0},{"damage_healed":0,"gold_gain":0,"player_choice":"Fought Nobs","damage_taken":0,"max_hp_gain":0,"max_hp_loss":0,"event_name":"Colosseum","floor":29,"gold_loss":0}],"is_beta":false,"boss_relics":[{"not_picked":["Runic Dome","Snecko Eye"],"picked":"Black Star"}],"items_purged_floors":[],"is_endless":false,"potions_floor_spawned":[6,12,13,14,19,25,29],"killed_by":"Champ","ascension_level":0}