{"gold_per_floor":[115,131,21,31,0,29,29,29,29,29],"floor_reached":10,"playtime":295,"items_purged":["Strike_G"],"score":66,"play_id":"570c827f-b90e-4bb4-9f18-53667556d33d","local_time":"20190125185542","is_ascension_mode":false,"campfire_choices":[],"neow_cost":"NONE","seed_source_timestamp":0,"circlet_count":0,"master_deck":["Defend_G","Defend_G","Defend_G","Defend_G","Defend_G","Strike_G","Strike_G","Strike_G","Strike_G","Survivor+1","Neutralize","Footwork+1","Noxious Fumes"],"special_seed":0,"relics":["Ring of the Snake","Ornamental Fan","Frozen Egg 2","Juzu Bracelet"],"potions_floor_usage":[],"damage_taken":[{"damage":2.0,"enemies":"Cultist","floor":1.0,"turns":5.0},{"damage":2.0,"enemies":"2 Louse","floor":2.0,"turns":4.0},{"damage":3.0,"enemies":"Small Slimes","floor":4.0,"turns":6.0},{"damage":6.0,"enemies":"3 Sentries","floor":6.0,"turns":9.0},{"damage":0,"enemies":"Gremlin Nob","floor":10,"turns":1}],"seed_played":"-4010412806221397520","potions_obtained":[{"floor":1.0,"key":"Fire Potion"},{"floor":4.0,"key":"Block Potion"},{"floor":6.0,"key":"Weak Potion"}],"is_trial":false,"path_per_floor":["M","M","$","M","?","E","?","T","T","E"],"character_chosen":"THE_SILENT","items_purchased":["Noxious Fumes"],"campfire_rested":0,"item_purchase_floors":[3],"current_hp_per_floor":[75,73,73,70,70,64,49,49,49,49],"gold":29,"neow_bonus":"TEN_PERCENT_HP_BONUS","is_prod":false,"is_daily":false,"chose_seed":false,"campfire_upgraded":0,"win_rate":0.0,"timestamp":1548464142,"path_taken":["M","?","$","M","?","E","?","?","T","E"],"build_version":"2019-01-23","purchased_purges":1,"victory":false,"max_hp_per_floor":[77,77,77,77,77,77,77,77,77,77],"card_choices":[{"not_picked":["Tactician","Masterful Stab"],"picked":"Footwork","floor":1.0},{"not_picked":["Outmaneuver","Acrobatics","Dagger Throw"],"picked":"SKIP","floor":2.0},{"not_picked":["Tactician","Reflex","Flying Knee"],"picked":"SKIP","floor":4.0},{"not_picked":["Burst","Dagger Throw","Acrobatics"],"picked":"SKIP","floor":6.0}],"player_experience":180554,"relics_obtained":[{"floor":6.0,"key":"Ornamental Fan"},{"floor":8.0,"key":"Frozen Egg 2"},{"floor":9.0,"key":"Juzu Bracelet"}],"event_choices":[{"damage_healed":0.0,"max_hp_gain":0.0,"max_hp_loss":0.0,"gold_gain":0.0,"event_name":"World of Goop","player_choice":"Left Gold","floor":5.0,"gold_loss":31.0,"damage_taken":0.0},{"damage_healed":0.0,"max_hp_gain":0.0,"max_hp_loss":0.0,"gold_gain":0.0,"event_name":"Shining Light","player_choice":"Entered Light","floor":7.0,"gold_loss":0.0,"damage_taken":15.0,"cards_upgraded":["Survivor","Footwork"]}],"is_beta":false,"boss_relics":[],"items_purged_floors":[3],"is_endless":false,"potions_floor_spawned":[1,4,6],"killed_by":"Gremlin Nob","ascension_level":0}