{"gold_per_floor":[116,116,126,150,169,169,9,9,9,24,24,38,38,69,69,168,168,185,205,220,231,244,244,254,254,334,334,169,194,194,194,194,294,294,308,324,374,23,23,23,50,64,90,105,116,116,133,133,133,133],"floor_reached":51,"playtime":2755,"items_purged":["Consume+1","Strike_B"],"score":794,"play_id":"f9112465-d9f8-481c-bdba-5f180b8c0a43","local_time":"20180820213402","is_ascension_mode":true,"campfire_choices":[{"data":"Leap","floor":6,"key":"SMITH"},{"data":"Zap","floor":8,"key":"SMITH"},{"data":"Gash","floor":11,"key":"SMITH"},{"data":"Go for the Eyes","floor":13,"key":"SMITH"},{"data":"Go for the Eyes","floor":15,"key":"SMITH"},{"floor":23,"key":"REST"},{"floor":25,"key":"REST"},{"data":"Conserve Battery","floor":27,"key":"SMITH"},{"floor":32,"key":"REST"},{"data":"Conserve Battery","floor":40,"key":"SMITH"},{"floor":46,"key":"REST"},{"floor":49,"key":"REST"}],"neow_cost":"NONE","seed_source_timestamp":390123295479689,"circlet_count":0,"master_deck":["Defend_B","Defend_B","Defend_B","Defend_B","Zap+1","Dualcast","Genetic Algorithm","Gash+1","Leap+1","All For One","Go for the Eyes+1","Go for the Eyes+1","Reboot","Consume+1","Reboot+1","Gash","Conserve Battery+1","Conserve Battery+1","FTL","Flash of Steel","Auto Shields+1","Finesse"],"relics":["Cracked Core","Orichalcum","Symbiotic Virus","Art of War","Astrolabe","Letter Opener","Strawberry","White Beast Statue","Girya","Regal Pillow","Ice Cream","Darkstone Periapt","Happy Flower"],"potions_floor_usage":[21,33,33,33,41,44,45,45,45,50],"damage_taken":[{"damage":0,"enemies":"Small Slimes","floor":1,"turns":2},{"damage":0,"enemies":"2 Louse","floor":3,"turns":3},{"damage":4,"enemies":"Jaw Worm","floor":5,"turns":3},{"damage":10,"enemies":"Exordium Thugs","floor":10,"turns":5},{"damage":0,"enemies":"Exordium Wildlife","floor":12,"turns":2},{"damage":6,"enemies":"Gremlin Nob","floor":14,"turns":3},{"damage":16,"enemies":"The Guardian","floor":16,"turns":9},{"damage":0,"enemies":"Spheric Guardian","floor":18,"turns":3},{"damage":6,"enemies":"3 Byrds","floor":19,"turns":5},{"damage":12,"enemies":"Snake Plant","floor":20,"turns":3},{"damage":9,"enemies":"Snecko","floor":21,"turns":6},{"damage":13,"enemies":"Chosen and Byrds","floor":22,"turns":6},{"damage":15,"enemies":"Cultist and Chosen","floor":24,"turns":6},{"damage":0,"enemies":"Slavers","floor":29,"turns":5},{"damage":34,"enemies":"Collector","floor":33,"turns":9},{"damage":1,"enemies":"Orb Walker","floor":35,"turns":3},{"damage":1,"enemies":"3 Shapes","floor":36,"turns":7},{"damage":15,"floor":37,"turns":5},{"damage":0,"floor":39,"turns":8},{"damage":26,"enemies":"Nemesis","floor":41,"turns":7},{"damage":18,"enemies":"Spire Growth","floor":42,"turns":4},{"damage":4,"enemies":"4 Shapes","floor":44,"turns":3},{"damage":22,"enemies":"Flame Bruiser 2 Orb","floor":45,"turns":10},{"damage":0,"enemies":"Sphere and 2 Shapes","floor":47,"turns":3},{"damage":18,"enemies":"Awakened One","floor":50,"turns":20}],"seed_played":"6756390362575349980","potions_obtained":[{"floor":1,"key":"SteroidPotion"},{"floor":5,"key":"Block Potion"},{"floor":12,"key":"Regen Potion"},{"floor":18,"key":"Regen Potion"},{"floor":22,"key":"Strength Potion"},{"floor":29,"key":"Block Potion"},{"floor":35,"key":"FocusPotion"},{"floor":36,"key":"Ancient Potion"},{"floor":37,"key":"FocusPotion"},{"floor":39,"key":"Regen Potion"},{"floor":41,"key":"Dexterity Potion"},{"floor":44,"key":"SteroidPotion"},{"floor":45,"key":"GamblersBrew"},{"floor":47,"key":"Fire Potion"},{"floor":48,"key":"Strength Potion"}],"is_trial":false,"path_per_floor":["M","?","M","T","M","R","$","R","T","M","R","M","R","E","R","B",null,"M","M","M","M","M","R","M","R","T","R","$","E","?","?","R","B",null,"M","M","?","$","?","R","E","M","T","M","M","R","M","?","R","B"],"character_chosen":"DEFECT","items_purchased":["All For One","Flash of Steel","Regal Pillow","Finesse"],"campfire_rested":5,"item_purchase_floors":[7,28,38,38],"current_hp_per_floor":[75,75,75,75,71,71,71,71,71,61,61,61,61,55,55,39,75,75,69,57,48,35,57,42,64,64,64,64,71,71,55,81,66,87,86,85,70,70,70,70,44,26,26,27,5,46,46,46,87,69],"gold":133,"neow_bonus":"THREE_CARDS","is_prod":false,"is_daily":false,"chose_seed":false,"campfire_upgraded":7,"win_rate":0,"timestamp":1534772042,"path_taken":["M","?","M","?","M","R","$","R","T","M","R","M","R","E","R","BOSS","M","M","M","M","M","R","M","R","T","R","$","E","?","?","R","BOSS","M","M","?","$","?","R","E","?","T","M","M","R","?","?","R","BOSS"],"build_version":"2018-08-16","purchased_purges":2,"victory":true,"max_hp_per_floor":[75,75,75,75,75,75,75,75,75,75,75,75,75,75,75,75,75,75,75,75,75,75,75,75,75,75,75,75,82,82,87,87,87,87,87,87,87,87,87,87,87,87,87,87,87,87,87,87,87,87],"card_choices":[{"not_picked":["Scrape","White Noise"],"picked":"Genetic Algorithm","floor":1},{"not_picked":["Turbo","Chill"],"picked":"Gash","floor":3},{"not_picked":["Beam Cell","Turbo"],"picked":"Leap","floor":5},{"not_picked":["Reinforced Body","Rebound"],"picked":"Go for the Eyes","floor":10},{"not_picked":["Fusion","Scrape","Hologram"],"picked":"SKIP","floor":12},{"not_picked":["Rebound","Glacier"],"picked":"Go for the Eyes","floor":14},{"not_picked":["Rainbow","Fission"],"picked":"Reboot","floor":16},{"not_picked":["Loop","Stack"],"picked":"Gash","floor":18},{"not_picked":["Compile Driver","Ball Lightning","Steam"],"picked":"SKIP","floor":19},{"not_picked":["Beam Cell","Loop"],"picked":"Conserve Battery","floor":20},{"not_picked":["Rebound","Reinforced Body+1"],"picked":"Conserve Battery","floor":21},{"not_picked":["Electrodynamics","Compile Driver"],"picked":"FTL","floor":22},{"not_picked":["Redo","Reinforced Body","Beam Cell"],"picked":"SKIP","floor":24},{"not_picked":["Double Energy","Fission","Echo Form"],"picked":"SKIP","floor":29},{"not_picked":["Turbo","Hello World+1","Barrage+1"],"picked":"SKIP","floor":35},{"not_picked":["Redo+1","Cold Snap","Streamline"],"picked":"SKIP","floor":36},{"not_picked":["Rebound","Stack+1"],"picked":"Auto Shields+1","floor":37},{"not_picked":["Reprogram+1","Fission","Compile Driver+1"],"picked":"SKIP","floor":41},{"not_picked":["Static Discharge","Hologram","Ball Lightning"],"picked":"SKIP","floor":42},{"not_picked":["Force Field+1","Cold Snap","Blizzard"],"picked":"SKIP","floor":44},{"not_picked":["Barrage","Leap","Redo+1"],"picked":"SKIP","floor":45},{"not_picked":["Sweeping Beam","Double Energy+1","Turbo"],"picked":"SKIP","floor":47}],"player_experience":259758,"relics_obtained":[{"floor":4,"key":"Orichalcum"},{"floor":9,"key":"Symbiotic Virus"},{"floor":14,"key":"Art of War"},{"floor":26,"key":"Letter Opener"},{"floor":29,"key":"Strawberry"},{"floor":37,"key":"Girya"},{"floor":39,"key":"Ice Cream"},{"floor":41,"key":"Darkstone Periapt"},{"floor":43,"key":"Happy Flower"}],"event_choices":[{"event_name":"Liars Game","player_choice":"disagreed","floor":2,"damage_taken":0},{"event_name":"Cursed Tome","player_choice":"Ignored","floor":30,"damage_taken":0},{"event_name":"Forgotten Altar","player_choice":"Shed Blood","floor":31,"damage_taken":0},{"event_name":"Mysterious Sphere","player_choice":"Fight","floor":37,"damage_taken":0},{"event_name":"MindBloom","player_choice":"Fight","floor":39,"damage_taken":0},{"event_name":"The Lab","player_choice":"Got Potions","floor":48,"damage_taken":0}],"is_beta":false,"boss_relics":[{"not_picked":["Philosopher\u0027s Stone","Inserter"],"picked":"Astrolabe"},{"not_picked":["Coffee Dripper","Black Star"],"picked":"White Beast Statue"}],"items_purged_floors":[28,38],"is_endless":false,"potions_floor_spawned":[1,5,12,18,22,29,35,36,37,39,41,42,44,45,47],"ascension_level":2}