{"gold_per_floor":[117,117,217,60,81,112,112,135,158,71,71,71,107,128,128,128],"floor_reached":16,"playtime":1310,"items_purged":[],"score":140,"play_id":"e094e5e6-6e29-4c6d-be84-cde91c5bd63e","local_time":"20190201234302","is_ascension_mode":true,"campfire_choices":[{"data":"Neutralize","floor":7,"key":"SMITH"},{"floor":12,"key":"REST"},{"data":"Footwork","floor":15,"key":"SMITH"}],"neow_cost":"NONE","seed_source_timestamp":438250754531546,"circlet_count":0,"master_deck":["Defend_G","Defend_G","Defend_G","Defend_G","Defend_G","Strike_G","Strike_G","Strike_G","Strike_G","Strike_G","Survivor","Neutralize+1","Madness","Infinite Blades","Accuracy","Glass Knife","PiercingWail","Acrobatics","Footwork+1","Cloak And Dagger","PiercingWail","Leg Sweep"],"special_seed":0,"relics":["Ring of the Snake","Golden Idol","Pen Nib","Omamori","Smiling Mask"],"potions_floor_usage":[14],"damage_taken":[{"damage":0.0,"enemies":"Small Slimes","floor":1.0,"turns":7.0},{"damage":1.0,"enemies":"2 Louse","floor":5.0,"turns":3.0},{"damage":42,"enemies":"3 Sentries","floor":6,"turns":13},{"damage":0,"enemies":"Cultist","floor":8,"turns":4},{"damage":6,"enemies":"Lagavulin","floor":13,"turns":7},{"damage":5,"enemies":"Red Slaver","floor":14,"turns":5},{"damage":29,"enemies":"Slime Boss","floor":16,"turns":9}],"seed_played":"-6339861076224595581","potions_obtained":[{"floor":5.0,"key":"SpeedPotion"},{"floor":6,"key":"Ancient Potion"}],"is_trial":false,"path_per_floor":["M","?","?","$","M","E","R","M","T","$","$","R","E","M","R","B"],"character_chosen":"THE_SILENT","items_purchased":["Accuracy","Glass Knife","Footwork","Cloak And Dagger"],"campfire_rested":1,"item_purchase_floors":[4,4,10,10],"current_hp_per_floor":[63,63,63,63,62,20,20,20,20,20,20,39,33,28,28,0],"gold":128,"neow_bonus":"RANDOM_COLORLESS","is_prod":false,"is_daily":false,"chose_seed":false,"campfire_upgraded":2,"win_rate":0,"timestamp":1549086182,"path_taken":["M","?","?","$","?","E","R","M","T","?","$","R","E","M","R","BOSS"],"build_version":"2019-01-23","purchased_purges":0,"victory":false,"max_hp_per_floor":[70,65,65,65,65,65,65,65,65,65,65,65,65,65,65,65],"card_choices":[{"not_picked":["Dagger Spray","Flying Knee"],"picked":"Infinite Blades","floor":1.0},{"not_picked":["Bane","Poisoned Stab"],"picked":"PiercingWail","floor":5.0},{"not_picked":["Accuracy","Dagger Spray"],"picked":"Acrobatics","floor":6},{"not_picked":["Outmaneuver","Flechettes","Deadly Poison"],"picked":"SKIP","floor":8},{"not_picked":["Poisoned Stab","Riddle With Holes"],"picked":"PiercingWail","floor":13},{"not_picked":["Sucker Punch","Dagger Throw"],"picked":"Leg Sweep","floor":14}],"player_experience":304931,"relics_obtained":[{"floor":6,"key":"Pen Nib"},{"floor":9,"key":"Omamori"},{"floor":13,"key":"Smiling Mask"}],"event_choices":[{"damage_healed":0.0,"max_hp_gain":0.0,"max_hp_loss":5.0,"gold_gain":0.0,"event_name":"Golden Idol","player_choice":"Lose Max HP","floor":2.0,"gold_loss":0.0,"damage_taken":0.0,"relics_obtained":["Golden Idol"]},{"damage_healed":0.0,"max_hp_gain":0.0,"max_hp_loss":0.0,"gold_gain":100.0,"event_name":"Golden Shrine","player_choice":"Pray","floor":3.0,"gold_loss":0.0,"damage_taken":0.0}],"is_beta":false,"boss_relics":[],"items_purged_floors":[],"is_endless":false,"potions_floor_spawned":[5,6],"killed_by":"Slime Boss","ascension_level":6}