{"gold_per_floor":[111,186,186,200,46,78,135,169,192,192,192,192,192,220,220,316,316,334,364,383,59,71,71,84,84,130,130,130,165,11,22,22,124,124,142,27,27,249,86,86,133,211,211,211,211,311,324,324,324,324],"floor_reached":50,"playtime":5086,"items_purged":["Strike_B"],"score":523,"play_id":"cdc30ceb-3561-46cd-a973-258ee80e4814","local_time":"20190126002206","is_ascension_mode":false,"campfire_choices":[{"floor":12.0,"key":"REST"},{"data":"Coolheaded","floor":15.0,"key":"SMITH"},{"floor":23,"key":"REST"},{"floor":27,"key":"REST"},{"floor":32,"key":"REST"},{"floor":40,"key":"REST"},{"floor":45,"key":"REST"},{"floor":49,"key":"REST"}],"neow_cost":"NONE","seed_source_timestamp":0,"circlet_count":0,"master_deck":["Strike_B+1","Strike_B+1","Defend_B","Defend_B","Defend_B","Defend_B","Zap","Dualcast","Auto Shields","Ball Lightning+1","Biased Cognition+1","Coolheaded+1","Self Repair","Coolheaded","Thunder Strike","Capacitor+1","Genetic Algorithm","Ball Lightning+1","Tempest","Conserve Battery","Coolheaded+1","Auto Shields+1","Double Energy+1","Conserve Battery","Rainbow","Darkness","Melter","Auto Shields","Madness","Madness","Thinking Ahead","Double Energy+1","Chill+1","Compile Driver+1","Leap+1","Storm+1","Reprogram+1"],"special_seed":0,"relics":["Cracked Core","Juzu Bracelet","Pen Nib","Potion Belt","Regal Pillow","Dream Catcher","Fusion Hammer","Tiny Chest","Question Card","PreservedInsect","Happy Flower","MutagenicStrength","Red Mask","Anchor","Sozu","Ginger","Bottled Tornado","Ornamental Fan","Whetstone","Peace Pipe"],"potions_floor_usage":[18,24,31,33],"damage_taken":[{"damage":0.0,"enemies":"Small Slimes","floor":1.0,"turns":2.0},{"damage":2.0,"enemies":"2 Louse","floor":4.0,"turns":2.0},{"damage":10.0,"enemies":"Lagavulin","floor":6.0,"turns":6.0},{"damage":1.0,"enemies":"Gremlin Nob","floor":7.0,"turns":4.0},{"damage":7.0,"enemies":"3 Sentries","floor":8.0,"turns":8.0},{"damage":4.0,"enemies":"Lagavulin","floor":14.0,"turns":6.0},{"damage":30.0,"enemies":"Hexaghost","floor":16.0,"turns":9.0},{"damage":13,"enemies":"2 Thieves","floor":18,"turns":3},{"damage":0,"enemies":"Chosen","floor":20,"turns":5},{"damage":16,"enemies":"Snake Plant","floor":22,"turns":5},{"damage":35,"enemies":"Centurion and Healer","floor":24,"turns":6},{"damage":25,"enemies":"Masked Bandits","floor":29,"turns":4},{"damage":5,"enemies":"Shelled Parasite and Fungi","floor":31,"turns":3},{"damage":40,"enemies":"Champ","floor":33,"turns":8},{"damage":11,"enemies":"3 Darklings","floor":35,"turns":6},{"damage":34,"enemies":"2 Orb Walkers","floor":41,"turns":5},{"damage":22,"enemies":"Mind Bloom Boss Battle","floor":46,"turns":7},{"damage":0,"enemies":"3 Shapes","floor":47,"turns":4},{"damage":84,"enemies":"Time Eater","floor":50,"turns":10}],"seed_played":"7598147600891245707","potions_obtained":[{"floor":4.0,"key":"SteroidPotion"},{"floor":6.0,"key":"FearPotion"},{"floor":8.0,"key":"EssenceOfSteel"},{"floor":20,"key":"FearPotion"},{"floor":22,"key":"Poison Potion"},{"floor":31,"key":"SkillPotion"}],"is_trial":false,"path_per_floor":["M","?","?","M","$","E","?","E","T","?","?","R","?","E","R","B",null,"M","?","M","$","M","R","M","T","T","R","?","?","$","M","R","B",null,"M","$","?","?","$","R","?","T","T","T","R","?","M","?","R","B"],"character_chosen":"DEFECT","items_purchased":["Biased Cognition","Question Card","Anchor","Melter","Auto Shields","Thinking Ahead"],"campfire_rested":7,"item_purchase_floors":[5,21,30,36,36,39],"current_hp_per_floor":[82,71,64,62,62,52,51,44,44,28,28,67,67,70,70,47,82,76,76,82,82,73,82,54,54,54,82,82,64,64,66,82,49,82,78,78,68,68,68,82,55,55,55,55,82,67,74,74,82,0],"gold":324,"neow_bonus":"TEN_PERCENT_HP_BONUS","is_prod":false,"is_daily":false,"chose_seed":false,"campfire_upgraded":1,"win_rate":0.0,"timestamp":1548480126,"path_taken":["M","?","?","M","?","E","?","E","T","?","?","R","?","E","R","BOSS","M","?","M","$","M","R","M","?","T","R","?","?","$","M","R","BOSS","M","$","?","?","$","R","?","?","T","?","R","?","M","?","R","BOSS"],"build_version":"2019-01-23","purchased_purges":1,"victory":false,"max_hp_per_floor":[82,82,82,82,82,82,82,82,82,82,82,82,82,82,82,82,82,82,82,82,82,82,82,82,82,82,82,82,82,82,82,82,82,82,82,82,82,82,82,82,82,82,82,82,82,82,82,82,82,82],"card_choices":[{"not_picked":["Hologram","Steam Power"],"picked":"Auto Shields","floor":1.0},{"not_picked":["Reinforced Body","Leap"],"picked":"Ball Lightning","floor":4.0},{"not_picked":["Tempest","Conserve Battery"],"picked":"Coolheaded","floor":6.0},{"not_picked":["Aggregate","Rebound"],"picked":"Self Repair","floor":8.0},{"not_picked":["Chaos","Go for the Eyes"],"picked":"Coolheaded","floor":14.0},{"not_picked":["Amplify","Meteor Strike"],"picked":"Thunder Strike","floor":16.0},{"not_picked":["Rebound","Steam"],"picked":"Capacitor+1","floor":18},{"not_picked":["Heatsinks","Coolheaded"],"picked":"Genetic Algorithm","floor":20},{"not_picked":["Stack","Steam Power+1","Capacitor"],"picked":"Ball Lightning","floor":22},{"not_picked":["Compile Driver","Rebound","Redo"],"picked":"Tempest","floor":23},{"not_picked":["Beam Cell","Rebound","Gash"],"picked":"Conserve Battery","floor":24},{"not_picked":["Gash","Go for the Eyes","Hologram"],"picked":"Coolheaded+1","floor":27},{"not_picked":["Ball Lightning","Barrage+1","Gash+1"],"picked":"Auto Shields+1","floor":29},{"not_picked":["FTL+1","Creative AI","Ball Lightning"],"picked":"Double Energy+1","floor":31},{"not_picked":["Go for the Eyes+1","Barrage","Leap"],"picked":"Conserve Battery","floor":32},{"not_picked":["Meteor Strike","Amplify","Multi-Cast"],"picked":"Rainbow","floor":33},{"not_picked":["Redo","Steam","Hologram"],"picked":"Darkness","floor":35},{"not_picked":["Conserve Battery","Auto Shields+1","Doom and Gloom+1"],"picked":"Double Energy+1","floor":40},{"not_picked":["Steam","Steam Power+1","Hello World"],"picked":"Chill+1","floor":41},{"not_picked":["Go for the Eyes","Hologram+1","Beam Cell"],"picked":"Compile Driver+1","floor":45},{"not_picked":["Conserve Battery","Sweeping Beam+1","Loop"],"picked":"Leap+1","floor":46},{"not_picked":["Meteor Strike","Beam Cell+1","Steam"],"picked":"Storm","floor":47},{"not_picked":["Ball Lightning+1","Blizzard","Double Energy+1"],"picked":"Reprogram+1","floor":49}],"player_experience":28361,"relics_obtained":[{"floor":6.0,"key":"Juzu Bracelet"},{"floor":7.0,"key":"Pen Nib"},{"floor":8.0,"key":"Potion Belt"},{"floor":9.0,"key":"Regal Pillow"},{"floor":14.0,"key":"Dream Catcher"},{"floor":25,"key":"PreservedInsect"},{"floor":26,"key":"Happy Flower"},{"floor":29,"key":"Red Mask"},{"floor":41,"key":"Ginger"},{"floor":42,"key":"Bottled Tornado"},{"floor":43,"key":"Ornamental Fan"},{"floor":44,"key":"Whetstone"},{"floor":46,"key":"Peace Pipe"}],"event_choices":[{"damage_healed":0.0,"max_hp_gain":0.0,"max_hp_loss":0.0,"gold_gain":75.0,"event_name":"World of Goop","player_choice":"Gather Gold","floor":2.0,"gold_loss":0.0,"damage_taken":11.0},{"cards_removed":["Strike_B"],"damage_healed":0.0,"max_hp_gain":0.0,"max_hp_loss":0.0,"gold_gain":0.0,"event_name":"Golden Wing","player_choice":"Card Removal","floor":3.0,"gold_loss":0.0,"damage_taken":7.0},{"damage_healed":0.0,"max_hp_gain":0.0,"max_hp_loss":0.0,"gold_gain":0.0,"event_name":"Dead Adventurer","player_choice":"Searched \u00271\u0027 times","floor":7.0,"gold_loss":0.0,"damage_taken":0.0},{"damage_healed":0.0,"max_hp_gain":0.0,"max_hp_loss":0.0,"gold_gain":0.0,"event_name":"Shining Light","player_choice":"Entered Light","floor":10.0,"gold_loss":0.0,"damage_taken":16.0,"cards_upgraded":["Strike_B","Strike_B"]},{"damage_healed":0.0,"max_hp_gain":0.0,"max_hp_loss":0.0,"gold_gain":0.0,"event_name":"The Woman in Blue","player_choice":"Bought 0 Potions","floor":11.0,"gold_loss":0.0,"damage_taken":0.0},{"damage_healed":0.0,"max_hp_gain":0.0,"max_hp_loss":0.0,"gold_gain":0.0,"event_name":"Living Wall","player_choice":"Grow","floor":13.0,"gold_loss":0.0,"damage_taken":0.0,"cards_upgraded":["Biased Cognition"]},{"damage_healed":0,"gold_gain":0,"player_choice":"Opened","damage_taken":0,"relics_obtained":["Tiny Chest"],"max_hp_gain":0,"max_hp_loss":0,"event_name":"The Mausoleum","floor":19,"gold_loss":0},{"damage_healed":0,"gold_gain":0,"player_choice":"Inject Mutagens","damage_taken":0,"relics_obtained":["MutagenicStrength"],"max_hp_gain":0,"max_hp_loss":0,"event_name":"Drug Dealer","floor":28,"gold_loss":0},{"damage_healed":0,"gold_gain":0,"player_choice":"Fought Bandits","damage_taken":0,"max_hp_gain":0,"max_hp_loss":0,"event_name":"Masked Bandits","floor":29,"gold_loss":0},{"damage_healed":0,"gold_gain":0,"player_choice":"Embrace Madness","damage_taken":10,"max_hp_gain":0,"max_hp_loss":0,"event_name":"Winding Halls","floor":37,"gold_loss":0,"cards_obtained":["Madness","Madness"]},{"damage_healed":0,"gold_gain":222,"player_choice":"Wore Mask","damage_taken":0,"max_hp_gain":0,"max_hp_loss":0,"event_name":"Tomb of Lord Red Mask","floor":38,"gold_loss":0},{"damage_healed":0,"gold_gain":0,"player_choice":"Fight","damage_taken":0,"max_hp_gain":0,"max_hp_loss":0,"event_name":"Mysterious Sphere","floor":41,"gold_loss":0},{"damage_healed":0,"gold_gain":0,"player_choice":"Fight","damage_taken":0,"max_hp_gain":0,"max_hp_loss":0,"event_name":"MindBloom","floor":46,"gold_loss":0},{"damage_healed":0,"gold_gain":0,"player_choice":"Forge","damage_taken":0,"max_hp_gain":0,"max_hp_loss":0,"event_name":"Accursed Blacksmith","floor":48,"gold_loss":0,"cards_upgraded":["Storm"]}],"is_beta":false,"boss_relics":[{"not_picked":["Black Star","Coffee Dripper"],"picked":"Fusion Hammer"},{"not_picked":["Orrery","Philosopher\u0027s Stone"],"picked":"Sozu"}],"items_purged_floors":[21],"is_endless":false,"potions_floor_spawned":[4,6,8,20,22,31,41,47],"killed_by":"Time Eater","ascension_level":0}