{"gold_per_floor":[113,113,133,143,68,68,96,96,123,143,159,234,234,246,246,342,342,282,182,193,293,216,216,216,235,235,235,248,248,248,248,248,353,353,363,382,382,382,382,382,382,393,445,463,121,121],"floor_reached":46,"playtime":2381,"items_purged":["Strike_R","Strike_R","Defend_R"],"score":416,"play_id":"cfb01f4f-333c-4e40-988b-3d16afbebd58","local_time":"20180723231053","is_ascension_mode":false,"campfire_choices":[{"data":"Rage","floor":6,"key":"SMITH"},{"floor":8,"key":"REST"},{"floor":15,"key":"REST"},{"data":"Anger","floor":23,"key":"SMITH"},{"floor":29,"key":"REST"},{"floor":32,"key":"REST"},{"floor":41,"key":"REST"}],"neow_cost":"NONE","seed_source_timestamp":5562588976746,"circlet_count":0,"master_deck":["Strike_R","Defend_R","Defend_R","Defend_R","Bash","Demon Form","Rage+1","Warcry","Shrug It Off","Ghostly Armor","Spot Weakness","Warcry","Dual Wield","Double Tap","Metallicize","Anger+1","Disarm","Inflame+1","Anger+1","J.A.X.","Warcry+1","Writhe","Finesse","Shrug It Off","Evolve"],"relics":["Burning Blood","Centennial Puzzle","Juzu Bracelet","Orrery","Bronze Scales","Eternal Feather","Bag of Marbles"],"potions_floor_usage":[33,33,33,44,44],"damage_taken":[{"damage":3,"enemies":"Small Slimes","floor":1,"turns":4},{"damage":4,"enemies":"Cultist","floor":3,"turns":4},{"damage":0,"enemies":"Jaw Worm","floor":4,"turns":3},{"damage":44,"enemies":"3 Sentries","floor":7,"turns":10},{"damage":2,"enemies":"Looter","floor":10,"turns":4},{"damage":2,"enemies":"3 Louse","floor":11,"turns":4},{"damage":21,"enemies":"Exordium Wildlife","floor":14,"turns":7},{"damage":35,"enemies":"The Guardian","floor":16,"turns":11},{"damage":27,"enemies":"2 Thieves","floor":18,"turns":4},{"damage":19,"enemies":"Spheric Guardian","floor":20,"turns":6},{"damage":26,"enemies":"Centurion and Healer","floor":25,"turns":7},{"damage":20,"enemies":"Sentry and Sphere","floor":28,"turns":6},{"damage":35,"enemies":"Champ","floor":33,"turns":11},{"damage":41,"enemies":"3 Darklings","floor":35,"turns":7},{"damage":34,"enemies":"Flame Bruiser 1 Orb","floor":36,"turns":10},{"damage":27,"enemies":"3 Darklings","floor":42,"turns":7},{"damage":46,"enemies":"4 Shapes","floor":44,"turns":8},{"damage":17,"enemies":"Maw","floor":46,"turns":2}],"seed_played":"1790799679639054999","potions_obtained":[{"floor":1,"key":"SpeedPotion"},{"floor":3,"key":"Block Potion"},{"floor":10,"key":"Block Potion"},{"floor":14,"key":"Poison Potion"},{"floor":16,"key":"Block Potion"},{"floor":35,"key":"PowerPotion"},{"floor":36,"key":"SpeedPotion"}],"is_trial":false,"path_per_floor":["M","?","M","M","$","R","E","R","T","M","M","?","?","M","R","B",null,"M","$","M","?","?","R","?","M","T","?","M","R","?","?","R","B",null,"M","M","?","?","?","?","R","M","T","M","$"],"character_chosen":"IRONCLAD","items_purchased":["Finesse","Shrug It Off","Evolve"],"campfire_rested":5,"item_purchase_floors":[45,45,45],"current_hp_per_floor":[80,80,80,80,80,80,42,66,66,70,74,63,63,48,72,43,80,59,59,46,46,46,46,46,26,26,26,12,36,36,36,60,31,80,45,17,17,17,17,37,73,52,52,12,12,0],"gold":121,"neow_bonus":"ONE_RANDOM_RARE_CARD","is_prod":false,"is_daily":false,"chose_seed":false,"campfire_upgraded":2,"win_rate":0.0,"timestamp":1532358653,"path_taken":["M","?","M","M","$","R","E","R","T","M","M","?","?","M","R","BOSS","M","$","M","?","?","R","?","M","T","?","M","R","?","?","R","BOSS","M","M","?","?","?","?","R","M","T","M","$","M"],"build_version":"2018-07-19v2","purchased_purges":3,"victory":false,"max_hp_per_floor":[80,80,80,80,80,80,80,80,80,80,80,80,80,80,80,80,80,80,80,80,80,80,80,80,80,80,80,80,80,80,80,80,80,80,80,80,80,80,80,80,80,80,80,80,80,80],"card_choices":[{"not_picked":["Spot Weakness","Pommel Strike"],"picked":"Rage","floor":1},{"not_picked":["Pommel Strike","Clothesline"],"picked":"Shrug It Off","floor":3},{"not_picked":["Headbutt","Sword Boomerang","Havoc"],"picked":"SKIP","floor":4},{"not_picked":["Searing Blow","Havoc"],"picked":"Ghostly Armor","floor":7},{"not_picked":["Pommel Strike","Wild Strike"],"picked":"Spot Weakness","floor":10},{"not_picked":["Searing Blow","Hemokinesis"],"picked":"Warcry","floor":11},{"not_picked":["Wild Strike","Rampage"],"picked":"Dual Wield","floor":14},{"not_picked":["Offering","Dark Embrace"],"picked":"Double Tap","floor":16},{"not_picked":["Clash","Shrug It Off"],"picked":"Metallicize","floor":17},{"not_picked":["Twin Strike","Sword Boomerang"],"picked":"Anger","floor":17},{"not_picked":["Iron Wave","Sentinel"],"picked":"Disarm","floor":17},{"not_picked":["Corruption","Heavy Blade"],"picked":"Inflame+1","floor":18},{"not_picked":["Corruption","Flex+1"],"picked":"Anger+1","floor":20},{"not_picked":["Rupture+1","Twin Strike","Carnage"],"picked":"SKIP","floor":25},{"not_picked":["Inflame","Reaper","Iron Wave"],"picked":"SKIP","floor":28},{"not_picked":["Perfected Strike+1","Pummel+1"],"picked":"Warcry+1","floor":35},{"not_picked":["Hemokinesis+1","Iron Wave","Cleave+1"],"picked":"SKIP","floor":36},{"not_picked":["True Grit","Thunderclap+1","Warcry"],"picked":"SKIP","floor":42},{"not_picked":["Sword Boomerang+1","Disarm","Shockwave+1"],"picked":"SKIP","floor":44}],"player_experience":73054,"relics_obtained":[{"floor":7,"key":"Centennial Puzzle"},{"floor":9,"key":"Juzu Bracelet"},{"floor":26,"key":"Bronze Scales"},{"floor":43,"key":"Bag of Marbles"}],"event_choices":[{"event_name":"Match and Keep!","player_choice":"1 cards matched","floor":2,"damage_taken":0},{"event_name":"World of Goop","player_choice":"Gather Gold","floor":12,"damage_taken":0},{"event_name":"Scrap Ooze","player_choice":"unsuccessful","floor":13,"damage_taken":0},{"event_name":"Golden Shrine","player_choice":"Pray","floor":21,"damage_taken":0},{"event_name":"Drug Dealer","player_choice":"Got JAXXED","floor":22,"damage_taken":0},{"event_name":"Back to Basics","player_choice":"Elegance","floor":24,"damage_taken":0},{"event_name":"The Mausoleum","player_choice":"No","floor":27,"damage_taken":0},{"event_name":"Cursed Tome","player_choice":"Ignored","floor":30,"damage_taken":0},{"event_name":"Ghosts","player_choice":"Ignored","floor":31,"damage_taken":0},{"event_name":"Falling","player_choice":"Removed Attack","floor":37,"damage_taken":0},{"event_name":"SensoryStone","player_choice":"Memory 1","floor":38,"damage_taken":0},{"event_name":"Accursed Blacksmith","player_choice":"Ignore","floor":39,"damage_taken":0},{"event_name":"Winding Halls","player_choice":"Writhe","floor":40,"damage_taken":0}],"is_beta":false,"boss_relics":[{"not_picked":["Philosopher\u0027s Stone","White Beast Statue"],"picked":"Orrery"},{"not_picked":["Runic Pyramid","Snecko Eye"],"picked":"Eternal Feather"}],"items_purged_floors":[5,19,45],"is_endless":false,"potions_floor_spawned":[1,3,10,14,16,20,35,36],"killed_by":"Maw","ascension_level":0}