{"gold_per_floor":[113,113,125,125,125,165,165,199,199,199,217,392,266,234,234,364,364,385,409,324,234,258,258,272,286,312,312,330,330,330,353,353,474,474,499,499,519,852,852,881,881,881,881,881,894,747,778,653,653,653,653,653,43,71,71],"floor_reached":56,"playtime":2097,"items_purged":["Doubt","Strike_R","Strike_R","Defend_R"],"score":1642,"play_id":"f1a537a5-a625-4634-92a8-011f497a5a8c","local_time":"20190118215619","is_ascension_mode":true,"campfire_choices":[{"data":"Searing Blow+1","floor":10.0,"key":"SMITH"},{"data":"Searing Blow+2","floor":15.0,"key":"SMITH"},{"data":"Searing Blow+3","floor":23.0,"key":"SMITH"},{"data":"Searing Blow+4","floor":27.0,"key":"SMITH"},{"data":"Searing Blow+5","floor":30.0,"key":"SMITH"},{"data":"Searing Blow+6","floor":32.0,"key":"SMITH"},{"floor":41.0,"key":"RECALL"},{"data":"Searing Blow+7","floor":44.0,"key":"SMITH"},{"data":"Searing Blow+8","floor":49.0,"key":"SMITH"},{"data":"Bash","floor":52.0,"key":"SMITH"}],"neow_cost":"NONE","seed_source_timestamp":176969612728200,"circlet_count":0,"master_deck":["Strike_R+1","Defend_R+1","Defend_R","Bash+1","Searing Blow+9","Cleave","Shockwave","Reaper","Metallicize+1","Body Slam","Battle Trance+1","Offering","Shrug It Off","Headbutt+1"],"special_seed":0,"relics":["Burning Blood","NeowsBlessing","Matryoshka","Kunai","Anchor","Snecko Eye","Omamori","Blood Vial","Juzu Bracelet","Enchiridion","Velvet Choker","Mercury Hourglass","Bird Faced Urn","Bronze Scales","ClockworkSouvenir","Red Skull","Happy Flower"],"potions_floor_usage":[55,55],"damage_taken":[{"damage":0.0,"enemies":"2 Louse","floor":1.0,"turns":1.0},{"damage":0.0,"enemies":"Cultist","floor":3.0,"turns":1.0},{"damage":0.0,"enemies":"Gremlin Nob","floor":6.0,"turns":1.0},{"damage":46.0,"enemies":"Lagavulin","floor":8.0,"turns":10.0},{"damage":2.0,"enemies":"Jaw Worm","floor":11.0,"turns":2.0},{"damage":6.0,"enemies":"Slime Boss","floor":16.0,"turns":8.0},{"damage":25.0,"enemies":"Spheric Guardian","floor":18.0,"turns":4.0},{"damage":1.0,"enemies":"2 Thieves","floor":19.0,"turns":3.0},{"damage":3.0,"enemies":"Snake Plant","floor":22.0,"turns":3.0},{"damage":7.0,"enemies":"Snecko","floor":24.0,"turns":3.0},{"damage":0.0,"enemies":"Cultist and Chosen","floor":25.0,"turns":4.0},{"damage":23.0,"enemies":"3 Cultists","floor":28.0,"turns":6.0},{"damage":33.0,"enemies":"Sentry and Sphere","floor":31.0,"turns":5.0},{"damage":23.0,"enemies":"Collector","floor":33.0,"turns":5.0},{"damage":12.0,"enemies":"3 Shapes","floor":35.0,"turns":4.0},{"damage":0.0,"enemies":"3 Darklings","floor":37.0,"turns":3.0},{"damage":19.0,"enemies":"Giant Head","floor":40.0,"turns":6.0},{"damage":8.0,"enemies":"Jaw Worm Horde","floor":45.0,"turns":2.0},{"damage":55.0,"enemies":"Reptomancer","floor":47.0,"turns":5.0},{"damage":68.0,"enemies":"Awakened One","floor":50.0,"turns":8.0},{"damage":38.0,"enemies":"Shield and Spear","floor":54.0,"turns":3.0},{"damage":41,"enemies":"The Heart","floor":55,"turns":5}],"seed_played":"3154195322611401696","potions_obtained":[{"floor":1.0,"key":"Block Potion"},{"floor":11.0,"key":"GamblersBrew"},{"floor":16.0,"key":"BloodPotion"},{"floor":18.0,"key":"SkillPotion"},{"floor":25.0,"key":"Weak Potion"},{"floor":33.0,"key":"Block Potion"}],"is_trial":false,"path_per_floor":["M","?","M","?","$","E","?","E","T","R","M","?","$","?","R","B",null,"M","M","?","?","M","R","M","M","T","R","M","?","R","M","R","B",null,"M","?","M","?","?","E","R","?","T","R","M","$","E","$","R","B",null,"R","$","E","B",null],"character_chosen":"IRONCLAD","items_purchased":["Block Potion","Shrug It Off","ClockworkSouvenir","Dexterity Potion","AttackPotion","Red Skull"],"campfire_rested":0,"item_purchase_floors":[13,46,53,53,53,53],"current_hp_per_floor":[78,78,80,60,60,66,50,10,10,10,14,14,14,14,14,14,64,49,54,54,54,63,63,62,74,74,74,63,47,47,30,30,29,67,75,75,80,80,80,67,67,67,67,67,80,80,52,52,52,12,63,63,63,43,14],"gold":71,"neow_bonus":"THREE_ENEMY_KILL","is_prod":false,"is_daily":false,"chose_seed":false,"campfire_upgraded":9,"win_rate":0,"timestamp":1547848579,"path_taken":["M","?","?","?","$","E","?","E","T","R","M","?","$","?","R","BOSS","M","M","?","?","M","R","?","M","T","R","M","?","R","M","R","BOSS","M","?","M","?","?","E","R","?","T","R","M","$","E","$","R","BOSS","R","$","E","BOSS"],"build_version":"2019-01-17v2","purchased_purges":4,"victory":true,"max_hp_per_floor":[80,80,80,80,80,80,80,80,80,80,80,80,80,80,80,80,80,80,80,80,80,80,80,80,80,80,80,80,80,80,80,80,80,80,80,80,80,80,80,80,80,80,80,80,80,80,80,80,80,80,80,80,80,80,80],"card_choices":[{"not_picked":["Metallicize","Sword Boomerang"],"picked":"Searing Blow","floor":1.0},{"not_picked":["Pummel","Carnage","Wild Strike"],"picked":"SKIP","floor":3.0},{"not_picked":["Thunderclap","Corruption"],"picked":"Cleave","floor":6.0},{"not_picked":["Feel No Pain","Iron Wave","Bloodletting"],"picked":"SKIP","floor":8.0},{"not_picked":["Clothesline","Carnage"],"picked":"Shockwave","floor":11.0},{"not_picked":["Demon Form","Exhume"],"picked":"Reaper","floor":16.0},{"not_picked":["Heavy Blade","Havoc+1","Pommel Strike"],"picked":"SKIP","floor":18.0},{"not_picked":["Fire Breathing","Corruption+1","Havoc"],"picked":"SKIP","floor":19.0},{"not_picked":["True Grit","Infernal Blade","Iron Wave"],"picked":"SKIP","floor":22.0},{"not_picked":["Sword Boomerang","Burning Pact"],"picked":"Metallicize+1","floor":24.0},{"not_picked":["Disarm","Reckless Charge+1","Heavy Blade+1"],"picked":"SKIP","floor":25.0},{"not_picked":["Disarm","Reckless Charge+1","Heavy Blade+1"],"picked":"SKIP","floor":25.0},{"not_picked":["Shockwave","Sword Boomerang","Pommel Strike"],"picked":"SKIP","floor":28.0},{"not_picked":["Thunderclap+1","Flex","Pommel Strike"],"picked":"SKIP","floor":31.0},{"not_picked":["Rage","Perfected Strike+1","Sword Boomerang"],"picked":"SKIP","floor":35.0},{"not_picked":["Iron Wave+1","Twin Strike"],"picked":"Battle Trance+1","floor":37.0},{"not_picked":["Clash","Havoc+1"],"picked":"Offering","floor":40.0},{"not_picked":["Clothesline+1","Warcry","Combust+1"],"picked":"SKIP","floor":45.0},{"not_picked":["Searing Blow","Blood for Blood"],"picked":"Headbutt+1","floor":47.0},{"not_picked":["Wild Strike","Juggernaut","Iron Wave+1"],"picked":"SKIP","floor":54.0}],"player_experience":122874,"relics_obtained":[{"floor":6.0,"key":"Matryoshka"},{"floor":8.0,"key":"Kunai"},{"floor":9.0,"key":"Anchor"},{"floor":26.0,"key":"Blood Vial"},{"floor":26.0,"key":"Juzu Bracelet"},{"floor":29.0,"key":"Enchiridion"},{"floor":40.0,"key":"Mercury Hourglass"},{"floor":43.0,"key":"Bird Faced Urn"},{"floor":47.0,"key":"Bronze Scales"},{"floor":54.0,"key":"Happy Flower"}],"event_choices":[{"damage_healed":0.0,"max_hp_gain":0.0,"max_hp_loss":0.0,"gold_gain":0.0,"event_name":"The Woman in Blue","player_choice":"Bought 0 Potions","floor":2.0,"gold_loss":0.0,"damage_taken":0.0},{"damage_healed":0.0,"max_hp_gain":0.0,"max_hp_loss":0.0,"gold_gain":0.0,"event_name":"Golden Idol","player_choice":"Take Damage","floor":4.0,"gold_loss":0.0,"damage_taken":20.0,"relics_obtained":["Golden Idol"]},{"damage_healed":0.0,"max_hp_gain":0.0,"max_hp_loss":0.0,"gold_gain":0.0,"event_name":"Shining Light","player_choice":"Entered Light","floor":7.0,"gold_loss":0.0,"damage_taken":16.0,"cards_upgraded":["Strike_R","Searing Blow"]},{"damage_healed":0.0,"max_hp_gain":0.0,"max_hp_loss":0.0,"gold_gain":175.0,"event_name":"Liars Game","player_choice":"AGREE","floor":12.0,"gold_loss":0.0,"damage_taken":0.0,"cards_obtained":["Doubt"]},{"damage_healed":0.0,"max_hp_gain":0.0,"max_hp_loss":0.0,"gold_gain":0.0,"event_name":"World of Goop","player_choice":"Left Gold","floor":14.0,"gold_loss":32.0,"damage_taken":0.0},{"damage_healed":0.0,"max_hp_gain":0.0,"max_hp_loss":0.0,"gold_gain":0.0,"event_name":"Addict","player_choice":"Obtained Relic","floor":20.0,"gold_loss":85.0,"damage_taken":0.0,"relics_obtained":["Omamori"]},{"cards_removed":["Strike_R"],"damage_healed":0.0,"max_hp_gain":0.0,"max_hp_loss":0.0,"gold_gain":0.0,"event_name":"Designer","player_choice":"Upgrade and Remove","floor":21.0,"gold_loss":90.0,"damage_taken":0.0,"cards_upgraded":["Defend_R"]},{"damage_healed":0.0,"max_hp_gain":0.0,"max_hp_loss":0.0,"gold_gain":0.0,"event_name":"Cursed Tome","player_choice":"Obtained Book","floor":29.0,"gold_loss":0.0,"damage_taken":16.0},{"damage_healed":0.0,"max_hp_gain":0.0,"max_hp_loss":0.0,"gold_gain":0.0,"cards_transformed":["Strike_R"],"event_name":"Transmorgrifier","player_choice":"Transformed","floor":36.0,"gold_loss":0.0,"damage_taken":0.0,"cards_obtained":["Body Slam"]},{"damage_healed":0.0,"max_hp_gain":0.0,"max_hp_loss":0.0,"gold_gain":333.0,"event_name":"The Moai Head","player_choice":"Gave Idol","floor":38.0,"relics_lost":["Golden Idol"],"gold_loss":0.0,"damage_taken":0.0},{"damage_healed":0.0,"max_hp_gain":0.0,"max_hp_loss":0.0,"gold_gain":0.0,"event_name":"Tomb of Lord Red Mask","player_choice":"Ignored","floor":39.0,"gold_loss":0.0,"damage_taken":0.0},{"cards_removed":["Defend_R"],"damage_healed":0.0,"max_hp_gain":0.0,"max_hp_loss":0.0,"gold_gain":0.0,"event_name":"Falling","player_choice":"Removed Skill","floor":42.0,"gold_loss":0.0,"damage_taken":0.0}],"is_beta":false,"boss_relics":[{"not_picked":["Tiny House","Busted Crown"],"picked":"Snecko Eye"},{"not_picked":["Empty Cage","Fusion Hammer"],"picked":"Velvet Choker"}],"items_purged_floors":[13,46,48,53],"is_endless":false,"potions_floor_spawned":[1,11,16,18,24,25,33,40],"ascension_level":6}