{"gold_per_floor":[112,37,52,52,52,96,121,134,134,177,177,70,94,113,113,242,242,228,228,249,104,125,165,165,180,180,180,180,200,225,350,350,480,480,504,518,177,510,73,106,106,117,142,142,158,0,11,26,26,26,26,26,26,57,57],"floor_reached":56,"playtime":8308,"items_purged":["Strike_R","Strike_R","Strike_R","Defend_R"],"score":1311,"play_id":"179a8024-c3c6-4fd4-bb53-0ad58189f9b3","local_time":"20190202144206","is_ascension_mode":false,"campfire_choices":[{"data":"Barricade","floor":11.0,"key":"SMITH"},{"floor":15.0,"key":"REST"},{"floor":24.0,"key":"RECALL"},{"floor":27.0,"key":"REST"},{"floor":32.0,"key":"REST"},{"data":"Corruption","floor":41,"key":"SMITH"},{"floor":49,"key":"REST"},{"data":"Dark Embrace","floor":52,"key":"SMITH"}],"neow_cost":"NONE","seed_source_timestamp":0,"circlet_count":0,"master_deck":["Strike_R","Defend_R","Defend_R","Defend_R","Bash","Corruption+1","Dual Wield","Good Instincts","Brutality","Twin Strike","Pummel","Infernal Blade","Barricade+1","True Grit+1","Disarm+1","Feel No Pain","Dark Embrace+1","Dual Wield+1","Disarm+1","True Grit+1","Armaments+1","Burning Pact+1","Pommel Strike","True Grit+1","True Grit+1","Shrug It Off+1","Impervious+1","Good Instincts+1","Feel No Pain","Warcry+1","Bandage Up+1"],"special_seed":0,"relics":["Burning Blood","NeowsBlessing","Sundial","Toxic Egg 2","Self Forming Clay","Mark of Pain","Pen Nib","Regal Pillow","Turnip","Kunai","Busted Crown","Oddly Smooth Stone","Magic Flower","PreservedInsect","Red Mask","Calipers"],"potions_floor_usage":[47,50,54],"damage_taken":[{"damage":0.0,"enemies":"Jaw Worm","floor":1.0,"turns":1.0},{"damage":0.0,"enemies":"Cultist","floor":3.0,"turns":1.0},{"damage":0.0,"enemies":"3 Sentries","floor":6.0,"turns":2.0},{"damage":0.0,"enemies":"Small Slimes","floor":7.0,"turns":4.0},{"damage":10.0,"enemies":"2 Fungi Beasts","floor":8.0,"turns":4.0},{"damage":20.0,"enemies":"Lagavulin","floor":10.0,"turns":4.0},{"damage":18.0,"enemies":"Exordium Wildlife","floor":13.0,"turns":6.0},{"damage":21.0,"enemies":"Large Slime","floor":14.0,"turns":11.0},{"damage":34.0,"enemies":"Slime Boss","floor":16.0,"turns":13.0},{"damage":24.0,"enemies":"2 Thieves","floor":18.0,"turns":4.0},{"damage":5.0,"enemies":"Shell Parasite","floor":20.0,"turns":7.0},{"damage":19.0,"enemies":"3 Cultists","floor":22.0,"turns":6.0},{"damage":1.0,"enemies":"Book of Stabbing","floor":23.0,"turns":8.0},{"damage":23.0,"enemies":"Sentry and Sphere","floor":25.0,"turns":8.0},{"damage":13.0,"enemies":"Snake Plant","floor":29.0,"turns":6.0},{"damage":9.0,"enemies":"Cultist and Chosen","floor":30.0,"turns":10.0},{"damage":40.0,"enemies":"Colosseum Slavers","floor":31.0,"turns":7.0},{"damage":15.0,"enemies":"Colosseum Nobs","floor":31.0,"turns":8.0},{"damage":6.0,"enemies":"Automaton","floor":33.0,"turns":8.0},{"damage":11,"enemies":"Orb Walker","floor":35,"turns":6},{"damage":14,"enemies":"3 Darklings","floor":36,"turns":6},{"damage":10,"enemies":"Nemesis","floor":40,"turns":11},{"damage":47,"enemies":"Spire Growth","floor":42,"turns":6},{"damage":2,"enemies":"Sphere and 2 Shapes","floor":45,"turns":9},{"damage":46,"enemies":"Transient","floor":47,"turns":5},{"damage":11,"enemies":"3 Darklings","floor":48,"turns":8},{"damage":15,"enemies":"Time Eater","floor":50,"turns":9},{"damage":39,"enemies":"Shield and Spear","floor":54,"turns":10},{"damage":24,"enemies":"The Heart","floor":55,"turns":8}],"seed_played":"3325131475127851662","potions_obtained":[{"floor":1.0,"key":"Swift Potion"},{"floor":7.0,"key":"GamblersBrew"},{"floor":8.0,"key":"SkillPotion"},{"floor":14.0,"key":"PowerPotion"},{"floor":20.0,"key":"SpeedPotion"},{"floor":23.0,"key":"Strength Potion"},{"floor":25.0,"key":"Strength Potion"},{"floor":28.0,"key":"SkillPotion"},{"floor":28.0,"key":"EntropicBrew"},{"floor":45,"key":"BloodPotion"},{"floor":48,"key":"FearPotion"}],"is_trial":false,"path_per_floor":["M","$","M","?","?","E","M","M","T","E","R","$","M","M","R","B",null,"M","?","M","$","M","E","R","M","T","R","?","M","M","?","R","B",null,"M","M","$","?","$","E","R","M","T","?","M","?","M","M","R","B",null,"R","$","E","B",null],"character_chosen":"IRONCLAD","items_purchased":["True Grit+1","Disarm+1","True Grit+1","Good Instincts+1","Feel No Pain","Warcry+1","Oddly Smooth Stone","Bandage Up+1","Dexterity Potion"],"campfire_rested":4,"item_purchase_floors":[12,12,21,37,37,37,39,39,39],"current_hp_per_floor":[80,80,80,60,60,66,72,68,68,54,54,54,42,27,51,23,80,62,62,63,63,50,55,55,38,38,77,77,70,67,24,63,63,80,75,67,67,67,67,69,69,40,40,40,56,56,40,47,80,80,80,80,80,59,53],"gold":57,"neow_bonus":"THREE_ENEMY_KILL","is_prod":false,"is_daily":false,"chose_seed":false,"campfire_upgraded":3,"win_rate":0,"timestamp":1549136526,"path_taken":["M","$","M","?","?","E","M","M","T","E","R","$","M","?","R","BOSS","M","?","?","$","M","E","R","M","T","R","?","M","?","?","R","BOSS","M","M","$","?","$","E","R","M","T","?","?","?","M","M","R","BOSS","R","$","E","BOSS"],"build_version":"2019-01-23","purchased_purges":4,"victory":true,"max_hp_per_floor":[80,80,80,80,80,80,80,80,80,80,80,80,80,80,80,80,80,80,80,80,80,80,80,80,80,80,80,80,80,80,80,80,80,80,80,80,80,80,80,80,80,80,80,80,80,80,80,80,80,80,80,80,80,80,80],"card_choices":[{"not_picked":["Metallicize","Heavy Blade"],"picked":"Corruption","floor":1.0},{"not_picked":["Intimidate","Body Slam"],"picked":"Dual Wield","floor":3.0},{"not_picked":["Reckless Charge","Combust"],"picked":"Twin Strike","floor":6.0},{"not_picked":["Clash","Metallicize"],"picked":"Pummel","floor":7.0},{"not_picked":["Iron Wave","Perfected Strike"],"picked":"Infernal Blade","floor":8.0},{"not_picked":["Heavy Blade","Immolate"],"picked":"Barricade","floor":10.0},{"not_picked":["Corruption","Headbutt"],"picked":"Feel No Pain","floor":13.0},{"not_picked":["Perfected Strike","Twin Strike","Body Slam"],"picked":"SKIP","floor":14.0},{"not_picked":["Reaper","Barricade"],"picked":"Dark Embrace","floor":16.0},{"not_picked":["Clash+1","Clothesline"],"picked":"Dual Wield+1","floor":18.0},{"not_picked":["Wild Strike","Fiend Fire"],"picked":"Disarm+1","floor":20.0},{"not_picked":["Pommel Strike","Metallicize"],"picked":"Armaments+1","floor":22.0},{"not_picked":["Thunderclap+1","Wild Strike+1"],"picked":"Burning Pact+1","floor":23.0},{"not_picked":["Sword Boomerang","Twin Strike"],"picked":"Pommel Strike","floor":25.0},{"not_picked":["Flex+1","Whirlwind"],"picked":"True Grit+1","floor":29.0},{"not_picked":["Dropkick","Twin Strike"],"picked":"True Grit+1","floor":30.0},{"not_picked":["Sword Boomerang","Pummel+1"],"picked":"Shrug It Off+1","floor":31.0},{"not_picked":["Offering+1","Fiend Fire"],"picked":"Impervious+1","floor":33.0},{"not_picked":["Thunderclap"],"picked":"SKIP","floor":35},{"not_picked":["Thunderclap+1"],"picked":"SKIP","floor":36},{"not_picked":["Clothesline+1"],"picked":"SKIP","floor":40},{"not_picked":["Sword Boomerang"],"picked":"SKIP","floor":42},{"not_picked":["Combust"],"picked":"SKIP","floor":45},{"not_picked":["Headbutt+1"],"picked":"SKIP","floor":47},{"not_picked":["Blood for Blood+1"],"picked":"SKIP","floor":48},{"not_picked":["Rage+1"],"picked":"SKIP","floor":54}],"player_experience":73007,"relics_obtained":[{"floor":6.0,"key":"Sundial"},{"floor":9.0,"key":"Toxic Egg 2"},{"floor":10.0,"key":"Self Forming Clay"},{"floor":19.0,"key":"Pen Nib"},{"floor":23.0,"key":"Regal Pillow"},{"floor":31.0,"key":"Turnip"},{"floor":31.0,"key":"Kunai"},{"floor":40,"key":"Magic Flower"},{"floor":43,"key":"PreservedInsect"},{"floor":54,"key":"Calipers"}],"event_choices":[{"damage_healed":0.0,"max_hp_gain":0.0,"max_hp_loss":0.0,"gold_gain":0.0,"event_name":"Golden Idol","player_choice":"Take Damage","floor":4.0,"gold_loss":0.0,"damage_taken":20.0,"relics_obtained":["Golden Idol"]},{"damage_healed":0.0,"max_hp_gain":0.0,"max_hp_loss":0.0,"gold_gain":0.0,"event_name":"Match and Keep!","player_choice":"2 cards matched","floor":5.0,"gold_loss":0.0,"damage_taken":0.0,"cards_obtained":["Good Instincts","Brutality"]},{"damage_healed":0.0,"max_hp_gain":0.0,"max_hp_loss":0.0,"gold_gain":0.0,"event_name":"Wheel of Change","player_choice":"Relic","floor":19.0,"gold_loss":0.0,"damage_taken":0.0},{"damage_healed":0.0,"max_hp_gain":0.0,"max_hp_loss":0.0,"gold_gain":0.0,"event_name":"Lab","player_choice":"Got Potions","floor":28.0,"gold_loss":0.0,"damage_taken":0.0},{"damage_healed":0.0,"max_hp_gain":0.0,"max_hp_loss":0.0,"gold_gain":0.0,"event_name":"Colosseum","player_choice":"Fight","floor":31.0,"gold_loss":0.0,"damage_taken":0.0},{"damage_healed":0.0,"max_hp_gain":0.0,"max_hp_loss":0.0,"gold_gain":0.0,"event_name":"Colosseum","player_choice":"Fought Nobs","floor":31.0,"gold_loss":0.0,"damage_taken":0.0},{"damage_healed":0,"gold_gain":333,"player_choice":"Gave Idol","damage_taken":0,"max_hp_gain":0,"max_hp_loss":0,"event_name":"The Moai Head","floor":38,"relics_lost":["Golden Idol"],"gold_loss":0},{"cards_removed":["Strike_R"],"damage_healed":0,"gold_gain":0,"player_choice":"Card Removal","damage_taken":0,"max_hp_gain":0,"max_hp_loss":0,"event_name":"Wheel of Change","floor":44,"gold_loss":0},{"damage_healed":0,"gold_gain":0,"player_choice":"Paid","damage_taken":0,"relics_obtained":["Red Mask"],"max_hp_gain":0,"max_hp_loss":0,"event_name":"Tomb of Lord Red Mask","floor":46,"gold_loss":158}],"is_beta":false,"boss_relics":[{"not_picked":["Tiny House","Astrolabe"],"picked":"Mark of Pain"},{"not_picked":["Orrery","Coffee Dripper"],"picked":"Busted Crown"}],"items_purged_floors":[2,21,37,39],"is_endless":false,"potions_floor_spawned":[1,7,8,14,20,23,25,29,31,45,48],"ascension_level":0}