{"gold_per_floor":[111,111,79,92,15,41,57,57,57,57,72,72,82,101,101,201,201,211,42,62,10,21,53,53,69,69,69,82,94,109,128,128,233,233,246,262,262,262,279,279,298,298,325,345,345,399,411,411],"floor_reached":48,"playtime":3394,"items_purged":["Strike_G"],"score":529,"play_id":"db85d18a-de0d-4c18-be83-b1ca7582390f","local_time":"20180827000951","is_ascension_mode":true,"campfire_choices":[{"floor":8,"key":"REST"},{"data":"Noxious Fumes","floor":10,"key":"SMITH"},{"data":"Noxious Fumes","floor":12,"key":"SMITH"},{"data":"Phantasmal Killer","floor":15,"key":"SMITH"},{"data":"Survivor","floor":24,"key":"SMITH"},{"data":"Cloak And Dagger","floor":27,"key":"SMITH"},{"floor":32,"key":"REST"},{"data":"Malaise","floor":40,"key":"SMITH"},{"floor":42,"key":"REST"},{"data":"Leg Sweep","floor":45,"key":"SMITH"}],"neow_cost":"NONE","seed_source_timestamp":917228491894857,"circlet_count":0,"master_deck":["Defend_G","Defend_G","Defend_G","Defend_G","Defend_G","Strike_G","Strike_G","Strike_G","Survivor+1","Neutralize+1","Backflip","PiercingWail","Noxious Fumes+1","Phantasmal Killer+1","Well Laid Plans","Noxious Fumes+1","Well Laid Plans","Caltrops","Adrenaline","Bandage Up","Riddle With Holes+1","Cloak And Dagger+1","Backstab+1","Accuracy","Malaise+1","Leg Sweep+1","Deflect+1","Dodge and Roll"],"relics":["Ring of the Serpent","Bird Faced Urn","Boot","Incense Burner","Eternal Feather","Matryoshka","Vajra","Bottled Flame","The Specimen","The Courier","Snake Skull","Lantern"],"potions_floor_usage":[23,28,33,33,33,41,44],"damage_taken":[{"damage":1,"enemies":"Small Slimes","floor":1,"turns":5},{"damage":1,"enemies":"2 Louse","floor":4,"turns":3},{"damage":23,"enemies":"Lagavulin","floor":6,"turns":10},{"damage":3,"enemies":"Jaw Worm","floor":7,"turns":7},{"damage":0,"enemies":"Large Slime","floor":11,"turns":7},{"damage":1,"enemies":"3 Louse","floor":13,"turns":4},{"damage":14,"enemies":"Exordium Thugs","floor":14,"turns":6},{"damage":26,"enemies":"The Guardian","floor":16,"turns":10},{"damage":7,"enemies":"Shell Parasite","floor":18,"turns":6},{"damage":1,"enemies":"Chosen","floor":20,"turns":6},{"damage":20,"enemies":"Snake Plant","floor":22,"turns":5},{"damage":11,"enemies":"Book of Stabbing","floor":23,"turns":6},{"damage":19,"enemies":"Shelled Parasite and Fungi","floor":25,"turns":6},{"damage":15,"enemies":"Snecko","floor":28,"turns":5},{"damage":4,"enemies":"Cultist and Chosen","floor":29,"turns":6},{"damage":5,"enemies":"Snake Plant","floor":30,"turns":4},{"damage":44,"enemies":"3 Cultists","floor":31,"turns":5},{"damage":54,"enemies":"Automaton","floor":33,"turns":11},{"damage":29,"enemies":"Flame Bruiser 1 Orb","floor":35,"turns":8},{"damage":26,"enemies":"Orb Walker","floor":36,"turns":6},{"damage":4,"enemies":"Mind Bloom Boss Battle","floor":37,"turns":8},{"damage":22,"enemies":"Sphere and 2 Shapes","floor":39,"turns":9},{"damage":57,"enemies":"Transient","floor":41,"turns":5},{"damage":1,"enemies":"Flame Bruiser 2 Orb","floor":44,"turns":8},{"damage":68,"enemies":"Spire Growth","floor":47,"turns":9},{"damage":24,"enemies":"3 Darklings","floor":48,"turns":2}],"seed_played":"2156752297831541797","potions_obtained":[{"floor":6,"key":"LiquidBronze"},{"floor":7,"key":"Strength Potion"},{"floor":13,"key":"Dexterity Potion"},{"floor":23,"key":"Weak Potion"},{"floor":28,"key":"Regen Potion"},{"floor":30,"key":"PowerPotion"},{"floor":31,"key":"EssenceOfSteel"},{"floor":33,"key":"Swift Potion"},{"floor":37,"key":"Weak Potion"},{"floor":39,"key":"Explosive Potion"},{"floor":44,"key":"Explosive Potion"}],"is_trial":false,"path_per_floor":["M","?","?","M","$","E","M","R","T","R","M","R","M","M","R","B",null,"M","$","M","$","M","E","R","M","T","R","M","M","M","M","R","B",null,"M","M","?","?","M","R","M","R","T","M","R","T","M"],"character_chosen":"THE_SILENT","items_purchased":["Noxious Fumes","Bandage Up","Cloak And Dagger"],"campfire_rested":3,"item_purchase_floors":[5,19,21],"current_hp_per_floor":[69,57,57,56,56,35,34,55,55,55,59,59,64,58,58,42,70,65,65,69,69,56,59,70,61,61,70,55,65,70,36,70,38,70,55,45,57,57,49,64,17,53,53,68,70,70,12,0],"gold":411,"neow_bonus":"UPGRADE_CARD","is_prod":false,"is_daily":false,"chose_seed":false,"campfire_upgraded":7,"win_rate":0,"timestamp":1535299791,"path_taken":["M","?","?","M","$","E","?","R","T","R","M","R","M","M","R","BOSS","M","$","M","$","M","E","R","M","T","R","M","M","M","M","R","BOSS","M","M","?","?","M","R","M","R","T","?","R","?","M","M"],"build_version":"2018-08-23v2","purchased_purges":1,"victory":false,"max_hp_per_floor":[70,70,70,70,70,70,70,70,70,70,70,70,70,70,70,70,70,70,70,70,70,70,70,70,70,70,70,70,70,70,70,70,70,70,70,70,70,70,70,70,70,70,70,70,70,70,70,70],"card_choices":[{"not_picked":["Heel Hook","Bane"],"picked":"Backflip","floor":1},{"not_picked":["Eviscerate","Bane"],"picked":"PiercingWail","floor":4},{"not_picked":["Sucker Punch","All Out Attack"],"picked":"Phantasmal Killer","floor":6},{"not_picked":["Bane","Deadly Poison"],"picked":"Well Laid Plans","floor":7},{"not_picked":["Dodge and Roll","Deflect"],"picked":"Noxious Fumes","floor":11},{"not_picked":["Outmaneuver","Expertise"],"picked":"Well Laid Plans","floor":13},{"not_picked":["Reflex","Flechettes"],"picked":"Caltrops","floor":14},{"not_picked":["Burst","A Thousand Cuts"],"picked":"Adrenaline","floor":16},{"not_picked":["Deflect+1","Backflip","Predator+1"],"picked":"SKIP","floor":18},{"not_picked":["Bane","Backflip"],"picked":"Riddle With Holes+1","floor":20},{"not_picked":["Quick Slash","Sucker Punch","Distraction"],"picked":"SKIP","floor":22},{"not_picked":["Reflex","Acrobatics+1","Doppelganger"],"picked":"SKIP","floor":23},{"not_picked":["Outmaneuver","Poisoned Stab","Flying Knee"],"picked":"SKIP","floor":25},{"not_picked":["Blade Dance","Skewer+1","All Out Attack"],"picked":"SKIP","floor":28},{"not_picked":["Acrobatics","Dodge and Roll+1"],"picked":"Backstab+1","floor":29},{"not_picked":["Doppelganger","Setup","Underhanded Strike"],"picked":"SKIP","floor":30},{"not_picked":["Dodge and Roll","Flying Knee"],"picked":"Accuracy","floor":31},{"not_picked":["Night Terror","Unload"],"picked":"Malaise","floor":33},{"not_picked":["Sucker Punch","PiercingWail+1"],"picked":"Leg Sweep","floor":35},{"not_picked":["Poisoned Stab+1","Flechettes+1","Underhanded Strike"],"picked":"SKIP","floor":36},{"not_picked":["Outmaneuver+1","Masterful Stab+1"],"picked":"Deflect+1","floor":37},{"not_picked":["Dodge and Roll","Distraction","Infinite Blades+1"],"picked":"SKIP","floor":39},{"not_picked":["Well Laid Plans","Poisoned Stab","Dagger Spray+1"],"picked":"SKIP","floor":41},{"not_picked":["Cloak And Dagger","All Out Attack+1","PiercingWail"],"picked":"SKIP","floor":44},{"not_picked":["Distraction","Deflect"],"picked":"Dodge and Roll","floor":47}],"player_experience":289778,"relics_obtained":[{"floor":6,"key":"Boot"},{"floor":9,"key":"Incense Burner"},{"floor":23,"key":"Matryoshka"},{"floor":26,"key":"Vajra"},{"floor":26,"key":"Bottled Flame"},{"floor":37,"key":"The Specimen"},{"floor":43,"key":"The Courier"},{"floor":43,"key":"Snake Skull"},{"floor":46,"key":"Lantern"}],"event_choices":[{"event_name":"Scrap Ooze","player_choice":"success","floor":2,"damage_taken":12},{"event_name":"World of Goop","player_choice":"Left","floor":3,"damage_taken":0},{"event_name":"MindBloom","player_choice":"Fight","floor":37,"damage_taken":0},{"event_name":"Falling","player_choice":"Removed Attack","floor":38,"damage_taken":0}],"is_beta":false,"boss_relics":[{"not_picked":["Pandora\u0027s Box","Runic Dome"],"picked":"Eternal Feather"},{"not_picked":["Lizard Tail","Sozu"],"picked":"Ring of the Serpent"}],"items_purged_floors":[19],"is_endless":false,"potions_floor_spawned":[6,7,13,14,22,23,28,30,31,33,37,39,44],"killed_by":"3 Darklings","ascension_level":3}