{"gold_per_floor":[118,133,150,160,160,160,188,207,207,238,254,265,282,295,295,397,397,416,131,0,10,29,29],"floor_reached":23,"playtime":903,"items_purged":["Strike_B"],"score":219,"play_id":"0ac62f0a-bb29-4759-a0b7-1b174e606386","local_time":"20190112113254","is_ascension_mode":true,"campfire_choices":[{"data":"Streamline","floor":6,"key":"SMITH"},{"floor":15,"key":"REST"}],"neow_cost":"NONE","seed_source_timestamp":1472128142155,"circlet_count":0,"master_deck":["Strike_B","Strike_B+1","Defend_B","Defend_B","Defend_B","Defend_B","Zap","Dualcast","Steam","Ball Lightning","Streamline+1","Auto Shields","Undo+1","Defragment","Stack+1","Glacier+1","Cold Snap+1","Stack+1","Beam Cell","Electrodynamics","Storm+1","Blind+1","Steam+1","Conserve Battery+1"],"relics":["Cracked Core","Toxic Egg 2","Potion Belt","Smiling Mask","Philosopher\u0027s Stone","Whetstone"],"potions_floor_usage":[14,16],"damage_taken":[{"damage":2,"enemies":"Small Slimes","floor":1,"turns":4},{"damage":0,"enemies":"2 Louse","floor":2,"turns":3},{"damage":0,"enemies":"Cultist","floor":3,"turns":3},{"damage":11,"enemies":"Large Slime","floor":4,"turns":5},{"damage":19,"enemies":"3 Sentries","floor":7,"turns":9},{"damage":0,"enemies":"Blue Slaver","floor":8,"turns":3},{"damage":12,"enemies":"Lagavulin","floor":10,"turns":7},{"damage":2,"enemies":"3 Louse","floor":11,"turns":2},{"damage":7,"enemies":"Exordium Wildlife","floor":12,"turns":5},{"damage":5,"enemies":"Looter","floor":13,"turns":3},{"damage":8,"enemies":"Large Slime","floor":14,"turns":7},{"damage":3,"enemies":"Hexaghost","floor":16,"turns":13},{"damage":19,"enemies":"3 Byrds","floor":18,"turns":3},{"damage":17,"enemies":"Spheric Guardian","floor":21,"turns":4},{"damage":15,"enemies":"Snake Plant","floor":22,"turns":4},{"damage":33,"enemies":"Slavers","floor":23,"turns":2}],"seed_played":"2976888585116068087","potions_obtained":[{"floor":1,"key":"SteroidPotion"},{"floor":3,"key":"PowerPotion"},{"floor":10,"key":"Swift Potion"},{"floor":12,"key":"EssenceOfSteel"},{"floor":13,"key":"EssenceOfSteel"},{"floor":18,"key":"Fire Potion"},{"floor":22,"key":"Swift Potion"}],"is_trial":false,"path_per_floor":["M","M","M","M","?","R","E","M","T","E","M","M","M","M","R","B",null,"M","$","?","M","M","E"],"character_chosen":"DEFECT","items_purchased":["Whetstone","Blind+1"],"campfire_rested":1,"item_purchase_floors":[19,19],"current_hp_per_floor":[80,80,80,69,69,69,50,50,50,38,36,29,24,16,40,37,82,63,63,63,46,31,0],"gold":29,"neow_bonus":"TEN_PERCENT_HP_BONUS","is_prod":false,"is_daily":false,"chose_seed":false,"campfire_upgraded":1,"win_rate":0,"timestamp":1547289174,"path_taken":["M","M","M","M","?","R","E","M","T","E","M","M","M","M","R","BOSS","M","$","?","M","M","E"],"build_version":"2019-01-10","purchased_purges":1,"victory":false,"max_hp_per_floor":[82,82,82,82,82,82,82,82,82,82,82,82,82,82,82,82,82,82,82,82,82,82,82],"card_choices":[{"not_picked":["Barrage","Gash"],"picked":"Steam","floor":1},{"not_picked":["Sweeping Beam","Rebound"],"picked":"Ball Lightning","floor":2},{"not_picked":["Ball Lightning","Compile Driver"],"picked":"Streamline","floor":3},{"not_picked":["Sunder","Rebound"],"picked":"Auto Shields","floor":4},{"not_picked":["Fusion","Loop"],"picked":"Undo","floor":7},{"not_picked":["Rebound","Beam Cell"],"picked":"Defragment","floor":8},{"not_picked":["Defragment","Melter"],"picked":"Stack+1","floor":10},{"not_picked":["Streamline","Beam Cell"],"picked":"Glacier+1","floor":11},{"not_picked":["Compile Driver","Heatsinks"],"picked":"Cold Snap","floor":12},{"not_picked":["Steam Power+1","Heatsinks"],"picked":"Stack+1","floor":13},{"not_picked":["Glacier+1","Force Field+1"],"picked":"Beam Cell","floor":14},{"not_picked":["Machine Learning","All For One"],"picked":"Electrodynamics","floor":16},{"not_picked":["Redo+1","Ball Lightning"],"picked":"Storm+1","floor":18},{"not_picked":["Beam Cell","Go for the Eyes"],"picked":"Steam+1","floor":21},{"not_picked":["Defragment","Turbo+1"],"picked":"Conserve Battery+1","floor":22}],"player_experience":190874,"relics_obtained":[{"floor":7,"key":"Toxic Egg 2"},{"floor":9,"key":"Potion Belt"},{"floor":10,"key":"Smiling Mask"}],"event_choices":[{"cards_removed":["Strike_B"],"damage_healed":0,"gold_gain":0,"player_choice":"Forget","damage_taken":0,"max_hp_gain":0,"max_hp_loss":0,"event_name":"Living Wall","floor":5,"gold_loss":0},{"damage_healed":0,"gold_gain":0,"player_choice":"Paid Fearfully","damage_taken":0,"max_hp_gain":0,"max_hp_loss":0,"event_name":"Masked Bandits","floor":20,"gold_loss":131}],"is_beta":false,"boss_relics":[{"not_picked":["White Beast Statue","Inserter"],"picked":"Philosopher\u0027s Stone"}],"items_purged_floors":[19],"is_endless":false,"potions_floor_spawned":[1,3,10,12,13,18,22],"killed_by":"Slavers","ascension_level":1}