{"gold_per_floor":[119,119,119,84,103,103,103,178,202,234,247,273,273,290,290,390,390,404,404,423,443,460,489,489,240,291,291,302,322,340,351,351,351],"floor_reached":33,"playtime":2629,"items_purged":[],"score":304,"play_id":"7ec312c4-e55f-426a-b7ed-fb09e363b0cb","local_time":"20180716212937","is_ascension_mode":false,"campfire_choices":[{"data":"Metallicize","floor":6,"key":"SMITH"},{"floor":13,"key":"REST"},{"floor":15,"key":"REST"},{"floor":24,"key":"REST"},{"floor":32,"key":"REST"}],"neow_cost":"NONE","seed_source_timestamp":121207012217983,"circlet_count":0,"master_deck":["Strike_R+1","Strike_R","Defend_R","Defend_R","Defend_R","Defend_R","Ghostly Armor","Metallicize+1","Cleave","Shrug It Off","Bloodletting","Double Tap","Flame Barrier","Juggernaut","Barricade+1","Juggernaut+1","Thunderclap+1","Cleave","Cleave","Battle Trance","Anger","Pommel Strike","Blood for Blood","Enlightenment","Pommel Strike+1","Metallicize","Headbutt"],"relics":["Burning Blood","Question Card","Vajra","Mango","Bag of Marbles","Astrolabe","Potion Belt","Strawberry"],"potions_floor_usage":[23,30,30,33,33],"damage_taken":[{"damage":6,"enemies":"Jaw Worm","floor":1,"turns":4},{"damage":0,"enemies":"Cultist","floor":5,"turns":3},{"damage":30,"enemies":"Lagavulin","floor":10,"turns":8},{"damage":2,"enemies":"2 Louse","floor":11,"turns":5},{"damage":41,"enemies":"Gremlin Nob","floor":12,"turns":5},{"damage":0,"enemies":"Exordium Thugs","floor":14,"turns":4},{"damage":40,"enemies":"The Guardian","floor":16,"turns":18},{"damage":19,"enemies":"Chosen","floor":18,"turns":8},{"damage":9,"enemies":"3 Byrds","floor":20,"turns":4},{"damage":13,"enemies":"Cultist and Chosen","floor":21,"turns":5},{"damage":18,"enemies":"Centurion and Healer","floor":22,"turns":15},{"damage":42,"enemies":"Gremlin Leader","floor":23,"turns":7},{"damage":21,"enemies":"3 Cultists","floor":28,"turns":5},{"damage":25,"enemies":"Sentry and Sphere","floor":29,"turns":6},{"damage":20,"enemies":"Cultist and Chosen","floor":30,"turns":7},{"damage":0,"enemies":"Snecko","floor":31,"turns":5},{"damage":86,"enemies":"Automaton","floor":33,"turns":14}],"seed_played":"-1965334106548777964","potions_obtained":[{"floor":1,"key":"BloodPotion"},{"floor":10,"key":"AttackPotion"},{"floor":16,"key":"FearPotion"},{"floor":18,"key":"Regen Potion"},{"floor":22,"key":"Regen Potion"},{"floor":23,"key":"Explosive Potion"},{"floor":31,"key":"Dexterity Potion"}],"is_trial":false,"path_per_floor":["M","?","?","$","M","R","?","?","T","E","M","E","R","M","R","B",null,"M","$","M","M","M","E","R","$","T","?","M","M","M","M","R"],"character_chosen":"IRONCLAD","items_purchased":["Metallicize","Blood for Blood","Enlightenment"],"campfire_rested":4,"item_purchase_floors":[4,25,25],"current_hp_per_floor":[80,73,73,73,79,79,79,71,71,61,65,30,58,64,92,58,94,81,81,78,71,59,32,60,60,67,67,52,33,49,55,85,0],"gold":351,"neow_bonus":"UPGRADE_CARD","is_prod":false,"is_daily":false,"chose_seed":false,"campfire_upgraded":1,"win_rate":0.0,"timestamp":1531747777,"path_taken":["M","?","?","$","M","R","?","?","T","E","M","E","R","M","R","BOSS","M","$","M","M","M","E","R","$","T","?","M","M","M","M","R","BOSS"],"build_version":"2018-07-12","purchased_purges":0,"victory":false,"max_hp_per_floor":[80,80,80,80,80,80,80,80,80,94,94,94,94,94,94,94,94,94,94,94,94,94,94,94,94,101,101,101,101,101,101,101,101],"card_choices":[{"not_picked":["Corruption","Body Slam"],"picked":"Ghostly Armor","floor":1},{"not_picked":["Body Slam","Anger","Armaments"],"picked":"Cleave","floor":5},{"not_picked":["Warcry","Inflame","True Grit"],"picked":"Shrug It Off","floor":10},{"not_picked":["Shrug It Off","Twin Strike","Feel No Pain"],"picked":"Bloodletting","floor":11},{"not_picked":["Rupture","Hemokinesis","Searing Blow"],"picked":"Double Tap","floor":12},{"not_picked":["Fire Breathing","Twin Strike","Pommel Strike"],"picked":"Flame Barrier","floor":14},{"not_picked":["Double Tap","Bludgeon","Brutality"],"picked":"Juggernaut","floor":16},{"not_picked":["Armaments","Clash","Entrench"],"picked":"Cleave","floor":18},{"not_picked":["Combust","Sword Boomerang","Armaments"],"picked":"Cleave","floor":20},{"not_picked":["Shrug It Off","Thunderclap","Pommel Strike"],"picked":"Battle Trance","floor":21},{"not_picked":["Shrug It Off+1","Rupture","Fire Breathing+1"],"picked":"Anger","floor":22},{"not_picked":["Fiend Fire","Battle Trance","Body Slam"],"picked":"Pommel Strike","floor":23},{"not_picked":["Clothesline","Twin Strike","Combust+1","Burning Pact"],"picked":"SKIP","floor":28},{"not_picked":["Perfected Strike","Clothesline","Twin Strike"],"picked":"Pommel Strike+1","floor":29},{"not_picked":["Second Wind","Clash","Twin Strike"],"picked":"Metallicize","floor":30},{"not_picked":["Thunderclap+1","Reckless Charge","Sword Boomerang+1"],"picked":"Headbutt","floor":31}],"player_experience":9767,"relics_obtained":[{"floor":9,"key":"Vajra"},{"floor":10,"key":"Mango"},{"floor":12,"key":"Bag of Marbles"},{"floor":23,"key":"Potion Belt"},{"floor":26,"key":"Strawberry"}],"event_choices":[{"event_name":"Scrap Ooze","player_choice":"success","floor":2,"damage_taken":7},{"event_name":"Bonfire Elementals","player_choice":"BASIC","floor":3,"damage_taken":0},{"event_name":"Golden Idol","player_choice":"Ignored","floor":7,"damage_taken":0},{"event_name":"FaceTrader","player_choice":"Touch","floor":8,"damage_taken":0},{"event_name":"Vampires","player_choice":"Ignored","floor":27,"damage_taken":0}],"boss_relics":[{"not_picked":["Philosopher\u0027s Stone","Velvet Choker"],"picked":"Astrolabe"}],"items_purged_floors":[],"is_endless":false,"potions_floor_spawned":[1,10,16,18,21,22,23,31],"killed_by":"Automaton","ascension_level":0}