{"gold_per_floor":[110,128,48,48,61,76,76,92,92,102,102,177,177,209,209,310,310,330,350,364,377,392,392,410,410,434,434,469,152,167,182,182,182],"floor_reached":33,"playtime":1376,"items_purged":["Strike_R"],"score":287,"play_id":"ad7698cd-b2d5-485f-8b24-84ed45cb198e","local_time":"20180804231447","is_ascension_mode":true,"campfire_choices":[{"data":"Whirlwind","floor":7,"key":"SMITH"},{"data":"Shrug It Off","floor":11,"key":"SMITH"},{"data":"Shrug It Off","floor":13,"key":"SMITH"},{"data":"Defend_R","floor":15,"key":"SMITH"},{"floor":23,"key":"REST"},{"data":"Shockwave","floor":25,"key":"SMITH"},{"floor":27,"key":"REST"},{"floor":32,"key":"REST"}],"neow_cost":"","seed_source_timestamp":478137342701370,"circlet_count":0,"master_deck":["Strike_R","Strike_R","Strike_R","Strike_R","Defend_R","Defend_R","Defend_R","Defend_R+1","Bash","Shrug It Off+1","Whirlwind+1","Shrug It Off+1","Offering","Shockwave+1","Apotheosis","Inflame"],"relics":["Burning Blood","Gremlin Horn","Pantograph","Velvet Choker","Juzu Bracelet","Darkstone Periapt"],"potions_floor_usage":[6,16,19,21,22,33],"damage_taken":[{"damage":0,"enemies":"Small Slimes","floor":1,"turns":3},{"damage":0,"enemies":"2 Louse","floor":2,"turns":2},{"damage":2,"enemies":"Cultist","floor":5,"turns":4},{"damage":11,"enemies":"Lots of Slimes","floor":6,"turns":3},{"damage":0,"enemies":"3 Louse","floor":8,"turns":1},{"damage":5,"enemies":"Looter","floor":10,"turns":2},{"damage":31,"enemies":"Lagavulin","floor":14,"turns":7},{"damage":11,"enemies":"Slime Boss","floor":16,"turns":6},{"damage":11,"enemies":"Chosen","floor":18,"turns":5},{"damage":16,"enemies":"Spheric Guardian","floor":19,"turns":4},{"damage":17,"enemies":"3 Cultists","floor":20,"turns":4},{"damage":19,"enemies":"Snake Plant","floor":21,"turns":5},{"damage":18,"enemies":"Snecko","floor":22,"turns":6},{"damage":12,"enemies":"Centurion and Healer","floor":24,"turns":6},{"damage":41,"enemies":"Book of Stabbing","floor":28,"turns":8},{"damage":0,"enemies":"Cultist and Chosen","floor":30,"turns":5},{"damage":11,"enemies":"Snecko","floor":31,"turns":5},{"damage":91,"enemies":"Champ","floor":33,"turns":13}],"seed_played":"-595858844246481984","potions_obtained":[{"floor":1,"key":"Strength Potion"},{"floor":6,"key":"PowerPotion"},{"floor":10,"key":"Block Potion"},{"floor":16,"key":"FearPotion"},{"floor":19,"key":"Weak Potion"},{"floor":20,"key":"Poison Potion"},{"floor":31,"key":"Fire Potion"}],"is_trial":false,"path_per_floor":["M","M","$","?","M","M","R","M","T","M","R","?","R","E","R","B",null,"M","M","M","M","M","R","M","R","T","R","E","$","M","M","R"],"character_chosen":"IRONCLAD","items_purchased":["Whirlwind","Apotheosis","Inflame"],"campfire_rested":3,"item_purchase_floors":[3,29,29],"current_hp_per_floor":[80,80,80,85,85,80,80,85,85,85,85,74,74,49,49,69,85,80,70,59,46,34,59,53,53,53,78,43,43,49,44,69,0],"gold":182,"neow_bonus":"","is_prod":false,"is_daily":false,"chose_seed":false,"campfire_upgraded":5,"win_rate":0,"timestamp":1533395687,"path_taken":["M","M","$","?","M","M","R","M","T","?","R","?","R","E","R","BOSS","M","M","M","M","M","R","M","R","T","R","E","$","M","M","R","BOSS"],"build_version":"2018-08-02","purchased_purges":1,"victory":false,"max_hp_per_floor":[80,80,80,85,85,85,85,85,85,85,85,85,85,85,85,85,85,85,85,85,85,85,85,85,85,85,85,85,85,85,85,85,85],"card_choices":[{"not_picked":["Pummel","Flex"],"picked":"Shrug It Off","floor":1},{"not_picked":["Pommel Strike","Havoc","Berserk"],"picked":"SKIP","floor":2},{"not_picked":["Rupture","Bloodletting","Anger"],"picked":"SKIP","floor":5},{"not_picked":["Wild Strike","True Grit"],"picked":"Shrug It Off","floor":6},{"not_picked":["Havoc","Cleave","Wild Strike"],"picked":"SKIP","floor":8},{"not_picked":["Twin Strike","Searing Blow","Cleave"],"picked":"SKIP","floor":10},{"not_picked":["Flame Barrier","Shrug It Off","Rupture"],"picked":"SKIP","floor":14},{"not_picked":["Exhume","Reaper"],"picked":"Offering","floor":16},{"not_picked":["Twin Strike","Thunderclap","Cleave+1"],"picked":"SKIP","floor":18},{"not_picked":["Wild Strike+1","Twin Strike","Flame Barrier"],"picked":"SKIP","floor":19},{"not_picked":["Cleave","Heavy Blade","Thunderclap+1"],"picked":"SKIP","floor":20},{"not_picked":["Cleave","Rage"],"picked":"Shockwave","floor":21},{"not_picked":["Power Through","Immolate","Fire Breathing"],"picked":"SKIP","floor":22},{"not_picked":["Cleave","True Grit","Entrench"],"picked":"SKIP","floor":24},{"not_picked":["Infernal Blade","Dual Wield","Pommel Strike+1"],"picked":"SKIP","floor":28},{"not_picked":["Seeing Red","Iron Wave","Dropkick"],"picked":"SKIP","floor":30},{"not_picked":["Shrug It Off","Pummel","Wild Strike+1"],"picked":"SKIP","floor":31}],"player_experience":191249,"relics_obtained":[{"floor":9,"key":"Gremlin Horn"},{"floor":14,"key":"Pantograph"},{"floor":26,"key":"Juzu Bracelet"},{"floor":28,"key":"Darkstone Periapt"}],"event_choices":[{"event_name":"Big Fish","player_choice":"Donut","floor":4,"damage_taken":0},{"event_name":"World of Goop","player_choice":"Gather Gold","floor":12,"damage_taken":0}],"is_beta":false,"boss_relics":[{"not_picked":["Pandora\u0027s Box","Sozu"],"picked":"Velvet Choker"}],"items_purged_floors":[29],"is_endless":false,"potions_floor_spawned":[1,6,10,16,19,20,31],"killed_by":"Champ","ascension_level":1}