{"gold_per_floor":[117,117,130,144,124,155,155,183,261,261,275,305,305,21,21,116,116,149,149,149],"floor_reached":20,"playtime":3896,"items_purged":[],"score":192,"play_id":"d13d825f-d6a4-4109-96be-af3f86c86480","local_time":"20190124115500","is_ascension_mode":false,"campfire_choices":[{"data":"Cleave","floor":7.0,"key":"SMITH"},{"data":"Magnetism","floor":15.0,"key":"SMITH"}],"neow_cost":"","seed_source_timestamp":0,"circlet_count":0,"master_deck":["Strike_R+1","Strike_R+1","Strike_R+1","Strike_R+1","Strike_R+1","Defend_R+1","Defend_R+1","Defend_R+1","Defend_R+1","Bash","Second Wind+1","Cleave+1","Clash","Body Slam","Dual Wield+1","Reaper","Clash","Armaments+1","Shrug It Off+1","Magnetism+1","Barricade","Body Slam"],"special_seed":0,"relics":["Burning Blood","Boot","WingedGreaves","Toxic Egg 2","CultistMask","War Paint","Fusion Hammer"],"potions_floor_usage":[20],"damage_taken":[{"damage":6.0,"enemies":"Cultist","floor":1.0,"turns":3.0},{"damage":0.0,"enemies":"2 Louse","floor":3.0,"turns":4.0},{"damage":7.0,"enemies":"Jaw Worm","floor":4.0,"turns":3.0},{"damage":5.0,"enemies":"Exordium Thugs","floor":5.0,"turns":4.0},{"damage":18.0,"enemies":"Gremlin Nob","floor":6.0,"turns":4.0},{"damage":28.0,"enemies":"3 Sentries","floor":8.0,"turns":7.0},{"damage":6.0,"enemies":"2 Fungi Beasts","floor":11.0,"turns":3.0},{"damage":11.0,"enemies":"Lagavulin","floor":12.0,"turns":5.0},{"damage":13.0,"enemies":"The Guardian","floor":16.0,"turns":12.0},{"damage":10.0,"enemies":"Chosen","floor":18.0,"turns":5.0},{"damage":20,"enemies":"Colosseum Slavers","floor":20,"turns":3},{"damage":99,"enemies":"Colosseum Nobs","floor":20,"turns":6}],"seed_played":"7821544489431037845","potions_obtained":[{"floor":4.0,"key":"Dexterity Potion"},{"floor":5.0,"key":"Fruit Juice"},{"floor":8.0,"key":"Energy Potion"},{"floor":11.0,"key":"SteroidPotion"},{"floor":18,"key":"AttackPotion"}],"is_trial":false,"path_per_floor":["M","?","M","M","M","E","R","E","T","?","M","E","?","$","R","B",null,"M","?","?"],"character_chosen":"IRONCLAD","items_purchased":["Armaments+1","Shrug It Off+1","Magnetism"],"campfire_rested":0,"item_purchase_floors":[14,14,14],"current_hp_per_floor":[80,80,80,79,80,68,68,51,51,51,61,61,85,85,85,78,85,81,81,0],"gold":149,"neow_bonus":"","is_prod":false,"is_daily":false,"chose_seed":false,"campfire_upgraded":2,"win_rate":0.0,"timestamp":1548348900,"path_taken":["M","?","M","M","M","E","R","E","T","?","?","E","?","?","R","BOSS","M","?","?"],"build_version":"2019-01-23","purchased_purges":0,"victory":false,"max_hp_per_floor":[80,80,80,80,80,80,80,85,85,85,85,85,85,85,85,85,85,85,85,85],"card_choices":[{"not_picked":["Body Slam","Clash"],"picked":"Second Wind","floor":1.0},{"not_picked":["Thunderclap","Headbutt"],"picked":"Cleave","floor":3.0},{"not_picked":["Rage","Cleave"],"picked":"Clash","floor":4.0},{"not_picked":["Rupture","Carnage"],"picked":"Body Slam","floor":5.0},{"not_picked":["Flex","Pummel"],"picked":"Dual Wield","floor":6.0},{"not_picked":["Carnage","Thunderclap"],"picked":"Reaper","floor":8.0},{"not_picked":["Uppercut","Burning Pact+1"],"picked":"Whirlwind","floor":11.0},{"not_picked":["Flex+1","Body Slam"],"picked":"Clash","floor":12.0},{"not_picked":["Offering+1","Fiend Fire"],"picked":"Barricade","floor":16.0},{"not_picked":["Reckless Charge","Hemokinesis+1"],"picked":"Body Slam","floor":18}],"player_experience":0,"relics_obtained":[{"floor":6.0,"key":"Boot"},{"floor":8.0,"key":"WingedGreaves"},{"floor":9.0,"key":"Toxic Egg 2"},{"floor":12.0,"key":"War Paint"}],"event_choices":[{"damage_healed":0.0,"max_hp_gain":0.0,"max_hp_loss":0.0,"gold_gain":0.0,"event_name":"Living Wall","player_choice":"Grow","floor":2.0,"gold_loss":0.0,"damage_taken":0.0,"cards_upgraded":["Second Wind"]},{"damage_healed":0.0,"max_hp_gain":0.0,"max_hp_loss":0.0,"gold_gain":0.0,"event_name":"FaceTrader","player_choice":"Trade","floor":10.0,"gold_loss":0.0,"damage_taken":0.0,"relics_obtained":["CultistMask"]},{"cards_removed":["Whirlwind"],"damage_healed":24.0,"max_hp_gain":0.0,"max_hp_loss":0.0,"gold_gain":0.0,"event_name":"Bonfire Elementals","player_choice":"Offered Uncommon","floor":13.0,"gold_loss":0.0,"damage_taken":0.0},{"damage_healed":0,"gold_gain":0,"player_choice":"Simplicity","damage_taken":0,"max_hp_gain":0,"max_hp_loss":0,"event_name":"Back to Basics","floor":19,"gold_loss":0,"cards_upgraded":["Strike_R","Strike_R","Strike_R","Strike_R","Strike_R","Defend_R","Defend_R","Defend_R"]},{"damage_healed":0,"gold_gain":0,"player_choice":"Fight","damage_taken":0,"max_hp_gain":0,"max_hp_loss":0,"event_name":"Colosseum","floor":20,"gold_loss":0},{"damage_healed":0,"gold_gain":0,"player_choice":"Fought Nobs","damage_taken":0,"max_hp_gain":0,"max_hp_loss":0,"event_name":"Colosseum","floor":20,"gold_loss":0}],"is_beta":false,"boss_relics":[{"not_picked":["Ectoplasm","Black Star"],"picked":"Fusion Hammer"}],"items_purged_floors":[],"is_endless":false,"potions_floor_spawned":[4,5,8,11,18],"killed_by":"Colosseum Nobs","ascension_level":0}