{"gold_per_floor":[112,112,59,77,89,89,39,39,92,17,46,46,59,79,79,79],"floor_reached":16,"playtime":577,"items_purged":[],"score":125,"play_id":"4ac6bcf8-0909-4bd9-8563-28c73038e4ef","local_time":"20190126220412","is_ascension_mode":true,"campfire_choices":[{"floor":6,"key":"REST"},{"data":"Deadly Poison","floor":8,"key":"SMITH"},{"floor":15,"key":"REST"}],"neow_cost":"PERCENT_DAMAGE","seed_source_timestamp":31454961966724,"circlet_count":0,"master_deck":["Defend_G","Defend_G","Defend_G","Defend_G","Defend_G","Strike_G","Strike_G","Strike_G","Survivor","Neutralize","Endless Agony","Escape Plan","PiercingWail","Deadly Poison+1","Crippling Poison+1","Deflect"],"relics":["Ring of the Snake","Calipers","Art of War","Kunai"],"potions_floor_usage":[16,16,16],"damage_taken":[{"damage":12,"enemies":"Small Slimes","floor":1,"turns":6},{"damage":0,"enemies":"Cultist","floor":4,"turns":5},{"damage":0,"enemies":"2 Louse","floor":5,"turns":3},{"damage":18,"enemies":"Lagavulin","floor":11,"turns":6},{"damage":1,"enemies":"Blue Slaver","floor":13,"turns":4},{"damage":2,"enemies":"Large Slime","floor":14,"turns":7},{"damage":80,"enemies":"Slime Boss","floor":16,"turns":14}],"seed_played":"7838369284578479028","potions_obtained":[{"floor":1,"key":"Regen Potion"},{"floor":4,"key":"SpeedPotion"},{"floor":11,"key":"LiquidBronze"}],"is_trial":false,"path_per_floor":["M","?","$","M","M","R","?","R","T","$","E","?","M","M","R","B"],"character_chosen":"THE_SILENT","items_purchased":["PiercingWail","Crippling Poison"],"campfire_rested":2,"item_purchase_floors":[3,10],"current_hp_per_floor":[37,37,37,37,37,58,58,58,58,58,40,40,39,37,58,0],"gold":79,"neow_bonus":"ONE_RARE_RELIC","is_prod":false,"is_daily":false,"chose_seed":false,"campfire_upgraded":1,"win_rate":0,"timestamp":1548558252,"path_taken":["M","?","$","M","M","R","?","R","T","$","E","?","M","?","R","BOSS"],"build_version":"2019-01-23","purchased_purges":0,"victory":false,"max_hp_per_floor":[70,70,70,70,70,70,70,70,70,70,70,70,70,70,70,70],"card_choices":[{"not_picked":["Flying Knee","Deflect"],"picked":"Endless Agony","floor":1},{"not_picked":["Dagger Spray","Riddle With Holes"],"picked":"Deadly Poison","floor":4},{"not_picked":["Heel Hook","Prepared","Skewer"],"picked":"SKIP","floor":5},{"not_picked":["Grand Finale","Outmaneuver","Bane"],"picked":"SKIP","floor":11},{"not_picked":["Accuracy","Finisher"],"picked":"Deflect","floor":13},{"not_picked":["Underhanded Strike","Flying Knee","Prepared"],"picked":"SKIP","floor":14}],"player_experience":146674,"relics_obtained":[{"floor":9,"key":"Art of War"},{"floor":11,"key":"Kunai"}],"event_choices":[{"damage_healed":0,"gold_gain":0,"cards_transformed":["Strike_G"],"player_choice":"Change","damage_taken":0,"max_hp_gain":0,"max_hp_loss":0,"event_name":"Living Wall","floor":2,"gold_loss":0,"cards_obtained":["Escape Plan"]},{"cards_removed":["Strike_G"],"damage_healed":0,"gold_gain":0,"player_choice":"Card Removal","damage_taken":0,"max_hp_gain":0,"max_hp_loss":0,"event_name":"The Cleric","floor":7,"gold_loss":50},{"damage_healed":0,"gold_gain":0,"player_choice":"Upgraded","damage_taken":0,"max_hp_gain":0,"max_hp_loss":0,"event_name":"Upgrade Shrine","floor":12,"gold_loss":0,"cards_upgraded":["Crippling Poison"]}],"is_beta":false,"boss_relics":[],"items_purged_floors":[],"is_endless":false,"potions_floor_spawned":[1,4,11],"killed_by":"Slime Boss","ascension_level":5}