{"gold_per_floor":[116,116,291,311,328,358,358,358],"floor_reached":8,"playtime":487,"items_purged":[],"score":59,"play_id":"794a542d-5fe1-4329-a603-3a0c12781f48","local_time":"20181115001816","is_ascension_mode":true,"campfire_choices":[],"neow_cost":"NONE","seed_source_timestamp":639472366215961,"circlet_count":0,"master_deck":["Defend_G","Defend_G","Defend_G","Defend_G","Defend_G","Strike_G","Strike_G","Strike_G","Strike_G","Strike_G","Survivor","Neutralize","Phantasmal Killer","PiercingWail","Doubt","Acrobatics","Footwork","Poisoned Stab","Injury"],"relics":["Ring of the Snake","Dream Catcher","Question Card","Golden Idol"],"potions_floor_usage":[6,8],"damage_taken":[{"damage":1,"enemies":"2 Louse","floor":1,"turns":5},{"damage":0,"enemies":"Small Slimes","floor":4,"turns":5},{"damage":0,"enemies":"Cultist","floor":5,"turns":3},{"damage":44,"enemies":"3 Sentries","floor":6,"turns":13},{"damage":26,"enemies":"Lagavulin","floor":8,"turns":8}],"seed_played":"6635971688965356567","potions_obtained":[{"floor":1,"key":"AttackPotion"},{"floor":6,"key":"Explosive Potion"}],"is_trial":false,"path_per_floor":["M","?","?","M","M","E","?","E"],"character_chosen":"THE_SILENT","items_purchased":[],"campfire_rested":0,"item_purchase_floors":[],"current_hp_per_floor":[69,66,66,66,66,22,22,0],"gold":358,"neow_bonus":"ONE_RANDOM_RARE_CARD","is_prod":false,"is_daily":false,"chose_seed":false,"campfire_upgraded":0,"win_rate":0,"timestamp":1542269896,"path_taken":["M","?","?","M","M","E","?","E"],"build_version":"2018-11-08","purchased_purges":0,"victory":false,"max_hp_per_floor":[70,70,70,70,70,70,70,70],"card_choices":[{"not_picked":["Eviscerate","Dagger Spray"],"picked":"PiercingWail","floor":1},{"not_picked":["Choke","Finisher"],"picked":"Acrobatics","floor":4},{"not_picked":["Well Laid Plans","Riddle With Holes"],"picked":"Footwork","floor":5},{"not_picked":["PiercingWail","Dagger Spray"],"picked":"Poisoned Stab","floor":6}],"player_experience":56449,"relics_obtained":[{"floor":6,"key":"Question Card"}],"event_choices":[{"damage_healed":0,"gold_gain":0,"player_choice":"Success","damage_taken":3,"relics_obtained":["Dream Catcher"],"max_hp_gain":0,"max_hp_loss":0,"event_name":"Scrap Ooze","floor":2,"gold_loss":0},{"damage_healed":0,"gold_gain":175,"player_choice":"AGREE","damage_taken":0,"max_hp_gain":0,"max_hp_loss":0,"event_name":"Liars Game","floor":3,"gold_loss":0,"cards_obtained":["Doubt"]},{"damage_healed":0,"gold_gain":0,"player_choice":"Take Wound","damage_taken":0,"relics_obtained":["Golden Idol"],"max_hp_gain":0,"max_hp_loss":0,"event_name":"Golden Idol","floor":7,"gold_loss":0,"cards_obtained":["Injury"]}],"is_beta":false,"boss_relics":[],"items_purged_floors":[],"is_endless":false,"potions_floor_spawned":[1,6],"killed_by":"Lagavulin","ascension_level":1}