{"gold_per_floor":[115,115,127,137,137,165,165,175,248,248,248,282,295,315,315,418,418,436,436,453,453,463,463,479,512,562,562,562,562,40,58,58,58],"floor_reached":33,"playtime":986,"items_purged":["Cold Snap+1"],"score":277,"play_id":"96766947-e910-4b3c-bb4f-5cd77c6834a2","local_time":"20190112170316","is_ascension_mode":false,"campfire_choices":[{"floor":10,"key":"REST"},{"floor":15,"key":"REST"},{"floor":23,"key":"REST"},{"floor":29,"key":"REST"},{"floor":32,"key":"REST"}],"neow_cost":"NONE","seed_source_timestamp":189687985567926,"circlet_count":0,"master_deck":["Strike_B","Strike_B","Strike_B+1","Strike_B","Defend_B","Defend_B","Defend_B","Defend_B","Zap+1","Barrage+1","Defragment+1","Streamline","Ball Lightning","Ball Lightning","Static Discharge","Defragment","Rip and Tear","Thunder Strike","Static Discharge","Leap","Thunder Strike","Redo+1"],"relics":["Cracked Core","StoneCalendar","Omamori","Mummified Hand","War Paint","Philosopher\u0027s Stone","Oddly Smooth Stone","Bag of Marbles","Girya","Whetstone"],"potions_floor_usage":[16,22,25,33,33,33],"damage_taken":[{"damage":0,"enemies":"2 Louse","floor":1,"turns":3},{"damage":7,"enemies":"Small Slimes","floor":3,"turns":4},{"damage":8,"enemies":"Jaw Worm","floor":4,"turns":3},{"damage":36,"enemies":"Lagavulin","floor":6,"turns":6},{"damage":11,"enemies":"2 Fungi Beasts","floor":8,"turns":4},{"damage":5,"enemies":"Gremlin Nob","floor":12,"turns":3},{"damage":13,"enemies":"Red Slaver","floor":13,"turns":3},{"damage":16,"enemies":"Exordium Wildlife","floor":14,"turns":3},{"damage":4,"enemies":"Slime Boss","floor":16,"turns":7},{"damage":21,"enemies":"Shell Parasite","floor":18,"turns":3},{"damage":34,"enemies":"2 Thieves","floor":20,"turns":3},{"damage":23,"enemies":"Shelled Parasite and Fungi","floor":22,"turns":4},{"damage":22,"enemies":"Centurion and Healer","floor":24,"turns":5},{"damage":26,"enemies":"Book of Stabbing","floor":25,"turns":4},{"damage":21,"enemies":"3 Cultists","floor":31,"turns":3},{"damage":84,"enemies":"Automaton","floor":33,"turns":6}],"seed_played":"-4811019828082898067","potions_obtained":[{"floor":1,"key":"Dexterity Potion"},{"floor":3,"key":"SteroidPotion"},{"floor":12,"key":"LiquidBronze"},{"floor":18,"key":"Regen Potion"},{"floor":24,"key":"Weak Potion"},{"floor":31,"key":"LiquidBronze"}],"is_trial":false,"path_per_floor":["M","?","M","M","?","E","?","M","T","R","?","E","M","M","R","B",null,"M","?","M","?","M","R","M","E","T","?","?","R","$","M","R","B"],"character_chosen":"DEFECT","items_purchased":["Girya","Whetstone"],"campfire_rested":5,"item_purchase_floors":[30,30],"current_hp_per_floor":[82,79,72,64,82,46,46,35,35,59,59,54,41,25,49,45,82,61,82,48,48,37,61,39,13,13,13,13,37,37,16,40,0],"gold":58,"neow_bonus":"TEN_PERCENT_HP_BONUS","is_prod":false,"is_daily":false,"chose_seed":false,"campfire_upgraded":0,"win_rate":0.0,"timestamp":1547308996,"path_taken":["M","?","M","M","?","E","?","M","T","R","?","E","M","M","R","BOSS","M","?","M","?","M","R","?","E","T","?","?","R","$","M","R","BOSS"],"build_version":"2019-01-10","purchased_purges":1,"victory":false,"max_hp_per_floor":[82,82,82,82,82,82,82,82,82,82,82,82,82,82,82,82,82,82,82,82,82,82,82,82,82,82,82,82,82,82,82,82,82],"card_choices":[{"not_picked":["Scrape","Sunder"],"picked":"Barrage","floor":1},{"not_picked":["Leap","Hologram"],"picked":"Defragment","floor":3},{"not_picked":["Compile Driver","Force Field"],"picked":"Streamline","floor":4},{"not_picked":["Lockon","Hello World"],"picked":"Ball Lightning","floor":6},{"not_picked":["Hello World","Cold Snap"],"picked":"Ball Lightning","floor":8},{"not_picked":["Compile Driver","Conserve Battery"],"picked":"Static Discharge","floor":12},{"not_picked":["Coolheaded","Loop"],"picked":"Defragment","floor":13},{"not_picked":["Conserve Battery","Storm"],"picked":"Rip and Tear","floor":14},{"not_picked":["Fission","Meteor Strike"],"picked":"Thunder Strike","floor":16},{"not_picked":["Sunder","Conserve Battery"],"picked":"Static Discharge","floor":18},{"not_picked":["Beam Cell","Compile Driver"],"picked":"Cold Snap+1","floor":20},{"not_picked":["Coolheaded","Steam"],"picked":"Leap","floor":22},{"not_picked":["Go for the Eyes+1","Cold Snap+1"],"picked":"Thunder Strike","floor":24},{"not_picked":["Thunder Strike","Barrage"],"picked":"Redo+1","floor":25},{"not_picked":["Sunder","Compile Driver","Turbo"],"picked":"SKIP","floor":31}],"player_experience":397590,"relics_obtained":[{"floor":6,"key":"Omamori"},{"floor":9,"key":"Mummified Hand"},{"floor":12,"key":"War Paint"},{"floor":25,"key":"Oddly Smooth Stone"},{"floor":26,"key":"Bag of Marbles"}],"event_choices":[{"damage_healed":0,"gold_gain":0,"player_choice":"Success","damage_taken":3,"relics_obtained":["StoneCalendar"],"max_hp_gain":0,"max_hp_loss":0,"event_name":"Scrap Ooze","floor":2,"gold_loss":0},{"damage_healed":27,"gold_gain":0,"player_choice":"Banana","damage_taken":0,"max_hp_gain":0,"max_hp_loss":0,"event_name":"Big Fish","floor":5,"gold_loss":0},{"damage_healed":0,"gold_gain":0,"player_choice":"Grow","damage_taken":0,"max_hp_gain":0,"max_hp_loss":0,"event_name":"Living Wall","floor":7,"gold_loss":0,"cards_upgraded":["Defragment"]},{"damage_healed":0,"gold_gain":0,"player_choice":"Searched \u00270\u0027 times","damage_taken":0,"max_hp_gain":0,"max_hp_loss":0,"event_name":"Dead Adventurer","floor":11,"gold_loss":0},{"damage_healed":27,"gold_gain":0,"player_choice":"Heal","damage_taken":0,"max_hp_gain":0,"max_hp_loss":0,"event_name":"The Library","floor":19,"gold_loss":0},{"cards_removed":["Dualcast"],"damage_healed":0,"gold_gain":0,"player_choice":"Purged","damage_taken":0,"max_hp_gain":0,"max_hp_loss":0,"event_name":"Purifier","floor":21,"gold_loss":0},{"damage_healed":0,"gold_gain":0,"player_choice":"Smashed Altar","damage_taken":0,"max_hp_gain":0,"max_hp_loss":0,"event_name":"Forgotten Altar","floor":27,"gold_loss":0,"cards_obtained":["Decay"]},{"damage_healed":0,"gold_gain":0,"player_choice":"Ignored","damage_taken":0,"max_hp_gain":0,"max_hp_loss":0,"event_name":"Vampires","floor":28,"gold_loss":0}],"is_beta":false,"boss_relics":[{"not_picked":["Black Star","Eternal Feather"],"picked":"Philosopher\u0027s Stone"}],"items_purged_floors":[30],"is_endless":false,"potions_floor_spawned":[1,3,12,18,24,31],"killed_by":"Automaton","ascension_level":0}