{"gold_per_floor":[110,42,6,19,35,60,60,78,78,109,129,146,146,174,174,269,269,256,268,193,205,205,205],"floor_reached":23,"playtime":2100,"items_purged":[],"score":215,"play_id":"764cc536-f5aa-43e9-ba42-f95a56771d33","local_time":"20181128191157","is_ascension_mode":false,"campfire_choices":[{"floor":7,"key":"REST"},{"floor":15,"key":"REST"}],"neow_cost":"NONE","seed_source_timestamp":1201133418040453,"circlet_count":0,"master_deck":["Defend_G","Defend_G","Defend_G","Defend_G","Defend_G","Strike_G","Strike_G","Survivor","Neutralize","Poisoned Stab","Infinite Blades","Noxious Fumes","Infinite Blades","Accuracy","Terror","Blur","Bane","Infinite Blades","Leg Sweep","Bullet Time","Outmaneuver+1"],"relics":["Ring of the Snake","Juzu Bracelet","Bottled Flame","Paper Crane","Dream Catcher","Empty Cage"],"potions_floor_usage":[6,8,10,10,10,12,13,14,16,21],"damage_taken":[{"damage":1,"enemies":"Cultist","floor":1,"turns":4},{"damage":1,"enemies":"Jaw Worm","floor":4,"turns":5},{"damage":0,"enemies":"2 Louse","floor":5,"turns":4},{"damage":19,"enemies":"Gremlin Nob","floor":6,"turns":5},{"damage":17,"enemies":"Gremlin Gang","floor":8,"turns":6},{"damage":17,"enemies":"3 Sentries","floor":10,"turns":7},{"damage":2,"enemies":"Blue Slaver","floor":11,"turns":6},{"damage":9,"enemies":"Large Slime","floor":12,"turns":5},{"damage":0,"enemies":"2 Fungi Beasts","floor":13,"turns":2},{"damage":13,"enemies":"Lagavulin","floor":14,"turns":6},{"damage":32,"enemies":"The Guardian","floor":16,"turns":10},{"damage":13,"enemies":"2 Thieves","floor":18,"turns":4},{"damage":14,"enemies":"Spheric Guardian","floor":19,"turns":5},{"damage":15,"enemies":"Shelled Parasite and Fungi","floor":21,"turns":8},{"damage":24,"enemies":"Colosseum Slavers","floor":22,"turns":7},{"damage":11,"enemies":"Gremlin Leader","floor":23,"turns":1}],"seed_played":"-1919277605159671709","potions_obtained":[{"floor":4,"key":"GamblersBrew"},{"floor":5,"key":"PowerPotion"},{"floor":6,"key":"Energy Potion"},{"floor":8,"key":"EntropicBrew"},{"floor":10,"key":"Swift Potion"},{"floor":12,"key":"SmokeBomb"},{"floor":19,"key":"SkillPotion"}],"is_trial":false,"path_per_floor":["M","$","$","M","M","E","R","M","T","E","M","M","M","E","R","B",null,"M","M","?","M","?","E"],"character_chosen":"THE_SILENT","items_purchased":["Infinite Blades","Noxious Fumes"],"campfire_rested":2,"item_purchase_floors":[2,3],"current_hp_per_floor":[76,76,76,75,75,56,77,60,60,43,41,32,32,19,42,10,77,64,50,50,35,11,0],"gold":205,"neow_bonus":"TEN_PERCENT_HP_BONUS","is_prod":false,"is_daily":false,"chose_seed":false,"campfire_upgraded":0,"win_rate":0,"timestamp":1543428717,"path_taken":["M","?","$","M","M","E","R","M","T","E","M","M","M","E","R","BOSS","M","M","?","M","?","E"],"build_version":"2018-11-15","purchased_purges":0,"victory":false,"max_hp_per_floor":[77,77,77,77,77,77,77,77,77,77,77,77,77,77,77,77,77,77,77,77,77,77,77],"card_choices":[{"not_picked":["Masterful Stab","Endless Agony"],"picked":"Poisoned Stab","floor":1},{"not_picked":["Crippling Poison","Poisoned Stab"],"picked":"Infinite Blades","floor":4},{"not_picked":["Backflip","Acrobatics"],"picked":"Accuracy","floor":5},{"not_picked":["Venomology","Die Die Die"],"picked":"Terror","floor":6},{"not_picked":["Escape Plan","Flying Knee"],"picked":"Blur","floor":8},{"not_picked":["Flying Knee","Slice","Deflect"],"picked":"SKIP","floor":10},{"not_picked":["Poisoned Stab","All Out Attack","PiercingWail"],"picked":"SKIP","floor":11},{"not_picked":["Heel Hook","Choke"],"picked":"Bane","floor":12},{"not_picked":["Deflect","Cloak And Dagger"],"picked":"Infinite Blades","floor":14},{"not_picked":["Outmaneuver","Slice"],"picked":"Leg Sweep","floor":15},{"not_picked":["Malaise","Night Terror"],"picked":"Bullet Time","floor":16},{"not_picked":["Outmaneuver","Underhanded Strike+1","Deflect"],"picked":"SKIP","floor":18},{"not_picked":["Deflect","Tactician"],"picked":"Outmaneuver+1","floor":19},{"not_picked":["Masterful Stab","Quick Slash","Slice"],"picked":"SKIP","floor":21}],"player_experience":107122,"relics_obtained":[{"floor":6,"key":"Juzu Bracelet"},{"floor":9,"key":"Bottled Flame"},{"floor":10,"key":"Paper Crane"},{"floor":14,"key":"Dream Catcher"}],"event_choices":[{"cards_removed":["Strike_G"],"damage_healed":0,"gold_gain":0,"player_choice":"Gave Gold","damage_taken":0,"max_hp_gain":0,"max_hp_loss":0,"event_name":"Beggar","floor":20,"gold_loss":75},{"damage_healed":0,"gold_gain":0,"player_choice":"Fight","damage_taken":0,"max_hp_gain":0,"max_hp_loss":0,"event_name":"Colosseum","floor":22,"gold_loss":0},{"damage_healed":0,"gold_gain":0,"player_choice":"Fled From Nobs","damage_taken":0,"max_hp_gain":0,"max_hp_loss":0,"event_name":"Colosseum","floor":22,"gold_loss":0}],"is_beta":false,"boss_relics":[{"not_picked":["Eternal Feather","Fusion Hammer"],"picked":"Empty Cage"}],"items_purged_floors":[],"is_endless":false,"potions_floor_spawned":[4,5,6,8,10,12,19],"killed_by":"Gremlin Leader","ascension_level":0}