{"gold_per_floor":[15,15,29,29,47,47,47,63,63,126,126,139,139,63,63,160,160,172,183,108,124,137,137,137,137,161,190,190,208,208,225,225,320,320,330,230,250,269,283,283,383,383,383,35,35,35,47,57,57,57],"floor_reached":51,"playtime":4268,"items_purged":["Strike_R","Regret","Shame"],"score":634,"play_id":"8bae85c8-cf89-473b-8071-bbb1f82b2505","local_time":"20190104180824","is_ascension_mode":false,"campfire_choices":[{"data":"Armaments","floor":6.0,"key":"SMITH"},{"data":"Bloodletting","floor":11.0,"key":"SMITH"},{"data":"Body Slam","floor":13.0,"key":"SMITH"},{"data":"Heavy Blade","floor":15.0,"key":"SMITH"},{"data":"Disarm","floor":25.0,"key":"SMITH"},{"floor":32,"key":"REST"},{"floor":40,"key":"REST"},{"data":"Limit Break","floor":42,"key":"SMITH"},{"data":"Heavy Blade","floor":45,"key":"SMITH"},{"floor":49,"key":"REST"}],"neow_cost":"NO_GOLD","seed_source_timestamp":0,"circlet_count":0,"master_deck":["Defend_R","Defend_R+1","Bash","Heavy Blade+1","Heavy Blade+1","Armaments+1","Battle Trance","Bloodletting+1","Dual Wield","Body Slam+1","Inflame+1","Limit Break+1","Sword Boomerang","Uppercut+1","Disarm+1","Shockwave","Shrug It Off+1","Bite","Bite","Bite","Bite","Shrug It Off","Berserk+1","Clumsy","Headbutt+1","Power Through","Flame Barrier+1","Apotheosis+1","Writhe","Rage+1","Flame Barrier+1"],"special_seed":0,"relics":["Burning Blood","Meat on the Bone","Frozen Egg 2","Sozu","Dream Catcher","Calling Bell","Orichalcum","Letter Opener","Unceasing Top","StoneCalendar","Toxic Egg 2"],"potions_floor_usage":[39],"damage_taken":[{"damage":20.0,"enemies":"Small Slimes","floor":1.0,"turns":5.0},{"damage":6.0,"enemies":"Jaw Worm","floor":3.0,"turns":3.0},{"damage":0.0,"enemies":"2 Louse","floor":5.0,"turns":2.0},{"damage":7.0,"enemies":"Blue Slaver","floor":8.0,"turns":5.0},{"damage":15.0,"enemies":"Gremlin Nob","floor":10.0,"turns":4.0},{"damage":14.0,"enemies":"Large Slime","floor":12.0,"turns":7.0},{"damage":41.0,"enemies":"The Guardian","floor":16.0,"turns":13.0},{"damage":0.0,"enemies":"Spheric Guardian","floor":18.0,"turns":3.0},{"damage":3.0,"enemies":"Chosen","floor":19.0,"turns":3.0},{"damage":19.0,"enemies":"Shelled Parasite and Fungi","floor":21.0,"turns":3.0},{"damage":18.0,"enemies":"Snake Plant","floor":22.0,"turns":3.0},{"damage":22.0,"enemies":"Book of Stabbing","floor":27.0,"turns":4.0},{"damage":22.0,"enemies":"Snecko","floor":29.0,"turns":4.0},{"damage":49.0,"enemies":"Shelled Parasite and Fungi","floor":31.0,"turns":6.0},{"damage":19,"enemies":"Champ","floor":33,"turns":8},{"damage":12,"enemies":"3 Shapes","floor":35,"turns":5},{"damage":25,"enemies":"3 Darklings","floor":37,"turns":4},{"damage":39,"enemies":"Spire Growth","floor":38,"turns":5},{"damage":55,"enemies":"Transient","floor":39,"turns":5},{"damage":6,"enemies":"Mind Bloom Boss Battle","floor":41,"turns":6},{"damage":21,"enemies":"Sphere and 2 Shapes","floor":47,"turns":6},{"damage":37,"enemies":"4 Shapes","floor":48,"turns":7},{"damage":76,"enemies":"Awakened One","floor":50,"turns":12}],"seed_played":"770315505448114653","potions_obtained":[{"floor":10.0,"key":"SpeedPotion"},{"floor":12.0,"key":"SpeedPotion"},{"floor":16.0,"key":"EssenceOfSteel"}],"is_trial":false,"path_per_floor":["M","?","M","?","M","R","?","M","T","?","R","M","R","$","R","B",null,"M","M","$","M","M","?","$","R","T","E","?","M","?","M","R","B",null,"M","$","M","M","M","R","?","R","T","$","R","?","M","M","R","B",null],"character_chosen":"IRONCLAD","items_purchased":["Inflame+1","Flame Barrier+1","Apotheosis+1"],"campfire_rested":3,"item_purchase_floors":[14,44,44],"current_hp_per_floor":[66,66,66,71,77,77,60,59,59,50,50,54,54,54,54,31,85,85,85,85,72,60,60,60,60,60,58,58,50,50,30,55,56,85,82,82,67,52,27,52,61,61,61,61,61,82,78,58,83,43],"gold":57,"neow_bonus":"REMOVE_TWO","is_prod":false,"is_daily":false,"chose_seed":false,"campfire_upgraded":7,"win_rate":0.0,"timestamp":1546625304,"path_taken":["M","?","M","?","M","R","?","M","T","?","R","M","R","?","R","BOSS","M","M","$","M","M","?","$","R","T","E","?","M","?","M","R","BOSS","M","$","M","?","?","R","?","R","T","$","R","?","M","M","R","BOSS"],"build_version":"2019-01-03v3","purchased_purges":3,"victory":true,"max_hp_per_floor":[80,80,80,85,85,85,85,85,85,85,85,85,85,85,85,85,85,85,85,85,85,85,85,85,85,85,85,85,85,85,85,85,85,85,85,85,85,85,85,85,85,85,85,85,85,85,85,85,85,85],"card_choices":[{"not_picked":["Cleave","Clothesline"],"picked":"Heavy Blade","floor":1.0},{"not_picked":["Cleave","Clothesline"],"picked":"Heavy Blade","floor":1.0},{"not_picked":["Reaper","Blood for Blood"],"picked":"Armaments","floor":3.0},{"not_picked":["Perfected Strike","Heavy Blade"],"picked":"Battle Trance","floor":5.0},{"not_picked":["Thunderclap","Carnage"],"picked":"Bloodletting","floor":8.0},{"not_picked":["Warcry","Corruption"],"picked":"Dual Wield","floor":10.0},{"not_picked":["Shrug It Off","Reaper"],"picked":"Body Slam","floor":12.0},{"not_picked":["Barricade+1","Brutality+1"],"picked":"Limit Break","floor":16.0},{"not_picked":["Clothesline+1","Corruption+1","Thunderclap"],"picked":"SKIP","floor":18.0},{"not_picked":["Armaments+1","Pommel Strike"],"picked":"Sword Boomerang","floor":19.0},{"not_picked":["Twin Strike","Sword Boomerang"],"picked":"Uppercut+1","floor":21.0},{"not_picked":["Second Wind","Shrug It Off","Dual Wield"],"picked":"SKIP","floor":22.0},{"not_picked":["Power Through","Blood for Blood+1"],"picked":"Shrug It Off+1","floor":27.0},{"not_picked":["Heavy Blade","Flex","Shockwave+1"],"picked":"SKIP","floor":29.0},{"not_picked":["Sword Boomerang+1","Entrench"],"picked":"Shrug It Off","floor":31},{"not_picked":["Fiend Fire","Feed"],"picked":"Berserk+1","floor":33},{"not_picked":["Sword Boomerang","Clothesline+1"],"picked":"Headbutt+1","floor":35},{"not_picked":["Sword Boomerang","Thunderclap","Cleave+1"],"picked":"SKIP","floor":37},{"not_picked":["Carnage+1","Searing Blow+1","Whirlwind+1"],"picked":"SKIP","floor":38},{"not_picked":["Armaments+1","Shrug It Off","Pommel Strike+1"],"picked":"SKIP","floor":39},{"not_picked":["Cleave","Burning Pact+1"],"picked":"Power Through","floor":41},{"not_picked":["Shockwave+1","Warcry+1","Body Slam"],"picked":"SKIP","floor":47},{"not_picked":["Shrug It Off+1","Pommel Strike"],"picked":"Rage+1","floor":48},{"not_picked":["Second Wind+1","Twin Strike+1"],"picked":"Flame Barrier+1","floor":49}],"player_experience":33669,"relics_obtained":[{"floor":9.0,"key":"Meat on the Bone"},{"floor":10.0,"key":"Frozen Egg 2"},{"floor":26.0,"key":"Blood Vial"},{"floor":27.0,"key":"Dream Catcher"},{"floor":34,"key":"Orichalcum"},{"floor":34,"key":"Letter Opener"},{"floor":34,"key":"Unceasing Top"},{"floor":41,"key":"StoneCalendar"},{"floor":43,"key":"Toxic Egg 2"}],"event_choices":[{"cards_removed":["Strike_R"],"damage_healed":0.0,"max_hp_gain":0.0,"max_hp_loss":0.0,"gold_gain":0.0,"event_name":"Living Wall","player_choice":"Forget","floor":2.0,"gold_loss":0.0,"damage_taken":0.0},{"damage_healed":0.0,"max_hp_gain":5.0,"max_hp_loss":0.0,"gold_gain":0.0,"event_name":"Big Fish","player_choice":"Donut","floor":4.0,"gold_loss":0.0,"damage_taken":0.0},{"damage_healed":0.0,"max_hp_gain":0.0,"max_hp_loss":0.0,"gold_gain":0.0,"event_name":"Shining Light","player_choice":"Entered Light","floor":7.0,"gold_loss":0.0,"damage_taken":17.0,"cards_upgraded":["Defend_R","Strike_R"]},{"damage_healed":0.0,"max_hp_gain":0.0,"max_hp_loss":0.0,"gold_gain":0.0,"event_name":"Dead Adventurer","player_choice":"Searched \u00272\u0027 times","floor":10.0,"gold_loss":0.0,"damage_taken":0.0},{"damage_healed":0.0,"max_hp_gain":0.0,"max_hp_loss":0.0,"gold_gain":0.0,"cards_transformed":["Defend_R","Defend_R"],"event_name":"Drug Dealer","player_choice":"Became Test Subject","floor":23.0,"gold_loss":0.0,"damage_taken":0.0,"cards_obtained":["Disarm","Shockwave"]},{"damage_healed":0.0,"max_hp_gain":0.0,"max_hp_loss":0.0,"gold_gain":0.0,"event_name":"Vampires","player_choice":"Became a vampire (Vial)","floor":28.0,"relics_lost":["Blood Vial"],"gold_loss":0.0,"damage_taken":0.0,"cards_obtained":["Bite","Bite","Bite","Bite","Bite"]},{"cards_removed":["Bite"],"damage_healed":0.0,"max_hp_gain":0.0,"max_hp_loss":0.0,"gold_gain":0.0,"event_name":"Purifier","player_choice":"Purged","floor":30.0,"gold_loss":0.0,"damage_taken":0.0},{"damage_healed":0,"gold_gain":0,"player_choice":"Fight","damage_taken":0,"max_hp_gain":0,"max_hp_loss":0,"event_name":"MindBloom","floor":41,"gold_loss":0},{"damage_healed":21,"gold_gain":0,"player_choice":"Writhe","damage_taken":0,"max_hp_gain":0,"max_hp_loss":0,"event_name":"Winding Halls","floor":46,"gold_loss":0,"cards_obtained":["Writhe"]}],"is_beta":false,"boss_relics":[{"not_picked":["Snecko Eye","Runic Pyramid"],"picked":"Sozu"},{"not_picked":["White Beast Statue","Busted Crown"],"picked":"Calling Bell"}],"items_purged_floors":[20,36,44],"is_endless":false,"potions_floor_spawned":[10,12,16,21,22,27,33,37,38,39],"ascension_level":0}