{"gold_per_floor":[115,130,130,55,75,105,105,134,226,238,250,286,298,325,337,480,492,525,145,145,158,32,32,75,75,99,122,122,32,32,45,45,164,164,179,179,25,49,63,63,63,63,111,144,64,64,80,100,100,100],"floor_reached":51,"playtime":2291,"items_purged":["Strike_B","Defend_B"],"score":935,"play_id":"341a2249-da3d-4b00-8d6d-378211658d7e","local_time":"20190119051740","is_ascension_mode":true,"campfire_choices":[{"floor":7,"key":"REST"},{"floor":11,"key":"REST"},{"floor":15,"key":"REST"},{"floor":23,"key":"REST"},{"floor":25,"key":"REST"},{"floor":30,"key":"REST"},{"floor":32,"key":"REST"},{"floor":41,"key":"REST"},{"floor":49,"key":"REST"}],"neow_cost":"NONE","seed_source_timestamp":712378520841909,"circlet_count":0,"master_deck":["Strike_B+1","Strike_B","Defend_B","Defend_B","Zap","Leap","Gash","Beam Cell","Beam Cell","Leap","All For One+1","Gash+1","Conserve Battery","Scrape+1","Fission","Conserve Battery+1","Go for the Eyes+1","Impatience","Gash+1","FTL","Seek"],"relics":["Cracked Core","Gambling Chip","MawBank","Question Card","Golden Idol","Bronze Scales","Lizard Tail","Matryoshka","Tiny Chest","Vajra","Bag of Marbles","Dream Catcher","MutagenicStrength","Empty Cage","Whetstone","Potion Belt","Strawberry","Bag of Preparation","Meat on the Bone","Kunai"],"potions_floor_usage":[16,24,24,24,31,40],"damage_taken":[{"damage":2,"enemies":"Jaw Worm","floor":1,"turns":3},{"damage":0,"enemies":"Small Slimes","floor":2,"turns":2},{"damage":0,"enemies":"Cultist","floor":5,"turns":3},{"damage":38,"enemies":"Gremlin Nob","floor":6,"turns":4},{"damage":41,"enemies":"3 Sentries","floor":8,"turns":9},{"damage":1,"enemies":"3 Louse","floor":12,"turns":2},{"damage":0,"enemies":"Blue Slaver","floor":14,"turns":2},{"damage":29,"enemies":"Hexaghost","floor":16,"turns":9},{"damage":19,"enemies":"Shell Parasite","floor":18,"turns":6},{"damage":7,"enemies":"Chosen","floor":21,"turns":3},{"damage":59,"enemies":"Book of Stabbing","floor":24,"turns":6},{"damage":15,"enemies":"Sentry and Sphere","floor":27,"turns":4},{"damage":0,"enemies":"Shelled Parasite and Fungi","floor":31,"turns":2},{"damage":91,"enemies":"Champ","floor":33,"turns":9},{"damage":1,"enemies":"3 Shapes","floor":35,"turns":3},{"damage":2,"enemies":"Orb Walker","floor":38,"turns":2},{"damage":16,"enemies":"3 Darklings","floor":39,"turns":4},{"damage":38,"enemies":"Reptomancer","floor":40,"turns":4},{"damage":0,"enemies":"Giant Head","floor":44,"turns":4},{"damage":0,"enemies":"4 Shapes","floor":47,"turns":1},{"damage":27,"enemies":"Writhing Mass","floor":48,"turns":2},{"damage":30,"enemies":"Time Eater","floor":50,"turns":6}],"seed_played":"-1740484208151116472","potions_obtained":[{"floor":1,"key":"Explosive Potion"},{"floor":6,"key":"Weak Potion"},{"floor":8,"key":"PowerPotion"},{"floor":16,"key":"SkillPotion"},{"floor":27,"key":"Fire Potion"},{"floor":33,"key":"SmokeBomb"},{"floor":39,"key":"FearPotion"},{"floor":48,"key":"Energy Potion"}],"is_trial":false,"path_per_floor":["M","M","?","$","M","E","R","E","T","?","R","M","T","M","R","B",null,"M","$","?","M","$","R","E","R","T","M","?","?","R","M","R","B",null,"M","T","$","M","M","E","R","?","T","E","$","T","M","M","R","B",null],"character_chosen":"DEFECT","items_purchased":["Matryoshka","White Noise","Tiny Chest","Strawberry","FTL"],"campfire_rested":9,"item_purchase_floors":[19,19,22,37,45],"current_hp_per_floor":[73,73,78,78,78,40,64,23,23,23,45,44,44,44,66,37,65,46,46,46,39,39,61,2,24,24,9,9,9,31,31,53,9,58,57,57,64,62,46,8,32,32,32,32,32,32,44,29,53,35],"gold":100,"neow_bonus":"TRANSFORM_CARD","is_prod":false,"is_daily":false,"chose_seed":false,"campfire_upgraded":0,"win_rate":0,"timestamp":1547887660,"path_taken":["M","M","?","$","M","E","R","E","T","?","R","M","?","M","R","BOSS","M","$","?","M","$","R","E","R","T","M","?","?","R","M","R","BOSS","M","?","$","M","M","E","R","?","T","E","$","?","M","M","R","BOSS"],"build_version":"2019-01-17v2","purchased_purges":2,"victory":true,"max_hp_per_floor":[75,75,80,80,80,80,80,80,80,74,74,74,74,74,74,74,74,74,74,74,74,74,74,74,74,74,74,74,74,74,74,74,74,74,74,74,81,81,81,81,81,81,81,81,81,81,81,81,81,81],"card_choices":[{"not_picked":["Fusion","Static Discharge","Coolheaded"],"picked":"SKIP","floor":1},{"not_picked":["Chaos","Rebound"],"picked":"Gash","floor":2},{"not_picked":["Sweeping Beam","Glacier"],"picked":"Beam Cell","floor":5},{"not_picked":["Hologram","Barrage"],"picked":"Beam Cell","floor":6},{"not_picked":["Coolheaded","Stack"],"picked":"Leap","floor":8},{"not_picked":["Stack","Streamline","Steam","Go for the Eyes"],"picked":"SKIP","floor":12},{"not_picked":["Cold Snap","Redo","Coolheaded"],"picked":"All For One","floor":14},{"not_picked":["Compile Driver","Fusion","Doom and Gloom","Streamline+1"],"picked":"SKIP","floor":18},{"not_picked":["Barrage","Hologram+1","BootSequence","Recycle+1"],"picked":"SKIP","floor":21},{"not_picked":["Stack","Coolheaded","Glacier","Electrodynamics"],"picked":"SKIP","floor":24},{"not_picked":["Redo","Rip and Tear","Double Energy"],"picked":"Conserve Battery","floor":27},{"not_picked":["Stack","BootSequence","Barrage"],"picked":"Scrape+1","floor":30},{"not_picked":["Barrage+1","Hologram","Rebound","Static Discharge+1"],"picked":"SKIP","floor":31},{"not_picked":["Hyperbeam","Electrodynamics","Meteor Strike"],"picked":"Fission","floor":33},{"not_picked":["Double Energy","Reinforced Body+1","Steam+1","Hologram"],"picked":"SKIP","floor":35},{"not_picked":["Go for the Eyes","Steam Power+1","Stack+1","Hologram+1"],"picked":"SKIP","floor":38},{"not_picked":["Leap","Consume","Amplify"],"picked":"Conserve Battery+1","floor":39},{"not_picked":["Hologram","Doom and Gloom+1","Storm+1"],"picked":"Go for the Eyes+1","floor":41},{"not_picked":["Thinking Ahead","Dark Shackles","Secret Weapon"],"picked":"Impatience","floor":42},{"not_picked":["Skim+1","Thunder Strike","Streamline+1"],"picked":"Gash+1","floor":44},{"not_picked":["Redo+1","Cold Snap+1","Rebound","Capacitor+1"],"picked":"SKIP","floor":47},{"not_picked":["Self Repair","Stack+1","BootSequence","Sweeping Beam+1"],"picked":"SKIP","floor":48},{"not_picked":["Redo+1","Hologram","Rebound+1"],"picked":"Seek","floor":49}],"player_experience":185012,"relics_obtained":[{"floor":6,"key":"Gambling Chip"},{"floor":8,"key":"MawBank"},{"floor":9,"key":"Question Card"},{"floor":13,"key":"Bronze Scales"},{"floor":24,"key":"Vajra"},{"floor":26,"key":"Bag of Marbles"},{"floor":26,"key":"Dream Catcher"},{"floor":36,"key":"Whetstone"},{"floor":36,"key":"Potion Belt"},{"floor":43,"key":"Bag of Preparation"},{"floor":44,"key":"Meat on the Bone"},{"floor":46,"key":"Kunai"}],"event_choices":[{"damage_healed":0,"gold_gain":0,"player_choice":"Donut","damage_taken":0,"max_hp_gain":5,"max_hp_loss":0,"event_name":"Big Fish","floor":3,"gold_loss":0},{"damage_healed":0,"gold_gain":0,"player_choice":"Lose Max HP","damage_taken":0,"relics_obtained":["Golden Idol"],"max_hp_gain":0,"max_hp_loss":6,"event_name":"Golden Idol","floor":10,"gold_loss":0},{"damage_healed":0,"gold_gain":0,"player_choice":"Read","damage_taken":0,"max_hp_gain":0,"max_hp_loss":0,"event_name":"The Library","floor":20,"gold_loss":0,"cards_obtained":["Gash"]},{"damage_healed":0,"gold_gain":0,"player_choice":"Inject Mutagens","damage_taken":0,"relics_obtained":["MutagenicStrength"],"max_hp_gain":0,"max_hp_loss":0,"event_name":"Drug Dealer","floor":28,"gold_loss":0},{"cards_removed":["Strike_B"],"damage_healed":0,"gold_gain":0,"player_choice":"Upgrade and Remove","damage_taken":0,"max_hp_gain":0,"max_hp_loss":0,"event_name":"Designer","floor":29,"gold_loss":90,"cards_upgraded":["Strike_B"]},{"damage_healed":0,"gold_gain":0,"player_choice":"Memory 1","damage_taken":0,"max_hp_gain":0,"max_hp_loss":0,"event_name":"SensoryStone","floor":42,"gold_loss":0}],"is_beta":false,"boss_relics":[{"not_picked":["Calling Bell","Philosopher\u0027s Stone"],"picked":"Lizard Tail"},{"not_picked":["Cursed Key","Coffee Dripper"],"picked":"Empty Cage"}],"items_purged_floors":[4,19],"is_endless":false,"potions_floor_spawned":[1,6,8,16,27,33,39,48],"ascension_level":5}