{"gold_per_floor":[113,38,54,54,69,69,95,95,95,45,45,45,45,45,45,148,148,161,174,189,129,49,49,63,63,63,76,94,19,19,53,53,153,153,166,184,203,203,103,103,114,129,129,9,9,9,19,38,38,38],"floor_reached":51,"playtime":1550,"items_purged":["Strike_R","Feel No Pain","Strike_R+1","Defend_R"],"score":767,"play_id":"f74b4adf-802f-44be-93d8-c03bdb1c4609","local_time":"20190202024738","is_ascension_mode":false,"campfire_choices":[{"data":"Bash","floor":6,"key":"SMITH"},{"floor":8,"key":"REST"},{"data":"Strike_R","floor":12,"key":"SMITH"},{"floor":15,"key":"REST"},{"data":"Demon Form","floor":23,"key":"SMITH"},{"floor":25,"key":"REST"},{"floor":32,"key":"REST"},{"data":"Feed","floor":40,"key":"SMITH"},{"floor":45,"key":"REST"},{"data":"Iron Wave","floor":49,"key":"SMITH"}],"neow_cost":"TEN_PERCENT_HP_LOSS","seed_source_timestamp":280096967782665,"circlet_count":0,"master_deck":["Shrug It Off+1","Demon Form+1","Feed+1","Twin Strike+1","Iron Wave+1"],"relics":["Burning Blood","Thread and Needle","The Courier","Meat on the Bone","Bottled Flame","Self Forming Clay","Busted Crown","Sundial"],"potions_floor_usage":[20,31,31,37,50,50],"damage_taken":[{"damage":1,"enemies":"Cultist","floor":1,"turns":3},{"damage":5,"enemies":"Small Slimes","floor":3,"turns":3},{"damage":6,"enemies":"Jaw Worm","floor":5,"turns":3},{"damage":47,"enemies":"3 Sentries","floor":7,"turns":12},{"damage":14,"enemies":"The Guardian","floor":16,"turns":13},{"damage":6,"enemies":"Chosen","floor":18,"turns":4},{"damage":15,"enemies":"Spheric Guardian","floor":19,"turns":4},{"damage":22,"enemies":"Centurion and Healer","floor":20,"turns":8},{"damage":23,"enemies":"Sentry and Sphere","floor":24,"turns":6},{"damage":6,"enemies":"Snecko","floor":27,"turns":5},{"damage":23,"enemies":"Cultist and Chosen","floor":28,"turns":5},{"damage":23,"enemies":"Gremlin Leader","floor":31,"turns":5},{"damage":42,"enemies":"Collector","floor":33,"turns":8},{"damage":8,"enemies":"3 Shapes","floor":35,"turns":4},{"damage":3,"enemies":"Orb Walker","floor":36,"turns":4},{"damage":32,"enemies":"Spire Growth","floor":37,"turns":4},{"damage":9,"enemies":"4 Shapes","floor":41,"turns":8},{"damage":26,"enemies":"Sphere and 2 Shapes","floor":42,"turns":5},{"damage":4,"enemies":"Maw","floor":47,"turns":6},{"damage":14,"enemies":"Transient","floor":48,"turns":5},{"damage":22,"enemies":"Time Eater","floor":50,"turns":7}],"seed_played":"2707994113134659311","potions_obtained":[{"floor":5,"key":"SpeedPotion"},{"floor":16,"key":"Poison Potion"},{"floor":19,"key":"EssenceOfSteel"},{"floor":27,"key":"Energy Potion"},{"floor":28,"key":"BloodPotion"},{"floor":35,"key":"Block Potion"},{"floor":41,"key":"SmokeBomb"},{"floor":42,"key":"Strength Potion"},{"floor":48,"key":"Ancient Potion"}],"is_trial":false,"path_per_floor":["M","$","M","?","M","R","E","R","T","?","T","R","$","?","R","B",null,"M","M","M","?","$","R","M","R","T","M","M","?","$","E","R","B",null,"M","M","M","?","$","R","M","M","T","$","R","?","M","M","R","B",null],"character_chosen":"IRONCLAD","items_purchased":[],"campfire_rested":5,"item_purchase_floors":[],"current_hp_per_floor":[72,72,72,72,72,72,31,52,52,52,52,52,52,38,59,51,72,72,63,47,47,47,47,45,67,67,70,56,56,56,50,75,51,84,85,87,61,61,61,61,62,58,58,58,85,85,87,79,79,63],"gold":38,"neow_bonus":"REMOVE_TWO","is_prod":false,"is_daily":false,"chose_seed":false,"campfire_upgraded":5,"win_rate":0,"timestamp":1549088258,"path_taken":["M","$","?","?","?","R","E","R","T","?","?","R","$","?","R","BOSS","M","M","M","?","$","R","M","R","T","M","?","?","?","E","R","BOSS","M","M","M","?","$","R","M","M","T","$","R","?","?","M","R","BOSS"],"build_version":"2019-01-23","purchased_purges":4,"victory":true,"max_hp_per_floor":[72,72,72,72,72,72,72,72,72,72,72,72,72,72,72,72,72,72,72,72,72,72,72,75,75,75,78,81,81,81,84,84,84,84,87,87,87,83,83,83,87,91,91,91,91,91,91,91,91,91],"card_choices":[{"not_picked":["Warcry","Havoc"],"picked":"Shrug It Off","floor":1},{"not_picked":["Cleave","Body Slam","Thunderclap"],"picked":"SKIP","floor":3},{"not_picked":["Rupture","Second Wind","Clash"],"picked":"SKIP","floor":5},{"not_picked":["Warcry","Headbutt","Burning Pact"],"picked":"SKIP","floor":7},{"not_picked":["Brutality","Juggernaut"],"picked":"Demon Form","floor":16},{"not_picked":["Rupture","Flex+1","Rampage"],"picked":"SKIP","floor":18},{"not_picked":["Pommel Strike","Wild Strike+1","Dark Embrace"],"picked":"SKIP","floor":19},{"not_picked":["Clothesline","Sword Boomerang+1","Dual Wield"],"picked":"SKIP","floor":20},{"not_picked":["Inflame","Seeing Red"],"picked":"Twin Strike+1","floor":24},{"not_picked":["Spot Weakness","Clothesline+1","Anger+1"],"picked":"SKIP","floor":27},{"not_picked":["Headbutt+1","Heavy Blade+1","Burning Pact+1"],"picked":"SKIP","floor":28},{"not_picked":["Reckless Charge","Feed","Body Slam+1"],"picked":"SKIP","floor":31},{"not_picked":["Wild Strike+1"],"picked":"SKIP","floor":35},{"not_picked":["Twin Strike"],"picked":"SKIP","floor":36},{"not_picked":["Havoc"],"picked":"SKIP","floor":37},{"not_picked":["Fire Breathing+1"],"picked":"SKIP","floor":41},{"not_picked":["Armaments"],"picked":"SKIP","floor":42},{"not_picked":["Ghostly Armor"],"picked":"SKIP","floor":47},{"not_picked":[],"picked":"Iron Wave","floor":48}],"player_experience":322934,"relics_obtained":[{"floor":7,"key":"Thread and Needle"},{"floor":9,"key":"The Courier"},{"floor":11,"key":"Meat on the Bone"},{"floor":26,"key":"Bottled Flame"},{"floor":31,"key":"Self Forming Clay"},{"floor":43,"key":"Sundial"}],"event_choices":[{"damage_healed":0,"gold_gain":0,"player_choice":"Upgraded","damage_taken":0,"max_hp_gain":0,"max_hp_loss":0,"event_name":"Upgrade Shrine","floor":4,"gold_loss":0,"cards_upgraded":["Shrug It Off"]},{"cards_removed":["Strike_R"],"damage_healed":0,"gold_gain":0,"player_choice":"Card Removal","damage_taken":0,"max_hp_gain":0,"max_hp_loss":0,"event_name":"The Cleric","floor":10,"gold_loss":50},{"damage_healed":0,"gold_gain":0,"player_choice":"Entered Light","damage_taken":14,"max_hp_gain":0,"max_hp_loss":0,"event_name":"Shining Light","floor":14,"gold_loss":0,"cards_upgraded":["Strike_R","Strike_R"]},{"damage_healed":0,"gold_gain":0,"cards_transformed":["Bash","Strike_R"],"player_choice":"Transformed Cards","damage_taken":0,"max_hp_gain":0,"max_hp_loss":0,"event_name":"Designer","floor":21,"gold_loss":60,"cards_obtained":["Feel No Pain","Feed"]},{"cards_removed":["Defend_R"],"damage_healed":0,"gold_gain":0,"player_choice":"Gave Gold","damage_taken":0,"max_hp_gain":0,"max_hp_loss":0,"event_name":"Beggar","floor":29,"gold_loss":75},{"damage_healed":0,"gold_gain":0,"player_choice":"Max HP","damage_taken":0,"max_hp_gain":0,"max_hp_loss":4,"event_name":"Winding Halls","floor":38,"gold_loss":0},{"cards_removed":["Strike_R"],"damage_healed":0,"gold_gain":0,"player_choice":"Removed Attack","damage_taken":0,"max_hp_gain":0,"max_hp_loss":0,"event_name":"Falling","floor":46,"gold_loss":0}],"is_beta":false,"boss_relics":[{"not_picked":["Philosopher\u0027s Stone","Cursed Key","Calling Bell"]},{"not_picked":["White Beast Statue","Orrery"],"picked":"Busted Crown"}],"items_purged_floors":[2,22,39,44],"is_endless":false,"potions_floor_spawned":[5,16,19,27,28,35,41,42,48],"ascension_level":0}