{"gold_per_floor":[114,134,148,167,184,184,214,224,249,41,52,70,70,80,80,177,177,194,119,69,69,69,69],"floor_reached":23,"playtime":975,"items_purged":["Strike_B"],"score":195,"play_id":"2f099d49-2804-4899-9aaa-5ff8ad706b58","local_time":"20181230201950","is_ascension_mode":false,"campfire_choices":[{"data":"Genetic Algorithm","floor":6.0,"key":"SMITH"},{"data":"Reinforced Body","floor":13.0,"key":"SMITH"},{"floor":15.0,"key":"REST"}],"neow_cost":"NONE","seed_source_timestamp":0,"circlet_count":0,"master_deck":["Strike_B","Strike_B","Defend_B","Defend_B","Defend_B","Zap","Dualcast","Machine Learning","Genetic Algorithm+1","Melter","Reprogram","Self Repair","Ball Lightning","Reinforced Body+1","Doom and Gloom","Self Repair","Sweeping Beam","Beam Cell","Stack","Biased Cognition","Redo"],"special_seed":0,"relics":["Cracked Core","Smiling Mask","Oddly Smooth Stone","DollysMirror","Black Star","Unceasing Top"],"potions_floor_usage":[],"damage_taken":[{"damage":0.0,"enemies":"Cultist","floor":1.0,"turns":4.0},{"damage":0.0,"enemies":"2 Louse","floor":2.0,"turns":3.0},{"damage":5.0,"enemies":"Jaw Worm","floor":3.0,"turns":3.0},{"damage":11.0,"enemies":"Blue Slaver","floor":4.0,"turns":4.0},{"damage":8.0,"enemies":"Exordium Wildlife","floor":5.0,"turns":4.0},{"damage":27.0,"enemies":"Gremlin Nob","floor":7.0,"turns":5.0},{"damage":13.0,"enemies":"Gremlin Gang","floor":8.0,"turns":5.0},{"damage":13.0,"enemies":"Red Slaver","floor":11.0,"turns":3.0},{"damage":5.0,"enemies":"Blue Slaver","floor":12.0,"turns":4.0},{"damage":14.0,"enemies":"Looter","floor":14.0,"turns":3.0},{"damage":36.0,"enemies":"Hexaghost","floor":16.0,"turns":10.0},{"damage":0.0,"enemies":"Chosen","floor":18.0,"turns":4.0},{"damage":0,"enemies":"Gremlin Leader","floor":23,"turns":1}],"seed_played":"6662794177477287474","potions_obtained":[{"floor":1.0,"key":"Poison Potion"},{"floor":3.0,"key":"SteroidPotion"},{"floor":5.0,"key":"SpeedPotion"}],"is_trial":false,"path_per_floor":["M","M","M","M","M","R","E","M","T","$","M","M","R","M","R","B",null,"M","?","$","?","T","E"],"character_chosen":"DEFECT","items_purchased":["DollysMirror"],"campfire_rested":1,"item_purchase_floors":[10],"current_hp_per_floor":[75,75,70,59,58,58,38,32,32,32,33,42,42,35,57,28,75,75,75,75,75,75,75],"gold":69,"neow_bonus":"TRANSFORM_CARD","is_prod":false,"is_daily":false,"chose_seed":false,"campfire_upgraded":2,"win_rate":0.0,"timestamp":1546197590,"path_taken":["M","M","M","M","M","R","E","?","T","$","M","M","R","M","R","BOSS","M","?","$","?","?","E"],"build_version":"2018-12-20","purchased_purges":1,"victory":false,"max_hp_per_floor":[75,75,75,75,75,75,75,75,75,75,75,75,75,75,75,75,75,75,75,75,75,75,75],"card_choices":[{"not_picked":["Redo","Hello World"],"picked":"Genetic Algorithm","floor":1.0},{"not_picked":["Compile Driver","Barrage"],"picked":"Melter","floor":2.0},{"not_picked":["Chill","Chaos"],"picked":"Reprogram","floor":3.0},{"not_picked":["Leap","Defragment"],"picked":"Self Repair","floor":4.0},{"not_picked":["Stack","Loop"],"picked":"Ball Lightning","floor":5.0},{"not_picked":["Scrape","BootSequence"],"picked":"Reinforced Body","floor":7.0},{"not_picked":["Tempest","Heatsinks"],"picked":"Doom and Gloom","floor":8.0},{"not_picked":["Gash","Turbo"],"picked":"Sweeping Beam","floor":11.0},{"not_picked":["Defragment","Darkness"],"picked":"Beam Cell","floor":12.0},{"not_picked":["Hologram","Rip and Tear"],"picked":"Stack","floor":14.0},{"not_picked":["Hyperbeam","Creative AI"],"picked":"Biased Cognition","floor":16.0},{"not_picked":["Stack","Cold Snap"],"picked":"Redo","floor":18.0}],"player_experience":90569,"relics_obtained":[{"floor":7.0,"key":"Smiling Mask"},{"floor":9.0,"key":"Oddly Smooth Stone"},{"floor":22,"key":"Unceasing Top"}],"event_choices":[{"cards_removed":["Strike_B"],"damage_healed":0.0,"max_hp_gain":0.0,"max_hp_loss":0.0,"gold_gain":0.0,"event_name":"Beggar","player_choice":"Gave Gold","floor":19.0,"gold_loss":75.0,"damage_taken":0.0}],"is_beta":false,"boss_relics":[{"not_picked":["Runic Dome","Lizard Tail"],"picked":"Black Star"}],"items_purged_floors":[20],"is_endless":false,"potions_floor_spawned":[1,3,5,11,12],"killed_by":"Gremlin Leader","ascension_level":0}