{"gold_per_floor":[110,11,11,29,45,45,72,84,121,166,178,204,228,34,34,132,132,143,18,18,18,34,34,45,45,94,44,59,59],"floor_reached":29,"playtime":1500,"items_purged":["Strike_R","Strike_R","Strike_R"],"score":233,"play_id":"39e85f7d-b960-450e-8a15-760edcaa6341","local_time":"20180723095208","is_ascension_mode":false,"campfire_choices":[{"data":"Rampage","floor":6,"key":"SMITH"},{"data":"Bash","floor":8,"key":"SMITH"},{"floor":11,"key":"REST"},{"floor":15,"key":"REST"},{"floor":23,"key":"REST"},{"floor":25,"key":"REST"}],"neow_cost":"NONE","seed_source_timestamp":685255405241747,"circlet_count":0,"master_deck":["Strike_R","Strike_R","Defend_R","Defend_R","Defend_R","Defend_R","Bash+1","Armaments+1","Rampage+1","Double Tap","Evolve","Seeing Red","Flash of Steel","Anger","Warcry"],"relics":["Black Blood","MawBank","Centennial Puzzle","Gremlin Horn","Bag of Preparation"],"potions_floor_usage":[28,29,29],"damage_taken":[{"damage":7,"enemies":"2 Louse","floor":1,"turns":3},{"damage":2,"enemies":"Cultist","floor":4,"turns":4},{"damage":15,"enemies":"Jaw Worm","floor":5,"turns":4},{"damage":26,"enemies":"Gremlin Nob","floor":7,"turns":5},{"damage":28,"enemies":"Lagavulin","floor":10,"turns":5},{"damage":7,"enemies":"Blue Slaver","floor":12,"turns":4},{"damage":5,"enemies":"Looter","floor":13,"turns":3},{"damage":32,"enemies":"The Guardian","floor":16,"turns":9},{"damage":40,"enemies":"Spheric Guardian","floor":18,"turns":8},{"damage":22,"enemies":"3 Byrds","floor":22,"turns":6},{"damage":50,"enemies":"Cultist and Chosen","floor":24,"turns":9},{"damage":40,"enemies":"Slaver and Parasite","floor":28,"turns":8},{"damage":35,"enemies":"Snecko","floor":29,"turns":5}],"seed_played":"4806675964581345117","potions_obtained":[{"floor":1,"key":"Poison Potion"},{"floor":5,"key":"Block Potion"},{"floor":10,"key":"Explosive Potion"}],"is_trial":false,"path_per_floor":["M","$","?","M","M","R","E","R","T","E","R","M","M","$","R","B",null,"M","$","?","?","M","R","M","R","T","$","M"],"character_chosen":"IRONCLAD","items_purchased":["Armaments","Flash of Steel","Warcry"],"campfire_rested":4,"item_purchase_floors":[2,14,27],"current_hp_per_floor":[79,79,79,80,71,71,51,51,51,29,53,52,53,53,77,51,80,50,50,50,50,38,62,22,46,46,46,16,0],"gold":59,"neow_bonus":"THREE_CARDS","is_prod":false,"is_daily":false,"chose_seed":false,"campfire_upgraded":2,"win_rate":0.0,"timestamp":1532310728,"path_taken":["M","$","?","M","M","R","E","R","T","E","R","M","M","$","R","BOSS","M","$","?","?","M","R","M","R","T","?","M","M"],"build_version":"2018-07-19v2","purchased_purges":3,"victory":false,"max_hp_per_floor":[80,80,80,80,80,80,80,80,80,80,80,80,80,80,80,80,80,80,80,80,80,80,80,80,80,80,80,80,80],"card_choices":[{"not_picked":["Body Slam","Iron Wave","Uppercut"],"picked":"SKIP","floor":1},{"not_picked":["Clash","Fiend Fire"],"picked":"Rampage","floor":4},{"not_picked":["Havoc","Pommel Strike","Wild Strike"],"picked":"SKIP","floor":5},{"not_picked":["Havoc","Fiend Fire"],"picked":"Double Tap","floor":7},{"not_picked":["Warcry","Flex"],"picked":"Evolve","floor":10},{"not_picked":["Flex","Sword Boomerang","Twin Strike"],"picked":"SKIP","floor":12},{"not_picked":["Twin Strike","Headbutt"],"picked":"Seeing Red","floor":13},{"not_picked":["Heavy Blade+1","True Grit","Iron Wave+1"],"picked":"SKIP","floor":18},{"not_picked":["Iron Wave","Rampage","Sword Boomerang"],"picked":"SKIP","floor":22},{"not_picked":["Thunderclap","Heavy Blade"],"picked":"Anger","floor":24},{"not_picked":["Thunderclap","Impervious","Armaments+1"],"picked":"SKIP","floor":28}],"player_experience":68501,"relics_obtained":[{"floor":7,"key":"MawBank"},{"floor":9,"key":"Centennial Puzzle"},{"floor":10,"key":"Gremlin Horn"},{"floor":26,"key":"Bag of Preparation"}],"event_choices":[{"event_name":"Upgrade Shrine","player_choice":"Upgraded","floor":3,"damage_taken":0},{"event_name":"The Mausoleum","player_choice":"No","floor":20,"damage_taken":0},{"event_name":"Drug Dealer","player_choice":"Ignored","floor":21,"damage_taken":0}],"is_beta":false,"boss_relics":[{"not_picked":["Runic Pyramid","Black Star"],"picked":"Black Blood"}],"items_purged_floors":[2,14,19],"is_endless":false,"potions_floor_spawned":[1,5,10,24],"killed_by":"Snecko","ascension_level":0}