{"gold_per_floor":[117,133,148,163,88,117,117,146,146,221,221,221,234,245,245,245],"floor_reached":16,"playtime":623,"items_purged":["Strike_R"],"score":129,"play_id":"235d52b2-a454-4d1b-9724-5968e5bc99ee","local_time":"20190122170028","is_ascension_mode":true,"campfire_choices":[{"data":"Heavy Blade","floor":7.0,"key":"SMITH"},{"floor":12.0,"key":"REST"},{"data":"1","floor":15.0,"key":"LIFT"}],"neow_cost":"NONE","seed_source_timestamp":19865648110375,"circlet_count":0,"master_deck":["Strike_R","Strike_R","Strike_R","Strike_R","Defend_R","Defend_R+1","Defend_R","Defend_R+1","Bash","Heavy Blade+1","Flex","Havoc+1","Exhume","Reckless Charge","Armaments","Sentinel"],"special_seed":0,"relics":["Burning Blood","War Paint","FossilizedHelix","Girya"],"potions_floor_usage":[],"damage_taken":[{"damage":3.0,"enemies":"2 Louse","floor":1.0,"turns":3.0},{"damage":8.0,"enemies":"Jaw Worm","floor":2.0,"turns":4.0},{"damage":0.0,"enemies":"Cultist","floor":3.0,"turns":4.0},{"damage":7.0,"enemies":"Exordium Wildlife","floor":4.0,"turns":4.0},{"damage":40.0,"enemies":"3 Sentries","floor":6.0,"turns":13.0},{"damage":36.0,"enemies":"Gremlin Nob","floor":8.0,"turns":5.0},{"damage":0.0,"enemies":"2 Fungi Beasts","floor":13.0,"turns":4.0},{"damage":12.0,"enemies":"Large Slime","floor":14.0,"turns":8.0},{"damage":49,"enemies":"The Guardian","floor":16,"turns":7}],"seed_played":"4285829676417661071","potions_obtained":[{"floor":3.0,"key":"Block Potion"},{"floor":4.0,"key":"Dexterity Potion"},{"floor":8.0,"key":"LiquidBronze"},{"floor":13.0,"key":"SteroidPotion"}],"is_trial":false,"path_per_floor":["M","M","M","M","$","E","R","E","T","?","?","R","M","M","R","B"],"character_chosen":"IRONCLAD","items_purchased":[],"campfire_rested":1,"item_purchase_floors":[],"current_hp_per_floor":[88,86,88,87,87,53,53,23,23,12,12,38,44,38,38,0],"gold":245,"neow_bonus":"TEN_PERCENT_HP_BONUS","is_prod":false,"is_daily":false,"chose_seed":false,"campfire_upgraded":1,"win_rate":0,"timestamp":1548172828,"path_taken":["M","M","M","M","$","E","R","E","T","?","?","R","M","M","R","BOSS"],"build_version":"2019-01-17v2","purchased_purges":1,"victory":false,"max_hp_per_floor":[88,88,88,88,88,88,88,88,88,88,88,88,88,88,88,88],"card_choices":[{"not_picked":["Iron Wave","Pummel"],"picked":"Heavy Blade","floor":1.0},{"not_picked":["Dual Wield","Clothesline"],"picked":"Flex","floor":2.0},{"not_picked":["Perfected Strike","Flex","Searing Blow"],"picked":"SKIP","floor":3.0},{"not_picked":["Body Slam","Cleave"],"picked":"Havoc","floor":4.0},{"not_picked":["Pommel Strike","Carnage"],"picked":"Exhume","floor":6.0},{"not_picked":["Rampage","Fire Breathing"],"picked":"Reckless Charge","floor":8.0},{"not_picked":["Flex","Havoc"],"picked":"Armaments","floor":13.0},{"not_picked":["Ghostly Armor","Shockwave"],"picked":"Sentinel","floor":14.0}],"player_experience":232863,"relics_obtained":[{"floor":6.0,"key":"War Paint"},{"floor":8.0,"key":"FossilizedHelix"},{"floor":9.0,"key":"Girya"}],"event_choices":[{"damage_healed":0.0,"max_hp_gain":0.0,"max_hp_loss":0.0,"gold_gain":75.0,"event_name":"World of Goop","player_choice":"Gather Gold","floor":10.0,"gold_loss":0.0,"damage_taken":11.0},{"damage_healed":0.0,"max_hp_gain":0.0,"max_hp_loss":0.0,"gold_gain":0.0,"event_name":"Upgrade Shrine","player_choice":"Upgraded","floor":11.0,"gold_loss":0.0,"damage_taken":0.0,"cards_upgraded":["Havoc"]}],"is_beta":false,"boss_relics":[],"items_purged_floors":[5],"is_endless":false,"potions_floor_spawned":[3,4,8,13],"killed_by":"The Guardian","ascension_level":3}