{"gold_per_floor":[13,13,13,13,13,13,40,40,65,81,116,116,135,165,165,264],"floor_reached":16,"playtime":456,"items_purged":[],"score":191,"play_id":"b92916f3-2936-4c8f-b011-657d101b3da2","local_time":"20190202155718","is_ascension_mode":true,"campfire_choices":[{"data":"Zap","floor":6,"key":"SMITH"},{"floor":8,"key":"REST"},{"floor":12,"key":"REST"},{"data":"Lockon","floor":15,"key":"SMITH"}],"neow_cost":"NO_GOLD","seed_source_timestamp":167477804508083,"circlet_count":0,"master_deck":["Strike_B","Strike_B","Strike_B","Strike_B","Defend_B+1","Defend_B+1","Defend_B","Defend_B","Zap+1","Dualcast","Steam","Lockon+1","BootSequence","Gash","BootSequence"],"relics":["Cracked Core","Boot","Art of War","Pen Nib","Bag of Marbles","War Paint","Mercury Hourglass"],"potions_floor_usage":[11,14],"damage_taken":[{"damage":7,"enemies":"2 Louse","floor":1,"turns":2},{"damage":35,"enemies":"Lagavulin","floor":7,"turns":8},{"damage":1,"enemies":"Small Slimes","floor":10,"turns":2},{"damage":8,"enemies":"Gremlin Nob","floor":11,"turns":3},{"damage":2,"enemies":"Jaw Worm","floor":13,"turns":2},{"damage":15,"enemies":"Lagavulin","floor":14,"turns":5},{"damage":44,"enemies":"Hexaghost","floor":16,"turns":11}],"seed_played":"-7590123690452925225","potions_obtained":[{"floor":7,"key":"PowerPotion"},{"floor":10,"key":"Swift Potion"}],"is_trial":false,"path_per_floor":["M","?","?","T","?","R","E","R","T","M","E","R","M","E","R","B"],"character_chosen":"DEFECT","items_purchased":[],"campfire_rested":2,"item_purchase_floors":[],"current_hp_per_floor":[82,70,70,70,70,70,35,61,61,60,52,78,76,61,61,17],"gold":264,"neow_bonus":"TWENTY_PERCENT_HP_BONUS","is_prod":false,"is_daily":false,"chose_seed":false,"campfire_upgraded":2,"win_rate":0,"timestamp":1549119438,"path_taken":["M","?","?","?","?","R","E","R","T","M","E","R","?","E","R","BOSS"],"build_version":"2019-01-23","purchased_purges":0,"victory":false,"max_hp_per_floor":[89,89,89,89,89,89,89,89,89,89,89,89,89,89,89,89],"card_choices":[{"not_picked":["Stack","Reinforced Body"],"picked":"Steam","floor":1},{"not_picked":["Compile Driver","Barrage"],"picked":"Lockon","floor":7},{"not_picked":["Conserve Battery","Darkness"],"picked":"BootSequence","floor":10},{"not_picked":["Steam","Multi-Cast"],"picked":"Gash","floor":11},{"not_picked":["Rebound","Barrage","Hologram"],"picked":"SKIP","floor":13},{"not_picked":["Melter","Stack"],"picked":"BootSequence","floor":14}],"player_experience":439130,"relics_obtained":[{"floor":4,"key":"Art of War"},{"floor":7,"key":"Pen Nib"},{"floor":9,"key":"Bag of Marbles"},{"floor":11,"key":"War Paint"},{"floor":14,"key":"Mercury Hourglass"}],"event_choices":[{"damage_healed":0,"gold_gain":0,"player_choice":"Success","damage_taken":12,"relics_obtained":["Boot"],"max_hp_gain":0,"max_hp_loss":0,"event_name":"Scrap Ooze","floor":2,"gold_loss":0},{"damage_healed":0,"gold_gain":0,"player_choice":"Ignored","damage_taken":0,"max_hp_gain":0,"max_hp_loss":0,"event_name":"Golden Wing","floor":3,"gold_loss":0},{"damage_healed":0,"gold_gain":0,"player_choice":"Leave","damage_taken":0,"max_hp_gain":0,"max_hp_loss":0,"event_name":"The Cleric","floor":5,"gold_loss":0}],"is_beta":false,"boss_relics":[],"items_purged_floors":[],"is_endless":false,"potions_floor_spawned":[7,10],"killed_by":"Hexaghost","ascension_level":3}