{"gold_per_floor":[118,132,35,46,46,46,59,78,78,92,92,42,52,64,64,169,199,216,116,135,154,169,169,192,192,273,285,285,302,315,10,10,10],"floor_reached":33,"playtime":1339,"items_purged":["Strike_B","Strike_B+1","Defend_B"],"score":245,"play_id":"4d7db543-0a22-485a-a123-29f89d7a3368","local_time":"20180719230738","is_ascension_mode":false,"campfire_choices":[{"data":"Leap","floor":6,"key":"SMITH"},{"data":"Streamline","floor":11,"key":"SMITH"},{"floor":15,"key":"REST"},{"floor":23,"key":"REST"},{"floor":28,"key":"REST"},{"floor":32,"key":"REST"}],"neow_cost":"NONE","seed_source_timestamp":387549197820876,"circlet_count":0,"master_deck":["Defend_B","Defend_B","Defend_B","Zap+1","Dualcast","Hyperbeam","Streamline+1","Ball Lightning","Leap+1","Gash","FTL","Ball Lightning","Go for the Eyes","White Noise","Beam Cell+1","BootSequence","Machine Learning","FTL","Bandage Up"],"relics":["Cracked Core","Shuriken","Tiny House","Blood Vial","Gremlin Horn"],"potions_floor_usage":[],"damage_taken":[{"damage":5,"enemies":"Small Slimes","floor":1,"turns":2},{"damage":0,"enemies":"Cultist","floor":2,"turns":3},{"damage":2,"enemies":"2 Louse","floor":4,"turns":2},{"damage":3,"enemies":"Red Slaver","floor":7,"turns":2},{"damage":0,"enemies":"3 Louse","floor":8,"turns":1},{"damage":7,"enemies":"Blue Slaver","floor":10,"turns":2},{"damage":11,"enemies":"Exordium Wildlife","floor":13,"turns":3},{"damage":7,"enemies":"2 Fungi Beasts","floor":14,"turns":2},{"damage":37,"enemies":"The Guardian","floor":16,"turns":10},{"damage":14,"enemies":"Spheric Guardian","floor":18,"turns":4},{"damage":22,"enemies":"2 Thieves","floor":20,"turns":4},{"damage":18,"enemies":"Centurion and Healer","floor":21,"turns":6},{"damage":0,"enemies":"Chosen and Byrds","floor":22,"turns":6},{"damage":16,"enemies":"Snake Plant","floor":27,"turns":4},{"damage":5,"enemies":"Cultist and Chosen","floor":29,"turns":6},{"damage":20,"enemies":"Centurion and Healer","floor":30,"turns":5},{"damage":74,"enemies":"Automaton","floor":33,"turns":6}],"seed_played":"2470941064003744589","potions_obtained":[{"floor":7,"key":"Fire Potion"},{"floor":8,"key":"FearPotion"},{"floor":13,"key":"Fire Potion"},{"floor":17,"key":"Dexterity Potion"}],"is_trial":false,"path_per_floor":["M","M","$","M","?","R","M","M","T","M","R","?","M","M","R","B",null,"M","$","M","M","M","R","T","?","T","M","R","M","M","$","R"],"character_chosen":"DEFECT","items_purchased":["Ball Lightning","FTL","Bandage Up"],"campfire_rested":4,"item_purchase_floors":[3,31,31],"current_hp_per_floor":[70,70,70,68,68,68,65,65,65,58,58,58,47,40,62,25,80,66,66,44,26,26,50,50,50,50,36,60,57,39,39,63,0],"gold":10,"neow_bonus":"TRANSFORM_CARD","is_prod":false,"is_daily":false,"chose_seed":false,"campfire_upgraded":2,"win_rate":0.0,"timestamp":1532012858,"path_taken":["M","M","$","M","?","R","M","M","T","M","R","?","M","M","R","BOSS","M","$","M","M","M","R","?","?","T","M","R","M","M","$","R","BOSS"],"build_version":"2018-07-12","purchased_purges":3,"victory":false,"max_hp_per_floor":[75,75,75,75,75,75,75,75,75,75,75,75,75,75,75,75,80,80,80,80,80,80,80,80,80,80,80,80,80,80,80,80,80],"card_choices":[{"not_picked":["Barrage","Coolheaded","Scrape"],"picked":"SKIP","floor":1},{"not_picked":["Hello World","Reinforced Body"],"picked":"Streamline","floor":2},{"not_picked":["Ball Lightning","Cold Snap"],"picked":"Leap","floor":4},{"not_picked":["Storm","Turbo"],"picked":"Gash","floor":7},{"not_picked":["Leap","Cold Snap"],"picked":"FTL","floor":8},{"not_picked":["Compile Driver","Streamline"],"picked":"Ball Lightning","floor":10},{"not_picked":["Sweeping Beam","Static Discharge"],"picked":"Go for the Eyes","floor":13},{"not_picked":["Meteor Strike","Coolheaded","Streamline"],"picked":"SKIP","floor":14},{"not_picked":["Darkness+1","Steam"],"picked":"White Noise","floor":18},{"not_picked":["Cold Snap+1","Tempest+1"],"picked":"Beam Cell+1","floor":20},{"not_picked":["Streamline","White Noise+1"],"picked":"BootSequence","floor":21},{"not_picked":["Stack+1","Streamline+1","Coolheaded"],"picked":"SKIP","floor":22},{"not_picked":["Fusion","Go for the Eyes"],"picked":"Machine Learning","floor":27},{"not_picked":["Ball Lightning","Beam Cell","Undo"],"picked":"SKIP","floor":29},{"not_picked":["Double Energy+1","Redo","Steam"],"picked":"SKIP","floor":30}],"player_experience":27720,"relics_obtained":[{"floor":9,"key":"Shuriken"},{"floor":24,"key":"Blood Vial"},{"floor":26,"key":"Gremlin Horn"}],"event_choices":[{"event_name":"Accursed Blacksmith","player_choice":"Forge","floor":5,"damage_taken":0},{"event_name":"The Cleric","player_choice":"Card Removal","floor":12,"damage_taken":0},{"event_name":"Ghosts","player_choice":"Ignored","floor":25,"damage_taken":0}],"boss_relics":[{"not_picked":["Runic Dome","Black Star"],"picked":"Tiny House"}],"items_purged_floors":[3,19,31],"is_endless":false,"potions_floor_spawned":[7,8,13,16,22,27],"killed_by":"Automaton","ascension_level":0}