{"gold_per_floor":[114,189,189,205,205,232,232,25,25,41,58,58,4,14,14,117,117,136,136,136,136,150,150,165,165],"floor_reached":25,"playtime":700,"items_purged":[],"score":350,"play_id":"35d09b44-66aa-4343-b0ab-b5f7c237105e","local_time":"20190112172505","is_ascension_mode":true,"campfire_choices":[{"data":"Inflame","floor":7,"key":"SMITH"},{"data":"Demon Form","floor":15,"key":"SMITH"},{"floor":23,"key":"REST"}],"neow_cost":"NONE","seed_source_timestamp":255315528446043,"circlet_count":0,"master_deck":["AscendersBane","Strike_R","Strike_R","Strike_R","Strike_R","Strike_R","Defend_R","Defend_R","Defend_R","Defend_R","Bash","Armaments","Perfected Strike+1","Inflame+1","Body Slam","Demon Form+1","Inflame","Limit Break","Perfected Strike+1","Perfected Strike","Clothesline"],"relics":["Burning Blood","NeowsBlessing","Mercury Hourglass","ClockworkSouvenir","The Courier","Lizard Tail","Question Card"],"potions_floor_usage":[16,24,24],"damage_taken":[{"damage":0,"enemies":"2 Louse","floor":1,"turns":1},{"damage":0,"enemies":"Small Slimes","floor":4,"turns":1},{"damage":0,"enemies":"3 Sentries","floor":6,"turns":1},{"damage":9,"enemies":"Jaw Worm","floor":10,"turns":3},{"damage":0,"enemies":"Large Slime","floor":11,"turns":4},{"damage":9,"enemies":"Red Slaver","floor":14,"turns":4},{"damage":39,"enemies":"The Guardian","floor":16,"turns":8},{"damage":17,"enemies":"Chosen","floor":18,"turns":5},{"damage":52,"enemies":"2 Thieves","floor":22,"turns":5},{"damage":57,"enemies":"Snake Plant","floor":24,"turns":5},{"damage":49,"enemies":"Book of Stabbing","floor":25,"turns":4}],"seed_played":"-5671229886856761607","potions_obtained":[{"floor":4,"key":"SteroidPotion"},{"floor":14,"key":"GamblersBrew"},{"floor":16,"key":"Strength Potion"},{"floor":18,"key":"Weak Potion"},{"floor":22,"key":"BloodPotion"}],"is_trial":false,"path_per_floor":["M","?","?","M","?","E","R","$","T","M","M","?","$","M","R","B",null,"M","$","?","?","M","R","M","E"],"character_chosen":"IRONCLAD","items_purchased":["ClockworkSouvenir","Inflame"],"campfire_rested":1,"item_purchase_floors":[8,13],"current_hp_per_floor":[78,67,67,73,73,79,79,79,79,76,80,85,85,82,82,49,76,65,65,65,65,19,44,48,0],"gold":165,"neow_bonus":"THREE_ENEMY_KILL","is_prod":false,"is_daily":false,"chose_seed":false,"campfire_upgraded":2,"win_rate":0,"timestamp":1547310305,"path_taken":["M","?","?","M","?","E","R","$","T","M","M","?","?","M","R","BOSS","M","$","?","?","M","R","M","E"],"build_version":"2019-01-10","purchased_purges":0,"victory":false,"max_hp_per_floor":[80,80,80,80,80,80,80,80,80,80,80,85,85,85,85,85,85,85,85,85,85,85,85,85,85],"card_choices":[{"not_picked":["Sentinel","Wild Strike"],"picked":"Armaments","floor":1},{"not_picked":["Twin Strike","Rupture"],"picked":"Perfected Strike","floor":4},{"not_picked":["Warcry","Sword Boomerang"],"picked":"Inflame","floor":6},{"not_picked":["Thunderclap","Iron Wave"],"picked":"Body Slam","floor":10},{"not_picked":["Clash","Flex"],"picked":"Demon Form","floor":11},{"not_picked":["Flex","Armaments","Cleave"],"picked":"SKIP","floor":14},{"not_picked":["Exhume","Barricade"],"picked":"Limit Break","floor":16},{"not_picked":["Armaments","Searing Blow"],"picked":"Perfected Strike","floor":18},{"not_picked":["Flame Barrier","Feel No Pain","Fire Breathing"],"picked":"Perfected Strike","floor":22},{"not_picked":["Entrench","Battle Trance","Armaments"],"picked":"Clothesline","floor":24}],"player_experience":271395,"relics_obtained":[{"floor":6,"key":"Mercury Hourglass"},{"floor":9,"key":"The Courier"}],"event_choices":[{"damage_healed":0,"gold_gain":75,"player_choice":"Gather Gold","damage_taken":11,"max_hp_gain":0,"max_hp_loss":0,"event_name":"World of Goop","floor":2,"gold_loss":0},{"damage_healed":0,"gold_gain":0,"player_choice":"Ignored","damage_taken":0,"max_hp_gain":0,"max_hp_loss":0,"event_name":"Liars Game","floor":3,"gold_loss":0},{"damage_healed":0,"gold_gain":0,"player_choice":"Grow","damage_taken":0,"max_hp_gain":0,"max_hp_loss":0,"event_name":"Living Wall","floor":5,"gold_loss":0,"cards_upgraded":["Perfected Strike"]},{"damage_healed":0,"gold_gain":0,"player_choice":"Donut","damage_taken":0,"max_hp_gain":5,"max_hp_loss":0,"event_name":"Big Fish","floor":12,"gold_loss":0},{"damage_healed":0,"gold_gain":0,"player_choice":"Opened","damage_taken":0,"relics_obtained":["Question Card"],"max_hp_gain":0,"max_hp_loss":0,"event_name":"The Mausoleum","floor":20,"gold_loss":0},{"damage_healed":0,"gold_gain":0,"player_choice":"Forge","damage_taken":0,"max_hp_gain":0,"max_hp_loss":0,"event_name":"Accursed Blacksmith","floor":21,"gold_loss":0,"cards_upgraded":["Perfected Strike"]}],"is_beta":false,"boss_relics":[{"not_picked":["Coffee Dripper","Eternal Feather"],"picked":"Lizard Tail"}],"items_purged_floors":[],"is_endless":false,"potions_floor_spawned":[4,14,16,18,22],"killed_by":"Book of Stabbing","ascension_level":11}