{"gold_per_floor":[114,114,114,39,214,228,262,162,189,189,189,189,208,228,228,332,332,344,355,374,99,113,113,125,125,152,169,169,94,109,144,144,248,298,316,22,42,61,136,136],"floor_reached":40,"playtime":1447,"items_purged":["Defend_R","Doubt","Strike_R","Strike_R+1"],"score":483,"play_id":"c3090521-09a4-4c56-934a-7b6f39490984","local_time":"20190126205933","is_ascension_mode":false,"campfire_choices":[{"data":"Strike_R","floor":10,"key":"PURGE"},{"data":"Strike_R","floor":15,"key":"PURGE"},{"data":"Defend_R","floor":23,"key":"PURGE"},{"floor":25,"key":"REST"},{"data":"Defend_R","floor":28,"key":"PURGE"},{"floor":32,"key":"REST"}],"neow_cost":"NONE","seed_source_timestamp":615611467111321,"circlet_count":0,"master_deck":["Strike_R+1","Bash+1","Feed","Rampage","Shrug It Off","Shrug It Off","Spot Weakness+1","Limit Break"],"relics":["Burning Blood","NeowsBlessing","Peace Pipe","Orichalcum","Red Skull","Orrery","Strawberry","Ancient Tea Set","Bag of Preparation","Tiny House"],"potions_floor_usage":[16,24,27,31,33,38,40,40],"damage_taken":[{"damage":0,"enemies":"Small Slimes","floor":1,"turns":1},{"damage":0,"enemies":"2 Louse","floor":6,"turns":1},{"damage":0,"enemies":"Lagavulin","floor":7,"turns":1},{"damage":1,"enemies":"Jaw Worm","floor":13,"turns":3},{"damage":12,"enemies":"3 Louse","floor":14,"turns":3},{"damage":46,"enemies":"The Guardian","floor":16,"turns":7},{"damage":16,"enemies":"Shell Parasite","floor":18,"turns":8},{"damage":32,"enemies":"3 Byrds","floor":19,"turns":7},{"damage":28,"enemies":"Snake Plant","floor":20,"turns":3},{"damage":22,"enemies":"3 Cultists","floor":22,"turns":5},{"damage":6,"enemies":"Snecko","floor":24,"turns":4},{"damage":26,"enemies":"Centurion and Healer","floor":27,"turns":5},{"damage":0,"enemies":"Chosen and Byrds","floor":30,"turns":4},{"damage":42,"enemies":"Slavers","floor":31,"turns":6},{"damage":51,"enemies":"Automaton","floor":33,"turns":8},{"damage":27,"enemies":"Orb Walker","floor":35,"turns":5},{"damage":41,"enemies":"3 Darklings","floor":37,"turns":7},{"damage":25,"enemies":"4 Shapes","floor":38,"turns":7},{"damage":67,"enemies":"Giant Head","floor":40,"turns":7}],"seed_played":"-6605987312159359996","potions_obtained":[{"floor":1,"key":"Weak Potion"},{"floor":7,"key":"Block Potion"},{"floor":14,"key":"AttackPotion"},{"floor":16,"key":"Energy Potion"},{"floor":19,"key":"Swift Potion"},{"floor":27,"key":"Fruit Juice"},{"floor":30,"key":"Dexterity Potion"},{"floor":34,"key":"SpeedPotion"},{"floor":37,"key":"BloodPotion"},{"floor":38,"key":"BloodPotion"}],"is_trial":false,"path_per_floor":["M","?","?","$","?","M","E","$","T","R","?","$","M","M","R","B",null,"M","M","M","$","M","R","M","R","T","M","R","?","M","E","R","B",null,"M","$","M","M","?","E"],"character_chosen":"IRONCLAD","items_purchased":["Strawberry","Limit Break"],"campfire_rested":2,"item_purchase_floors":[21,36],"current_hp_per_floor":[80,64,52,52,52,58,64,64,64,64,64,64,69,63,63,23,80,73,50,31,38,25,25,28,58,58,46,46,46,55,22,56,11,121,100,100,68,64,52,0],"gold":136,"neow_bonus":"THREE_ENEMY_KILL","is_prod":false,"is_daily":false,"chose_seed":false,"campfire_upgraded":0,"win_rate":0,"timestamp":1548548973,"path_taken":["M","?","?","?","?","?","E","$","T","R","?","$","M","M","R","BOSS","M","M","M","$","M","R","M","R","T","?","R","?","M","E","R","BOSS","M","$","M","M","?","E"],"build_version":"2019-01-23","purchased_purges":4,"victory":false,"max_hp_per_floor":[80,80,80,80,80,80,80,80,80,80,80,80,80,80,80,80,80,83,86,89,96,99,99,102,102,102,110,110,110,113,116,116,116,121,121,121,124,127,127,127],"card_choices":[{"not_picked":["Fire Breathing","Flex","Disarm"],"picked":"SKIP","floor":1},{"not_picked":["Clash","Twin Strike","Blood for Blood"],"picked":"SKIP","floor":6},{"not_picked":["Havoc","Heavy Blade","Exhume"],"picked":"SKIP","floor":7},{"not_picked":["Clothesline","Havoc","Hemokinesis"],"picked":"SKIP","floor":13},{"not_picked":["Warcry","Body Slam","Rage"],"picked":"SKIP","floor":14},{"not_picked":["Reaper","Immolate"],"picked":"Feed","floor":16},{"not_picked":["Wild Strike","Anger"],"picked":"Rampage","floor":17},{"not_picked":["Sever Soul","Heavy Blade"],"picked":"Shrug It Off","floor":17},{"not_picked":["Headbutt","Twin Strike"],"picked":"Shrug It Off","floor":17},{"not_picked":["Cleave","Dropkick+1"],"picked":"Spot Weakness+1","floor":18},{"not_picked":["Ghostly Armor","Carnage","Brutality"],"picked":"SKIP","floor":19},{"not_picked":["Perfected Strike+1","Cleave+1","Shrug It Off+1"],"picked":"SKIP","floor":20},{"not_picked":["Rage","Iron Wave+1","Sword Boomerang"],"picked":"SKIP","floor":22},{"not_picked":["Flame Barrier","Perfected Strike","Pommel Strike"],"picked":"SKIP","floor":24},{"not_picked":["True Grit+1","Sword Boomerang+1","Sentinel+1"],"picked":"SKIP","floor":27},{"not_picked":["Disarm+1","Dropkick","Anger"],"picked":"SKIP","floor":30},{"not_picked":["Iron Wave","Perfected Strike","Flame Barrier"],"picked":"SKIP","floor":31},{"not_picked":["Wild Strike","Flex","Clash+1"],"picked":"SKIP","floor":35},{"not_picked":["Anger+1","Twin Strike+1","Heavy Blade"],"picked":"SKIP","floor":37},{"not_picked":["Heavy Blade+1","Thunderclap","Dual Wield"],"picked":"SKIP","floor":38}],"player_experience":236414,"relics_obtained":[{"floor":7,"key":"Orichalcum"},{"floor":9,"key":"Red Skull"},{"floor":26,"key":"Ancient Tea Set"},{"floor":31,"key":"Bag of Preparation"}],"event_choices":[{"damage_healed":0,"gold_gain":0,"player_choice":"Entered Light","damage_taken":16,"max_hp_gain":0,"max_hp_loss":0,"event_name":"Shining Light","floor":2,"gold_loss":0,"cards_upgraded":["Strike_R","Strike_R"]},{"damage_healed":0,"gold_gain":0,"player_choice":"Success","damage_taken":12,"relics_obtained":["Peace Pipe"],"max_hp_gain":0,"max_hp_loss":0,"event_name":"Scrap Ooze","floor":3,"gold_loss":0},{"damage_healed":0,"gold_gain":175,"player_choice":"AGREE","damage_taken":0,"max_hp_gain":0,"max_hp_loss":0,"event_name":"Liars Game","floor":5,"gold_loss":0,"cards_obtained":["Doubt"]},{"damage_healed":0,"gold_gain":0,"player_choice":"Bought 0 Potions","damage_taken":0,"max_hp_gain":0,"max_hp_loss":0,"event_name":"The Woman in Blue","floor":11,"gold_loss":0},{"cards_removed":["Defend_R"],"damage_healed":0,"gold_gain":0,"player_choice":"Gave Gold","damage_taken":0,"max_hp_gain":0,"max_hp_loss":0,"event_name":"Beggar","floor":29,"gold_loss":75},{"damage_healed":0,"gold_gain":75,"player_choice":"Touch","damage_taken":12,"max_hp_gain":0,"max_hp_loss":0,"event_name":"FaceTrader","floor":39,"gold_loss":0}],"is_beta":false,"boss_relics":[{"not_picked":["Coffee Dripper","Astrolabe"],"picked":"Orrery"},{"not_picked":["Fusion Hammer","Sozu"],"picked":"Tiny House"}],"items_purged_floors":[4,8,21,36],"is_endless":false,"potions_floor_spawned":[1,7,14,16,19,20,27,30,37,38],"killed_by":"Giant Head","ascension_level":0}