{"gold_per_floor":[111,125,135,147,158,191,203,228,240,265,310,337,368,399,411,523,535,557,579,607,494,494,494,3,23,23,23,23,23,23,35,35,35],"floor_reached":33,"playtime":3231,"items_purged":["Strike_R","Strike_R"],"score":265,"play_id":"911fb674-d487-4648-9704-24f1d9ee01f3","local_time":"20190121230817","is_ascension_mode":false,"campfire_choices":[{"data":"Armaments","floor":7,"key":"SMITH"},{"data":"Barricade","floor":15,"key":"SMITH"},{"floor":23,"key":"REST"},{"floor":27,"key":"REST"},{"floor":32,"key":"REST"}],"neow_cost":"NONE","seed_source_timestamp":599340375865856,"circlet_count":0,"master_deck":["Strike_R","Strike_R","Defend_R","Defend_R","Defend_R","Bash","Intimidate","Headbutt","Flex","Ghostly Armor","Armaments+1","Uppercut","Offering","Warcry","Heavy Blade+1","Barricade+1","Pommel Strike+1","Demon Form","Bloodletting+1","Heavy Blade+1","Corruption","Armaments+1","Fiend Fire+1","Limit Break","Violence","Ghostly Armor","Decay","Armaments+1"],"relics":["Burning Blood","Strawberry","MawBank","Sundial","Molten Egg 2","Empty Cage","Potion Belt"],"potions_floor_usage":[6,6,11,16,20,20,25,33],"damage_taken":[{"damage":10,"enemies":"Cultist","floor":1,"turns":4},{"damage":0,"enemies":"Small Slimes","floor":2,"turns":5},{"damage":1,"enemies":"2 Louse","floor":3,"turns":3},{"damage":12,"enemies":"Exordium Wildlife","floor":4,"turns":4},{"damage":9,"enemies":"Blue Slaver","floor":5,"turns":4},{"damage":5,"enemies":"Gremlin Nob","floor":6,"turns":3},{"damage":10,"enemies":"2 Fungi Beasts","floor":8,"turns":3},{"damage":7,"enemies":"Exordium Wildlife","floor":10,"turns":5},{"damage":12,"enemies":"3 Sentries","floor":11,"turns":5},{"damage":7,"enemies":"Exordium Thugs","floor":12,"turns":4},{"damage":5,"enemies":"Looter","floor":13,"turns":3},{"damage":6,"enemies":"Large Slime","floor":14,"turns":4},{"damage":22,"enemies":"Slime Boss","floor":16,"turns":5},{"damage":24,"enemies":"Chosen","floor":18,"turns":6},{"damage":68,"enemies":"3 Byrds","floor":19,"turns":7},{"damage":5,"enemies":"Snecko","floor":20,"turns":6},{"damage":32,"enemies":"Centurion and Healer","floor":25,"turns":5},{"damage":18,"enemies":"Snake Plant","floor":31,"turns":5},{"damage":56,"enemies":"Collector","floor":33,"turns":5}],"seed_played":"-729041008463379635","potions_obtained":[{"floor":2,"key":"Strength Potion"},{"floor":3,"key":"SteroidPotion"},{"floor":5,"key":"Dexterity Potion"},{"floor":6,"key":"AttackPotion"},{"floor":12,"key":"SteroidPotion"},{"floor":14,"key":"SpeedPotion"},{"floor":20,"key":"EssenceOfSteel"},{"floor":31,"key":"Swift Potion"}],"is_trial":false,"path_per_floor":["M","M","M","M","M","E","R","M","T","M","E","M","M","M","R","B",null,"M","M","M","$","?","R","$","M","T","R","?","?","$","M","R","B"],"character_chosen":"IRONCLAD","items_purchased":["Armaments","Fiend Fire+1","Limit Break","Violence"],"campfire_rested":3,"item_purchase_floors":[21,24,24,24],"current_hp_per_floor":[83,87,87,81,78,79,79,75,75,74,68,67,68,68,68,52,87,69,7,8,8,8,34,34,8,8,34,34,34,34,22,48,0],"gold":35,"neow_bonus":"RANDOM_COMMON_RELIC","is_prod":false,"is_daily":false,"chose_seed":false,"campfire_upgraded":2,"win_rate":0.0,"timestamp":1548079697,"path_taken":["M","M","M","M","M","E","R","M","T","M","E","M","M","M","R","BOSS","M","M","M","$","?","R","$","?","T","R","?","?","?","M","R","BOSS"],"build_version":"2019-01-17v2","purchased_purges":2,"victory":false,"max_hp_per_floor":[87,87,87,87,87,87,87,87,87,87,87,87,87,87,87,87,87,87,87,87,87,87,87,87,87,87,87,87,87,87,87,87,87],"card_choices":[{"not_picked":["Body Slam","True Grit"],"picked":"Intimidate","floor":1},{"not_picked":["Sword Boomerang","Ghostly Armor"],"picked":"Headbutt","floor":2},{"not_picked":["Iron Wave","Bloodletting"],"picked":"Flex","floor":3},{"not_picked":["Iron Wave","Power Through"],"picked":"Ghostly Armor","floor":4},{"not_picked":["Anger","Flex"],"picked":"Armaments","floor":5},{"not_picked":["Twin Strike","True Grit"],"picked":"Uppercut","floor":6},{"not_picked":["Warcry","Shrug It Off"],"picked":"Offering","floor":8},{"not_picked":["Sword Boomerang","Iron Wave"],"picked":"Warcry","floor":10},{"not_picked":["Perfected Strike","Whirlwind"],"picked":"Heavy Blade","floor":11},{"not_picked":["Second Wind","Warcry"],"picked":"Barricade","floor":12},{"not_picked":["Warcry","Second Wind","Armaments"],"picked":"SKIP","floor":13},{"not_picked":["Blood for Blood+1","Cleave+1"],"picked":"Pommel Strike+1","floor":14},{"not_picked":["Impervious","Offering"],"picked":"Demon Form","floor":16},{"not_picked":["Combust","Seeing Red"],"picked":"Bloodletting+1","floor":18},{"not_picked":["Clothesline+1","Uppercut+1"],"picked":"Heavy Blade+1","floor":19},{"not_picked":["Armaments","Flex"],"picked":"Corruption","floor":20},{"not_picked":["Reckless Charge+1","Headbutt+1"],"picked":"Ghostly Armor","floor":25},{"not_picked":["Heavy Blade+1","Thunderclap+1"],"picked":"Armaments+1","floor":31}],"player_experience":23651,"relics_obtained":[{"floor":6,"key":"MawBank"},{"floor":9,"key":"Sundial"},{"floor":11,"key":"Molten Egg 2"},{"floor":26,"key":"Potion Belt"}],"event_choices":[{"damage_healed":0,"gold_gain":0,"player_choice":"Upgraded","damage_taken":0,"max_hp_gain":0,"max_hp_loss":0,"event_name":"Upgrade Shrine","floor":22,"gold_loss":0,"cards_upgraded":["Armaments"]},{"damage_healed":0,"gold_gain":0,"player_choice":"Smashed Altar","damage_taken":0,"max_hp_gain":0,"max_hp_loss":0,"event_name":"Forgotten Altar","floor":28,"gold_loss":0,"cards_obtained":["Decay"]},{"damage_healed":0,"gold_gain":0,"player_choice":"Ignored","damage_taken":0,"max_hp_gain":0,"max_hp_loss":0,"event_name":"Ghosts","floor":29,"gold_loss":0}],"is_beta":false,"boss_relics":[{"not_picked":["Calling Bell","Runic Cube"],"picked":"Empty Cage"}],"items_purged_floors":[21,24],"is_endless":false,"potions_floor_spawned":[2,3,5,6,12,14,20,31],"killed_by":"Collector","ascension_level":0}