{"gold_per_floor":[16,16,32,32,32,32,45,55,81,91,111,23,40,40,40,137,137,147,147,112,125,50,50,50,64,64,64,64,74,89,89],"floor_reached":31,"playtime":840,"items_purged":["Defend_B"],"score":229,"play_id":"5dd9105e-5a0a-47e1-b733-1e36058430d3","local_time":"20190202001716","is_ascension_mode":false,"campfire_choices":[{"data":"Zap","floor":6,"key":"SMITH"},{"data":"Static Discharge","floor":15,"key":"SMITH"},{"data":"Storm","floor":23,"key":"SMITH"},{"data":"Streamline","floor":27,"key":"SMITH"}],"neow_cost":"NO_GOLD","seed_source_timestamp":271791781565679,"circlet_count":0,"master_deck":["Strike_B","Defend_B","Defend_B","Defend_B","Zap+1","Dualcast","Streamline+1","Leap","BootSequence","Compile Driver","Echo Form","Heatsinks","Cold Snap","Static Discharge+1","Seek","Leap","Storm+1","Doom and Gloom","Force Field","Double Energy"],"relics":["Cracked Core"],"potions_floor_usage":[21,31],"damage_taken":[{"damage":1,"enemies":"2 Louse","floor":1,"turns":2},{"damage":1,"enemies":"Jaw Worm","floor":3,"turns":3},{"damage":1,"enemies":"Cultist","floor":7,"turns":3},{"damage":1,"enemies":"Looter","floor":8,"turns":3},{"damage":0,"enemies":"3 Louse","floor":10,"turns":3},{"damage":7,"enemies":"Exordium Wildlife","floor":11,"turns":4},{"damage":0,"enemies":"Looter","floor":13,"turns":3},{"damage":37,"enemies":"Hexaghost","floor":16,"turns":7},{"damage":5,"enemies":"3 Byrds","floor":18,"turns":2},{"damage":10,"enemies":"Spheric Guardian","floor":21,"turns":3},{"damage":19,"enemies":"Centurion and Healer","floor":25,"turns":5},{"damage":13,"enemies":"Cultist and Chosen","floor":29,"turns":5},{"damage":15,"enemies":"Snecko","floor":30,"turns":4},{"damage":19,"enemies":"Centurion and Healer","floor":31,"turns":4}],"seed_played":"4624496483424506214","potions_obtained":[{"floor":3,"key":"Explosive Potion"},{"floor":7,"key":"FearPotion"},{"floor":11,"key":"Ancient Potion"},{"floor":13,"key":"Fire Potion"},{"floor":16,"key":"AttackPotion"},{"floor":25,"key":"LiquidBronze"}],"is_trial":false,"path_per_floor":["M","?","M","?","?","R","M","M","T","M","M","$","M","?","R","B",null,"M","?","$","M","$","R","?","M","T","R","$","M","M","M"],"character_chosen":"DEFECT","items_purchased":["Heatsinks","Cold Snap","Storm"],"campfire_rested":0,"item_purchase_floors":[12,12,20],"current_hp_per_floor":[74,74,73,73,73,73,72,71,71,71,64,64,64,69,69,32,80,75,75,75,65,65,65,65,46,46,46,46,33,18,0],"gold":89,"neow_bonus":"REMOVE_TWO","is_prod":false,"is_daily":false,"chose_seed":false,"campfire_upgraded":4,"win_rate":0,"timestamp":1549079236,"path_taken":["M","?","M","?","?","R","M","M","T","?","M","$","M","?","R","BOSS","M","?","$","M","$","R","?","M","T","R","?","M","M","M"],"build_version":"2019-01-23","purchased_purges":1,"victory":false,"max_hp_per_floor":[75,75,75,75,75,75,75,75,75,75,75,75,75,80,80,80,80,80,80,80,80,80,80,80,80,80,80,80,80,80,80],"card_choices":[{"not_picked":["Streamline","Recycle","Reprogram"],"picked":"SKIP","floor":1},{"not_picked":["Consume","Barrage"],"picked":"Leap","floor":3},{"not_picked":["Redo","Reinforced Body"],"picked":"BootSequence","floor":7},{"not_picked":["Genetic Algorithm","Consume"],"picked":"Compile Driver","floor":8},{"not_picked":["Go for the Eyes","Gash"],"picked":"Echo Form","floor":10},{"not_picked":["Aggregate","Beam Cell","Turbo"],"picked":"SKIP","floor":11},{"not_picked":["Rebound","Turbo"],"picked":"Static Discharge","floor":13},{"not_picked":["All For One","Echo Form"],"picked":"Seek","floor":16},{"not_picked":["Undo","Steam+1"],"picked":"Leap","floor":18},{"not_picked":["Stack","Cold Snap"],"picked":"Doom and Gloom","floor":21},{"not_picked":["Hologram","Undo"],"picked":"Force Field","floor":25},{"not_picked":["Turbo","Gash+1","Rebound"],"picked":"SKIP","floor":29},{"not_picked":["Steam Power","Auto Shields"],"picked":"Double Energy","floor":30}],"player_experience":314867,"relics_obtained":[],"event_choices":[{"damage_healed":0,"gold_gain":0,"cards_transformed":["Strike_B"],"player_choice":"Change","damage_taken":0,"max_hp_gain":0,"max_hp_loss":0,"event_name":"Living Wall","floor":2,"gold_loss":0,"cards_obtained":["Streamline"]},{"damage_healed":0,"gold_gain":0,"player_choice":"Ignored","damage_taken":0,"max_hp_gain":0,"max_hp_loss":0,"event_name":"Golden Idol","floor":4,"gold_loss":0},{"damage_healed":0,"gold_gain":0,"player_choice":"Ignored","damage_taken":0,"max_hp_gain":0,"max_hp_loss":0,"event_name":"WeMeetAgain","floor":5,"gold_loss":0},{"damage_healed":0,"gold_gain":0,"player_choice":"Donut","damage_taken":0,"max_hp_gain":5,"max_hp_loss":0,"event_name":"Big Fish","floor":14,"gold_loss":0},{"damage_healed":0,"gold_gain":0,"player_choice":"Ignored","damage_taken":0,"max_hp_gain":0,"max_hp_loss":0,"event_name":"Ghosts","floor":19,"gold_loss":0},{"damage_healed":0,"gold_gain":0,"player_choice":"Ignored","damage_taken":0,"max_hp_gain":0,"max_hp_loss":0,"event_name":"Vampires","floor":24,"gold_loss":0}],"is_beta":false,"boss_relics":[{"not_picked":["Runic Dome","Snecko Eye","Sozu"]}],"items_purged_floors":[22],"is_endless":false,"potions_floor_spawned":[3,7,11,13,16,25,29,30],"killed_by":"Centurion and Healer","ascension_level":0}