{"gold_per_floor":[109,73,23,23,37,66,66,100,123,123,157,167,167,184,184,283,283,298,298],"floor_reached":19,"playtime":1353,"items_purged":[],"score":222,"play_id":"f08135d0-d297-4c64-9aab-af5b4f73d743","local_time":"20190130011716","is_ascension_mode":true,"campfire_choices":[{"floor":7.0,"key":"REST"},{"floor":13.0,"key":"REST"},{"floor":15.0,"key":"REST"}],"neow_cost":"NONE","seed_source_timestamp":184582285292579,"circlet_count":0,"master_deck":["Defend_G","Defend_G","Defend_G","Defend_G","Defend_G","Strike_G","Strike_G","Strike_G","Strike_G","Survivor","Neutralize","Blade Dance","Infinite Blades","Cloak And Dagger","Cloak And Dagger","Finisher","A Thousand Cuts","Outmaneuver+1"],"special_seed":0,"relics":["Ring of the Snake","Bag of Preparation","Matryoshka","Paper Crane","Happy Flower","Du-Vu Doll","Runic Pyramid"],"potions_floor_usage":[],"damage_taken":[{"damage":5.0,"enemies":"Small Slimes","floor":1.0,"turns":4.0},{"damage":0.0,"enemies":"2 Louse","floor":5.0,"turns":3.0},{"damage":39.0,"enemies":"Lagavulin","floor":6.0,"turns":11.0},{"damage":17.0,"enemies":"3 Sentries","floor":8.0,"turns":13.0},{"damage":24.0,"enemies":"Gremlin Nob","floor":11.0,"turns":5.0},{"damage":0.0,"enemies":"Cultist","floor":12.0,"turns":3.0},{"damage":5.0,"enemies":"Exordium Thugs","floor":14.0,"turns":7.0},{"damage":39.0,"enemies":"Hexaghost","floor":16.0,"turns":13.0},{"damage":3,"enemies":"3 Byrds","floor":18,"turns":4},{"damage":29,"enemies":"Colosseum Slavers","floor":19,"turns":7},{"damage":48,"enemies":"Colosseum Nobs","floor":19,"turns":5}],"seed_played":"-4515700224885062219","potions_obtained":[{"floor":8.0,"key":"AttackPotion"},{"floor":10.0,"key":"Poison Potion"},{"floor":10.0,"key":"SteroidPotion"},{"floor":10.0,"key":"GhostInAJar"}],"is_trial":false,"path_per_floor":["M","$","?","$","M","E","R","E","T","?","E","M","R","M","R","B",null,"M","?"],"character_chosen":"THE_SILENT","items_purchased":["Infinite Blades"],"campfire_rested":3,"item_purchase_floors":[2],"current_hp_per_floor":[72,72,72,72,72,33,56,39,39,39,15,15,38,33,56,17,77,74,0],"gold":298,"neow_bonus":"TEN_PERCENT_HP_BONUS","is_prod":false,"is_daily":false,"chose_seed":false,"campfire_upgraded":0,"win_rate":0,"timestamp":1548832636,"path_taken":["M","$","?","$","M","E","R","E","T","?","E","?","R","M","R","BOSS","M","?"],"build_version":"2019-01-23","purchased_purges":0,"victory":false,"max_hp_per_floor":[77,77,77,77,77,77,77,77,77,77,77,77,77,77,77,77,77,77,77],"card_choices":[{"not_picked":["Outmaneuver","Crippling Poison"],"picked":"Blade Dance","floor":1.0},{"not_picked":["Tactician","Reflex","Bane"],"picked":"SKIP","floor":5.0},{"not_picked":["Blade Dance","Dagger Spray"],"picked":"Cloak And Dagger","floor":6.0},{"not_picked":["Underhanded Strike","Masterful Stab","Corpse Explosion"],"picked":"SKIP","floor":8.0},{"not_picked":["Expertise","Unload","Predator"],"picked":"SKIP","floor":11.0},{"not_picked":["Quick Slash","Masterful Stab"],"picked":"Cloak And Dagger","floor":12.0},{"not_picked":["Backflip","Underhanded Strike"],"picked":"Finisher","floor":14.0},{"not_picked":["Malaise","Doppelganger"],"picked":"A Thousand Cuts","floor":16.0},{"not_picked":["Bouncing Flask","Catalyst+1"],"picked":"Outmaneuver+1","floor":18}],"player_experience":271726,"relics_obtained":[{"floor":6.0,"key":"Bag of Preparation"},{"floor":8.0,"key":"Matryoshka"},{"floor":9.0,"key":"Paper Crane"},{"floor":9.0,"key":"Happy Flower"},{"floor":11.0,"key":"Du-Vu Doll"}],"event_choices":[{"cards_removed":["Strike_G"],"damage_healed":0.0,"max_hp_gain":0.0,"max_hp_loss":0.0,"gold_gain":0.0,"event_name":"The Cleric","player_choice":"Card Removal","floor":3.0,"gold_loss":50.0,"damage_taken":0.0},{"damage_healed":0.0,"max_hp_gain":0.0,"max_hp_loss":0.0,"gold_gain":0.0,"event_name":"Lab","player_choice":"Got Potions","floor":10.0,"gold_loss":0.0,"damage_taken":0.0},{"damage_healed":0,"gold_gain":0,"player_choice":"Fight","damage_taken":0,"max_hp_gain":0,"max_hp_loss":0,"event_name":"Colosseum","floor":19,"gold_loss":0},{"damage_healed":0,"gold_gain":0,"player_choice":"Fought Nobs","damage_taken":0,"max_hp_gain":0,"max_hp_loss":0,"event_name":"Colosseum","floor":19,"gold_loss":0}],"is_beta":false,"boss_relics":[{"not_picked":["Busted Crown","Astrolabe"],"picked":"Runic Pyramid"}],"items_purged_floors":[],"is_endless":false,"potions_floor_spawned":[8,11,12,14],"killed_by":"Colosseum Nobs","ascension_level":4}