{"gold_per_floor":[109,109,127,17,92,125,125,125,125,138,158,158],"floor_reached":12,"playtime":257,"items_purged":["Strike_B"],"score":78,"play_id":"ac4a7f3b-6467-47af-96e7-995ada4dbeb7","local_time":"20190130195217","is_ascension_mode":false,"campfire_choices":[{"data":"Sunder","floor":7,"key":"SMITH"}],"neow_cost":"CURSE","seed_source_timestamp":83676648901371,"circlet_count":0,"master_deck":["Strike_B","Strike_B","Strike_B","Defend_B","Defend_B","Defend_B","Defend_B","Zap","Dualcast","Fission","Sunder+1","Heatsinks","White Noise","Consume"],"relics":["Cracked Core","Omamori","Singing Bowl"],"potions_floor_usage":[6,11],"damage_taken":[{"damage":8,"enemies":"2 Louse","floor":1,"turns":3},{"damage":0,"enemies":"Small Slimes","floor":3,"turns":3},{"damage":16,"enemies":"Gremlin Nob","floor":6,"turns":4},{"damage":11,"enemies":"Jaw Worm","floor":10,"turns":3},{"damage":14,"enemies":"Exordium Thugs","floor":11,"turns":2},{"damage":0,"enemies":"Exordium Wildlife","floor":12,"turns":1}],"seed_played":"-8262606484552822816","potions_obtained":[{"floor":1,"key":"PowerPotion"},{"floor":6,"key":"Swift Potion"},{"floor":11,"key":"Energy Potion"}],"is_trial":false,"path_per_floor":["M","?","M","$","?","E","R","?","T","M","M","M"],"character_chosen":"DEFECT","items_purchased":["White Noise"],"campfire_rested":0,"item_purchase_floors":[4],"current_hp_per_floor":[67,60,60,60,49,33,33,26,26,15,3,3],"gold":158,"neow_bonus":"THREE_RARE_CARDS","is_prod":false,"is_daily":false,"chose_seed":false,"campfire_upgraded":1,"win_rate":0,"timestamp":1548890537,"path_taken":["M","?","M","$","?","E","R","?","T","M","M","?"],"build_version":"2019-01-23","purchased_purges":1,"victory":false,"max_hp_per_floor":[75,75,75,75,75,75,75,75,75,75,77,77],"card_choices":[{"not_picked":["Amplify","Hyperbeam"],"picked":"Fission","floor":0},{"not_picked":["Conserve Battery","Redo"],"picked":"Sunder","floor":1},{"not_picked":["Barrage","Aggregate"],"picked":"Heatsinks","floor":3},{"not_picked":["Recycle","Gash","Steam"],"picked":"SKIP","floor":6},{"not_picked":["Lockon","Ball Lightning"],"picked":"Consume","floor":10},{"not_picked":["Ball Lightning","Aggregate","Chill"],"picked":"Singing Bowl","floor":11}],"player_experience":277473,"relics_obtained":[{"floor":6,"key":"Omamori"},{"floor":9,"key":"Singing Bowl"}],"event_choices":[{"cards_removed":["Clumsy"],"damage_healed":0,"gold_gain":0,"player_choice":"Card Removal","damage_taken":7,"max_hp_gain":0,"max_hp_loss":0,"event_name":"Golden Wing","floor":2,"gold_loss":0},{"damage_healed":0,"gold_gain":75,"player_choice":"Gather Gold","damage_taken":11,"max_hp_gain":0,"max_hp_loss":0,"event_name":"World of Goop","floor":5,"gold_loss":0},{"damage_healed":0,"gold_gain":0,"player_choice":"Damaged","damage_taken":7,"max_hp_gain":0,"max_hp_loss":0,"event_name":"Wheel of Change","floor":8,"gold_loss":0}],"is_beta":false,"boss_relics":[],"items_purged_floors":[4],"is_endless":false,"potions_floor_spawned":[1,6,11],"killed_by":"Exordium Wildlife","ascension_level":0}