{"gold_per_floor":[114,114,189,464,389,415,415,449,502,502,514,529,543,563,563,563],"floor_reached":16,"playtime":441,"items_purged":["Regret"],"score":110,"play_id":"8ba0bb41-54f3-409a-8561-a337fb604d8a","local_time":"20190130213153","is_ascension_mode":false,"campfire_choices":[{"data":"Flame Barrier","floor":7,"key":"SMITH"},{"floor":10,"key":"REST"},{"floor":15,"key":"REST"}],"neow_cost":"NONE","seed_source_timestamp":89468078809408,"circlet_count":0,"master_deck":["Strike_R","Strike_R","Strike_R","Strike_R","Strike_R","Defend_R","Defend_R","Defend_R","Bash","Flame Barrier+1"],"relics":["Burning Blood","Ornamental Fan","The Courier","Dream Catcher"],"potions_floor_usage":[6,8,8,16],"damage_taken":[{"damage":5,"enemies":"Small Slimes","floor":1,"turns":3},{"damage":30,"enemies":"3 Sentries","floor":6,"turns":9},{"damage":37,"enemies":"Lagavulin","floor":8,"turns":10},{"damage":5,"enemies":"Cultist","floor":11,"turns":4},{"damage":4,"enemies":"Jaw Worm","floor":12,"turns":5},{"damage":2,"enemies":"3 Louse","floor":13,"turns":3},{"damage":6,"enemies":"Lots of Slimes","floor":14,"turns":4},{"damage":44,"enemies":"Hexaghost","floor":16,"turns":6}],"seed_played":"1390574699854259327","potions_obtained":[{"floor":0,"key":"EntropicBrew"},{"floor":0,"key":"SteroidPotion"},{"floor":0,"key":"FairyPotion"},{"floor":13,"key":"AttackPotion"}],"is_trial":false,"path_per_floor":["M","?","?","?","$","E","R","E","T","R","M","M","M","M","R","B"],"character_chosen":"IRONCLAD","items_purchased":[],"campfire_rested":2,"item_purchase_floors":[],"current_hp_per_floor":[80,73,62,62,62,38,38,7,7,31,32,34,38,38,62,18],"gold":563,"neow_bonus":"THREE_SMALL_POTIONS","is_prod":false,"is_daily":false,"chose_seed":false,"campfire_upgraded":1,"win_rate":0,"timestamp":1548896513,"path_taken":["M","?","?","?","$","E","R","E","T","R","?","M","M","M","R","BOSS"],"build_version":"2019-01-23","purchased_purges":1,"victory":false,"max_hp_per_floor":[80,80,80,80,80,80,80,80,80,80,80,80,80,80,80,80],"card_choices":[{"not_picked":["Wild Strike","Headbutt"],"picked":"Flame Barrier","floor":1},{"not_picked":["Anger","Pummel","Twin Strike"],"picked":"SKIP","floor":6},{"not_picked":["Warcry","Perfected Strike","Seeing Red"],"picked":"SKIP","floor":8},{"not_picked":["Anger","Sentinel","Thunderclap"],"picked":"SKIP","floor":11},{"not_picked":["Limit Break","Armaments","Perfected Strike"],"picked":"SKIP","floor":12},{"not_picked":["True Grit","Feel No Pain","Sword Boomerang"],"picked":"SKIP","floor":13},{"not_picked":["Iron Wave","Body Slam","Twin Strike"],"picked":"SKIP","floor":14}],"player_experience":280190,"relics_obtained":[{"floor":6,"key":"Ornamental Fan"},{"floor":8,"key":"The Courier"},{"floor":9,"key":"Dream Catcher"}],"event_choices":[{"cards_removed":["Defend_R"],"damage_healed":0,"gold_gain":0,"player_choice":"Card Removal","damage_taken":7,"max_hp_gain":0,"max_hp_loss":0,"event_name":"Golden Wing","floor":2,"gold_loss":0},{"damage_healed":0,"gold_gain":75,"player_choice":"Gather Gold","damage_taken":11,"max_hp_gain":0,"max_hp_loss":0,"event_name":"World of Goop","floor":3,"gold_loss":0},{"damage_healed":0,"gold_gain":275,"player_choice":"Desecrate","damage_taken":0,"max_hp_gain":0,"max_hp_loss":0,"event_name":"Golden Shrine","floor":4,"gold_loss":0,"cards_obtained":["Regret"]}],"is_beta":false,"boss_relics":[],"items_purged_floors":[5],"is_endless":false,"potions_floor_spawned":[13,14],"killed_by":"Hexaghost","ascension_level":0}