{"gold_per_floor":[117,135,149,163,182,182,215,235,235,254,254,47,47,76,76,173,173,193,44,36,97,147,147,174,174,174,174,186,200,231,281,281,379,379,393,410,12,62,79,79,99,111,111,127,127,27,38,53,53,53],"floor_reached":51,"playtime":3891,"items_purged":["Defend_G","Writhe"],"score":762,"play_id":"c4c4a21e-6e9e-43be-af55-894037f4fdf2","local_time":"20190124233615","is_ascension_mode":true,"campfire_choices":[{"data":"Catalyst","floor":6,"key":"SMITH"},{"floor":13,"key":"REST"},{"floor":15,"key":"REST"},{"data":"Envenom","floor":23,"key":"SMITH"},{"floor":25,"key":"REST"},{"floor":27,"key":"REST"},{"floor":32,"key":"REST"},{"floor":40,"key":"DIG"},{"floor":45,"key":"DIG"},{"floor":49,"key":"REST"}],"neow_cost":"NONE","seed_source_timestamp":9520814762328,"circlet_count":0,"master_deck":["Defend_G","Defend_G","Defend_G","Survivor","Neutralize","Quick Slash","Masterful Stab","Bouncing Flask","Bouncing Flask","Catalyst+1","Wraith Form v2","Noxious Fumes","Escape Plan","Backflip","Envenom+1","Well Laid Plans","Backstab+1","Blade Dance+1","Noxious Fumes","After Image+1","Bite","Bite","Bite","Bite","Bite","Night Terror+1","Acrobatics+1","Footwork+1","Bandage Up+1","The Bomb+1","Deadly Poison+1","Blade Dance+1","Backstab+1","Acrobatics+1","Prepared+1","Prepared+1"],"relics":["Ring of the Snake","NeowsBlessing","Centennial Puzzle","Potion Belt","SsserpentHead","Question Card","Shovel","Busted Crown","Vajra","Snake Skull","Letter Opener","Toxic Egg 2","Boot","Frozen Egg 2","Fusion Hammer","Bottled Flame","Oddly Smooth Stone","Mercury Hourglass"],"potions_floor_usage":[14,24,24,30,30,50,50,50,50,50],"damage_taken":[{"damage":0,"enemies":"2 Louse","floor":1,"turns":1},{"damage":0,"enemies":"Cultist","floor":2,"turns":1},{"damage":0,"enemies":"Small Slimes","floor":3,"turns":1},{"damage":4,"enemies":"Blue Slaver","floor":4,"turns":2},{"damage":4,"enemies":"Looter","floor":5,"turns":4},{"damage":13,"enemies":"Gremlin Nob","floor":7,"turns":3},{"damage":0,"enemies":"Large Slime","floor":8,"turns":4},{"damage":28,"enemies":"Gremlin Gang","floor":10,"turns":5},{"damage":20,"enemies":"3 Sentries","floor":14,"turns":5},{"damage":26,"enemies":"Hexaghost","floor":16,"turns":7},{"damage":10,"enemies":"3 Byrds","floor":18,"turns":5},{"damage":0,"enemies":"Chosen","floor":21,"turns":3},{"damage":64,"enemies":"Slavers","floor":24,"turns":4},{"damage":12,"enemies":"Snake Plant","floor":28,"turns":3},{"damage":12,"enemies":"Centurion and Healer","floor":29,"turns":3},{"damage":4,"enemies":"Gremlin Leader","floor":30,"turns":4},{"damage":16,"enemies":"Champ","floor":33,"turns":7},{"damage":25,"enemies":"3 Darklings","floor":35,"turns":4},{"damage":1,"enemies":"3 Shapes","floor":36,"turns":4},{"damage":0,"enemies":"Maw","floor":39,"turns":5},{"damage":0,"enemies":"4 Shapes","floor":41,"turns":4},{"damage":18,"enemies":"Jaw Worm Horde","floor":42,"turns":4},{"damage":11,"enemies":"Maw","floor":44,"turns":5},{"damage":7,"enemies":"Writhing Mass","floor":47,"turns":2},{"damage":3,"enemies":"4 Shapes","floor":48,"turns":3},{"damage":30,"enemies":"Donu and Deca","floor":50,"turns":5}],"seed_played":"5073637195187246328","potions_obtained":[{"floor":2,"key":"LiquidBronze"},{"floor":7,"key":"Weak Potion"},{"floor":8,"key":"FairyPotion"},{"floor":16,"key":"Energy Potion"},{"floor":21,"key":"PowerPotion"},{"floor":28,"key":"Explosive Potion"},{"floor":29,"key":"SteroidPotion"},{"floor":36,"key":"Swift Potion"},{"floor":39,"key":"LiquidBronze"},{"floor":44,"key":"Block Potion"},{"floor":47,"key":"Fire Potion"}],"is_trial":false,"path_per_floor":["M","M","M","M","M","R","E","M","T","M","?","$","R","E","R","B",null,"M","$","?","M","?","R","E","R","T","R","M","M","E","?","R","B",null,"M","M","$","?","M","R","M","M","T","M","R","$","M","M","R","B",null],"character_chosen":"THE_SILENT","items_purchased":["Question Card","Vajra","Bandage Up+1","The Bomb+1","Deadly Poison+1"],"campfire_rested":6,"item_purchase_floors":[12,19,37,37,37],"current_hp_per_floor":[70,70,70,66,62,62,49,49,49,21,21,21,42,22,43,17,70,60,60,60,60,60,60,7,28,28,49,37,25,21,21,35,29,49,30,35,35,35,47,47,47,41,41,36,36,36,29,36,49,25],"gold":53,"neow_bonus":"THREE_ENEMY_KILL","is_prod":false,"is_daily":false,"chose_seed":false,"campfire_upgraded":2,"win_rate":0,"timestamp":1548340575,"path_taken":["M","M","M","M","M","R","E","M","T","M","?","?","R","E","R","BOSS","M","$","?","?","?","R","E","R","T","R","M","M","E","?","R","BOSS","M","M","$","?","M","R","M","M","T","M","R","$","M","M","R","BOSS"],"build_version":"2019-01-23","purchased_purges":2,"victory":true,"max_hp_per_floor":[70,70,70,70,70,70,70,70,70,70,70,70,70,70,70,70,70,70,70,70,70,70,70,70,70,70,70,70,70,70,49,49,49,49,49,49,49,49,49,49,49,49,49,49,49,49,49,49,49,49],"card_choices":[{"not_picked":["Sucker Punch","PiercingWail"],"picked":"Quick Slash","floor":1},{"not_picked":["Deflect","Poisoned Stab"],"picked":"Masterful Stab","floor":2},{"not_picked":["Reflex","Caltrops"],"picked":"Bouncing Flask","floor":3},{"not_picked":["Flechettes","Dagger Spray"],"picked":"Bouncing Flask","floor":4},{"not_picked":["Flying Knee","Skewer"],"picked":"Catalyst","floor":5},{"not_picked":["Tactician","Eviscerate"],"picked":"Wraith Form v2","floor":7},{"not_picked":["Crippling Poison","Blur"],"picked":"Noxious Fumes","floor":8},{"not_picked":["Flying Knee","Reflex"],"picked":"Escape Plan","floor":10},{"not_picked":["Outmaneuver","Predator","Underhanded Strike"],"picked":"Backflip","floor":14},{"not_picked":["Glass Knife","Unload","Storm of Steel"],"picked":"Envenom","floor":16},{"not_picked":["Underhanded Strike","Slice+1"],"picked":"SKIP","floor":18},{"not_picked":["Acrobatics+1"],"picked":"Well Laid Plans","floor":21},{"not_picked":["Heel Hook"],"picked":"Backstab+1","floor":24},{"not_picked":["Predator"],"picked":"Blade Dance+1","floor":28},{"not_picked":["Bouncing Flask+1"],"picked":"Noxious Fumes","floor":29},{"not_picked":["Sucker Punch+1"],"picked":"After Image","floor":30},{"not_picked":["Tools of the Trade+1"],"picked":"Night Terror+1","floor":33},{"not_picked":["Poisoned Stab+1"],"picked":"Acrobatics+1","floor":35},{"not_picked":["Blade Dance+1"],"picked":"Footwork+1","floor":36},{"not_picked":["Bane+1"],"picked":"Blade Dance+1","floor":39},{"not_picked":["Masterful Stab+1"],"picked":"Backstab+1","floor":41},{"not_picked":["Flying Knee","Underhanded Strike+1"],"picked":"SKIP","floor":42},{"not_picked":["Bane+1"],"picked":"Acrobatics+1","floor":44},{"not_picked":["Quick Slash+1"],"picked":"Prepared+1","floor":47},{"not_picked":["Poisoned Stab+1"],"picked":"Prepared+1","floor":48}],"player_experience":57587,"relics_obtained":[{"floor":7,"key":"Centennial Puzzle"},{"floor":9,"key":"Potion Belt"},{"floor":14,"key":"Shovel"},{"floor":24,"key":"Toxic Egg 2"},{"floor":26,"key":"Boot"},{"floor":30,"key":"Frozen Egg 2"},{"floor":40,"key":"Bottled Flame"},{"floor":43,"key":"Oddly Smooth Stone"},{"floor":45,"key":"Mercury Hourglass"}],"event_choices":[{"damage_healed":0,"gold_gain":0,"player_choice":"Trade","damage_taken":0,"relics_obtained":["SsserpentHead"],"max_hp_gain":0,"max_hp_loss":0,"event_name":"FaceTrader","floor":11,"gold_loss":0},{"damage_healed":0,"gold_gain":0,"player_choice":"Paid Gold","damage_taken":0,"relics_obtained":["Snake Skull"],"max_hp_gain":0,"max_hp_loss":0,"event_name":"WeMeetAgain","floor":20,"gold_loss":58},{"damage_healed":0,"gold_gain":0,"player_choice":"Opened","damage_taken":0,"relics_obtained":["Letter Opener"],"max_hp_gain":0,"max_hp_loss":0,"event_name":"The Mausoleum","floor":22,"gold_loss":0,"cards_obtained":["Writhe"]},{"damage_healed":0,"gold_gain":0,"player_choice":"Became a vampire","damage_taken":0,"max_hp_gain":0,"max_hp_loss":21,"event_name":"Vampires","floor":31,"gold_loss":0,"cards_obtained":["Bite","Bite","Bite","Bite","Bite"]},{"cards_removed":["Defend_G"],"damage_healed":0,"gold_gain":0,"player_choice":"Removed Skill","damage_taken":0,"max_hp_gain":0,"max_hp_loss":0,"event_name":"Falling","floor":38,"gold_loss":0}],"is_beta":false,"boss_relics":[{"not_picked":["Runic Pyramid","Tiny House"],"picked":"Busted Crown"},{"not_picked":["Black Star","Eternal Feather"],"picked":"Fusion Hammer"}],"items_purged_floors":[37,46],"is_endless":false,"potions_floor_spawned":[2,7,8,16,21,28,29,36,39,44,47],"ascension_level":1}