{"gold_per_floor":[118,118,43,59,59,59,86,7,7,18,18,32,32,67,67,67],"floor_reached":16,"playtime":897,"items_purged":["Strike_G"],"score":119,"play_id":"8b5a00e9-391a-419f-855a-d82af68fda3e","local_time":"20190129175857","is_ascension_mode":true,"campfire_choices":[{"data":"Terror","floor":6,"key":"SMITH"},{"data":"Footwork","floor":15,"key":"SMITH"}],"neow_cost":"NONE","seed_source_timestamp":158901985085482,"circlet_count":0,"master_deck":["Defend_G+1","Defend_G","Defend_G","Defend_G","Defend_G","Strike_G","Strike_G","Strike_G","Survivor+1","Neutralize","Dagger Spray","Dagger Spray","Footwork+1","Well Laid Plans","Dagger Spray"],"relics":["Ring of the Snake","Juzu Bracelet","War Paint","Golden Idol","Orichalcum"],"potions_floor_usage":[],"damage_taken":[{"damage":1,"enemies":"Jaw Worm","floor":1,"turns":6},{"damage":4,"enemies":"Small Slimes","floor":4,"turns":4},{"damage":58,"enemies":"Lagavulin","floor":7,"turns":15},{"damage":0,"enemies":"Cultist","floor":10,"turns":2},{"damage":0,"enemies":"Large Slime","floor":12,"turns":6},{"damage":11,"enemies":"3 Sentries","floor":14,"turns":9},{"damage":63,"enemies":"Hexaghost","floor":16,"turns":16}],"seed_played":"-7025880037815945592","potions_obtained":[{"floor":4,"key":"SteroidPotion"},{"floor":10,"key":"Ancient Potion"}],"is_trial":false,"path_per_floor":["M","?","$","M","$","R","E","$","T","M","?","M","?","E","R","B"],"character_chosen":"THE_SILENT","items_purchased":["Footwork"],"campfire_rested":0,"item_purchase_floors":[8],"current_hp_per_floor":[76,69,69,65,65,65,7,7,7,7,7,7,71,60,60,0],"gold":67,"neow_bonus":"TEN_PERCENT_HP_BONUS","is_prod":false,"is_daily":false,"chose_seed":false,"campfire_upgraded":2,"win_rate":0,"timestamp":1548806337,"path_taken":["M","?","$","M","$","R","E","$","T","M","?","M","?","E","R","BOSS"],"build_version":"2019-01-23","purchased_purges":1,"victory":false,"max_hp_per_floor":[77,77,77,77,77,77,77,77,77,77,71,71,71,71,71,71],"card_choices":[{"not_picked":["Poisoned Stab","PiercingWail"],"picked":"Dagger Spray","floor":1},{"not_picked":["Infinite Blades","Sucker Punch"],"picked":"Terror","floor":4},{"not_picked":["Dagger Throw","Underhanded Strike"],"picked":"Dagger Spray","floor":7},{"not_picked":["Outmaneuver","Quick Slash"],"picked":"Well Laid Plans","floor":10},{"not_picked":["Sucker Punch","Blade Dance","PiercingWail"],"picked":"SKIP","floor":12},{"not_picked":["Underhanded Strike","Slice"],"picked":"Dagger Spray","floor":14}],"player_experience":253628,"relics_obtained":[{"floor":7,"key":"Juzu Bracelet"},{"floor":9,"key":"War Paint"},{"floor":14,"key":"Orichalcum"}],"event_choices":[{"cards_removed":["Strike_G"],"damage_healed":0,"gold_gain":0,"player_choice":"Card Removal","damage_taken":7,"max_hp_gain":0,"max_hp_loss":0,"event_name":"Golden Wing","floor":2,"gold_loss":0},{"damage_healed":0,"gold_gain":0,"player_choice":"Lose Max HP","damage_taken":0,"relics_obtained":["Golden Idol"],"max_hp_gain":0,"max_hp_loss":6,"event_name":"Golden Idol","floor":11,"gold_loss":0},{"cards_removed":["Terror"],"damage_healed":64,"gold_gain":0,"player_choice":"Offered Uncommon","damage_taken":0,"max_hp_gain":0,"max_hp_loss":0,"event_name":"Bonfire Elementals","floor":13,"gold_loss":0}],"is_beta":false,"boss_relics":[],"items_purged_floors":[3],"is_endless":false,"potions_floor_spawned":[4,10],"killed_by":"Hexaghost","ascension_level":2}