{"gold_per_floor":[112,5,25,100,49,77,2,2,83,83,101,25,25,58,58,58],"floor_reached":16,"playtime":686,"items_purged":["Strike_R"],"score":201,"play_id":"c09541d7-a9a1-4ab7-9888-0bc374f39781","local_time":"20190116020712","is_ascension_mode":true,"campfire_choices":[{"data":"Armaments","floor":8.0,"key":"SMITH"},{"data":"Body Slam","floor":10.0,"key":"SMITH"},{"data":"Entrench","floor":13.0,"key":"SMITH"},{"data":"Body Slam","floor":15.0,"key":"SMITH"}],"neow_cost":"NONE","seed_source_timestamp":3378260274470112,"circlet_count":0,"master_deck":["AscendersBane","Strike_R","Strike_R","Strike_R","Strike_R","Defend_R","Defend_R","Defend_R","Defend_R","Bash","Ghostly Armor","Bandage Up","Body Slam+1","Armaments+1","Shrug It Off","Body Slam+1","Entrench+1","Rage"],"special_seed":0,"relics":["Burning Blood","Blood Vial","Darkstone Periapt","Sundial","Nunchaku"],"potions_floor_usage":[16],"damage_taken":[{"damage":9.0,"enemies":"Jaw Worm","floor":1.0,"turns":4.0},{"damage":3.0,"enemies":"2 Louse","floor":3.0,"turns":4.0},{"damage":25.0,"enemies":"3 Sentries","floor":6.0,"turns":11.0},{"damage":0.0,"enemies":"Cultist","floor":11.0,"turns":2.0},{"damage":24.0,"enemies":"Gremlin Nob","floor":14.0,"turns":4.0},{"damage":53,"enemies":"Slime Boss","floor":16,"turns":14}],"seed_played":"3631057468410223103","potions_obtained":[{"floor":1.0,"key":"SkillPotion"},{"floor":3.0,"key":"Explosive Potion"},{"floor":11.0,"key":"Swift Potion"},{"floor":14.0,"key":"GamblersBrew"}],"is_trial":false,"path_per_floor":["M","$","M","?","$","E","$","R","T","R","M","$","R","E","R","B"],"character_chosen":"IRONCLAD","items_purchased":["Bandage Up","Armaments","Entrench"],"campfire_rested":0,"item_purchase_floors":[2,5,12],"current_hp_per_floor":[67,67,75,64,64,51,51,51,51,51,59,59,59,47,47,0],"gold":58,"neow_bonus":"RANDOM_COMMON_RELIC","is_prod":false,"is_daily":false,"chose_seed":false,"campfire_upgraded":4,"win_rate":0,"timestamp":1547600832,"path_taken":["M","$","M","?","?","E","$","R","T","R","M","?","R","E","R","BOSS"],"build_version":"2019-01-10","purchased_purges":1,"victory":false,"max_hp_per_floor":[75,75,75,75,75,75,75,75,75,75,75,75,75,75,75,75],"card_choices":[{"not_picked":["Sever Soul","Iron Wave"],"picked":"Ghostly Armor","floor":1.0},{"not_picked":["Cleave","Entrench"],"picked":"Body Slam","floor":3.0},{"not_picked":["Clothesline","Headbutt"],"picked":"Shrug It Off","floor":6.0},{"not_picked":["Perfected Strike","Clothesline"],"picked":"Body Slam","floor":11.0},{"not_picked":["Perfected Strike","Inflame"],"picked":"Rage","floor":14.0}],"player_experience":741468,"relics_obtained":[{"floor":6.0,"key":"Darkstone Periapt"},{"floor":9.0,"key":"Sundial"},{"floor":14.0,"key":"Nunchaku"}],"event_choices":[{"damage_healed":0.0,"max_hp_gain":0.0,"max_hp_loss":0.0,"gold_gain":75.0,"event_name":"World of Goop","player_choice":"Gather Gold","floor":4.0,"gold_loss":0.0,"damage_taken":11.0}],"is_beta":false,"boss_relics":[],"items_purged_floors":[7],"is_endless":false,"potions_floor_spawned":[1,3,11,14],"killed_by":"Slime Boss","ascension_level":18}