{"gold_per_floor":[116,116,130,140,155,110,110,110,410,430,430,430,430,430,430,531,531,544,544,559,559,559],"floor_reached":22,"playtime":632,"items_purged":[],"score":191,"play_id":"08b100f0-f5f8-42f9-81ed-84f8de61ca85","local_time":"20190130163328","is_ascension_mode":true,"campfire_choices":[{"data":"Gash","floor":8,"key":"SMITH"},{"data":"Sweeping Beam","floor":13,"key":"SMITH"},{"data":"Leap","floor":15,"key":"SMITH"}],"neow_cost":"NONE","seed_source_timestamp":768575433802918,"circlet_count":0,"master_deck":["Strike_B","Strike_B","Strike_B","Strike_B","Defend_B","Defend_B","Defend_B","Defend_B","Dualcast","Sweeping Beam+1","Blizzard","Leap+1","Gash+1","Seek","Cold Snap","J.A.X."],"relics":["Cracked Core","Lantern","Nunchaku","Old Coin","Pantograph","Inserter"],"potions_floor_usage":[16,20],"damage_taken":[{"damage":0,"enemies":"Small Slimes","floor":1,"turns":2},{"damage":0,"enemies":"Cultist","floor":3,"turns":3},{"damage":4,"enemies":"Jaw Worm","floor":4,"turns":4},{"damage":16,"enemies":"Blue Slaver","floor":5,"turns":3},{"damage":17,"enemies":"3 Louse","floor":10,"turns":3},{"damage":26,"enemies":"The Guardian","floor":16,"turns":13},{"damage":41,"enemies":"3 Byrds","floor":18,"turns":5},{"damage":10,"enemies":"Shell Parasite","floor":20,"turns":7},{"damage":24,"enemies":"Shelled Parasite and Fungi","floor":22,"turns":3}],"seed_played":"4024468551836846451","potions_obtained":[{"floor":1,"key":"Dexterity Potion"},{"floor":10,"key":"GamblersBrew"},{"floor":18,"key":"AttackPotion"}],"is_trial":false,"path_per_floor":["M","?","M","M","M","$","?","R","T","M","T","?","R","$","R","B",null,"M","?","M","?","M"],"character_chosen":"DEFECT","items_purchased":["Gash"],"campfire_rested":0,"item_purchase_floors":[6],"current_hp_per_floor":[75,75,75,71,55,55,55,55,55,38,38,63,63,63,63,49,75,34,34,24,24,0],"gold":559,"neow_bonus":"RANDOM_COMMON_RELIC","is_prod":false,"is_daily":false,"chose_seed":false,"campfire_upgraded":3,"win_rate":0,"timestamp":1548862408,"path_taken":["M","?","M","?","M","?","?","R","T","?","?","?","R","$","R","BOSS","M","?","?","?","M"],"build_version":"2019-01-23","purchased_purges":0,"victory":false,"max_hp_per_floor":[75,75,75,75,75,75,75,75,75,75,75,75,75,75,75,75,75,75,75,75,75,75],"card_choices":[{"not_picked":["Steam Power","Streamline"],"picked":"Go for the Eyes","floor":1},{"not_picked":["Reprogram","Aggregate"],"picked":"Sweeping Beam","floor":3},{"not_picked":["Sweeping Beam","Consume"],"picked":"Blizzard","floor":4},{"not_picked":["Barrage","Melter"],"picked":"Leap","floor":5},{"not_picked":["Beam Cell","Rebound","Compile Driver"],"picked":"SKIP","floor":10},{"not_picked":["Multi-Cast","Meteor Strike"],"picked":"Seek","floor":16},{"not_picked":["Beam Cell","Ball Lightning"],"picked":"Cold Snap","floor":18},{"not_picked":["Ball Lightning","Steam Power","Darkness+1"],"picked":"SKIP","floor":20}],"player_experience":428468,"relics_obtained":[{"floor":9,"key":"Old Coin"},{"floor":11,"key":"Pantograph"}],"event_choices":[{"cards_removed":["Go for the Eyes"],"damage_healed":5,"gold_gain":0,"player_choice":"Offered Common","damage_taken":0,"max_hp_gain":0,"max_hp_loss":0,"event_name":"Bonfire Elementals","floor":2,"gold_loss":0},{"cards_removed":["Go for the Eyes"],"damage_healed":5,"gold_gain":0,"player_choice":"Offered Special","damage_taken":0,"max_hp_gain":0,"max_hp_loss":0,"event_name":"Bonfire Elementals","floor":2,"gold_loss":0},{"damage_healed":0,"gold_gain":0,"player_choice":"Gave Potion","damage_taken":0,"relics_obtained":["Nunchaku"],"max_hp_gain":0,"max_hp_loss":0,"event_name":"WeMeetAgain","floor":7,"gold_loss":0},{"damage_healed":25,"gold_gain":0,"player_choice":"Banana","damage_taken":0,"max_hp_gain":0,"max_hp_loss":0,"event_name":"Big Fish","floor":12,"gold_loss":0},{"cards_removed":["Zap"],"damage_healed":0,"gold_gain":0,"player_choice":"Purged","damage_taken":0,"max_hp_gain":0,"max_hp_loss":0,"event_name":"Purifier","floor":19,"gold_loss":0},{"damage_healed":0,"gold_gain":0,"player_choice":"Obtain J.A.X.","damage_taken":0,"max_hp_gain":0,"max_hp_loss":0,"event_name":"Drug Dealer","floor":21,"gold_loss":0,"cards_obtained":["J.A.X."]}],"is_beta":false,"boss_relics":[{"not_picked":["Calling Bell","Snecko Eye"],"picked":"Inserter"}],"items_purged_floors":[],"is_endless":false,"potions_floor_spawned":[1,10,18],"killed_by":"Shelled Parasite and Fungi","ascension_level":2}