{"path_per_floor":["M","M","M","M","M","?","R","M","T","R","M","R","E","?","R","B",null,"M","?","$","?","$","R","E","R","T","?","R","M","M","M","R","B",null,"M","?","B"],"character_chosen":"IRONCLAD","items_purchased":["Happy Flower","Metallicize","Flame Barrier"],"gold_per_floor":[115,130,141,156,176,176,176,190,190,190,204,204,239,239,239,344,344,364,364,139,139,71,71,99,99,99,99,99,112,123,141,141,245,245,265,265,265],"floor_reached":38,"campfire_rested":1,"playtime":2549,"item_purchase_floors":[20,20,22],"current_hp_per_floor":[80,69,75,76,65,58,58,59,59,59,59,80,71,71,71,12,80,78,78,78,69,69,69,64,64,64,69,69,65,57,58,58,25,80,80,80,14],"items_purged":[],"gold":265,"score":594,"play_id":"2b67217a-074b-44ca-bf5a-ad8ac87e98c2","local_time":"20180616064007","is_prod":false,"is_daily":false,"chose_seed":false,"is_ascension_mode":false,"campfire_upgraded":7,"win_rate":0,"timestamp":1529124007,"campfire_choices":[{"data":"Thunderclap","floor":7,"key":"SMITH"},{"data":"Bloodletting","floor":10,"key":"SMITH"},{"floor":12,"key":"REST"},{"data":"Shrug It Off","floor":15,"key":"SMITH"},{"data":"Flame Barrier","floor":23,"key":"SMITH"},{"data":"Double Tap","floor":25,"key":"SMITH"},{"data":"Metallicize","floor":28,"key":"SMITH"},{"data":"Armaments","floor":32,"key":"SMITH"}],"path_taken":["M","M","M","M","M","?","R","M","T","R","M","R","E","?","R","BOSS","M","?","$","?","$","R","E","R","T","?","R","M","M","M","R","BOSS","M","?","BOSS"],"build_version":"2018-06-14v2","seed_source_timestamp":0,"purchased_purges":0,"victory":true,"master_deck":["Strike_R","Strike_R","Strike_R","Strike_R","Strike_R","Defend_R","Defend_R","Defend_R","Defend_R","Bash","Clothesline","Thunderclap+1","Perfected Strike","Bloodletting+1","Shrug It Off+1","Shockwave","Clash","Double Tap+1","Metallicize+1","Flame Barrier+1","Cleave","Feel No Pain","Clash+1","Armaments+1","Demon Form","Flex+1"],"max_hp_per_floor":[80,80,80,80,80,80,80,80,80,80,80,80,80,80,80,80,80,80,80,80,80,80,80,80,80,80,80,80,80,80,80,80,80,80,80,80,80],"special_seed":0,"relics":["Burning Blood","Bag of Preparation","Shuriken","Bottled Flame","Coffee Dripper","Happy Flower","Mummified Hand","Centennial Puzzle","Velvet Choker"],"card_choices":[{"not_picked":["Blood for Blood","Power Through"],"picked":"Clothesline","floor":1},{"not_picked":["Rupture","Carnage"],"picked":"Thunderclap","floor":2},{"not_picked":["Power Through","Sever Soul"],"picked":"Havoc","floor":3},{"not_picked":["Pommel Strike","Havoc"],"picked":"Perfected Strike","floor":4},{"not_picked":["Anger","True Grit"],"picked":"Bloodletting","floor":5},{"not_picked":["Double Tap","Twin Strike"],"picked":"Shrug It Off","floor":8},{"not_picked":["Rupture","True Grit"],"picked":"Shockwave","floor":11},{"not_picked":["Anger","Whirlwind"],"picked":"Clash","floor":13},{"not_picked":["Reaper","Feed"],"picked":"Double Tap","floor":16},{"not_picked":["Corruption+1","Thunderclap","Evolve"],"picked":"SKIP","floor":18},{"not_picked":["Warcry","Carnage+1"],"picked":"Cleave","floor":24},{"not_picked":["Thunderclap+1","Anger"],"picked":"Feel No Pain","floor":29},{"not_picked":["Pommel Strike","Wild Strike"],"picked":"Clash+1","floor":30},{"not_picked":["Sword Boomerang+1","Infernal Blade"],"picked":"Armaments","floor":31},{"not_picked":["Berserk","Barricade"],"picked":"Demon Form","floor":33},{"not_picked":["Ghostly Armor","Cleave+1"],"picked":"Flex+1","floor":35}],"player_experience":30350,"potions_floor_usage":[11,13,31,33,33,33,35,37],"damage_taken":[{"damage":0,"enemies":"2 Louse","floor":1,"turns":3},{"damage":17,"enemies":"Small Slimes","floor":2,"turns":4},{"damage":0,"enemies":"Cultist","floor":3,"turns":3},{"damage":5,"enemies":"3 Louse","floor":4,"turns":4},{"damage":17,"enemies":"Blue Slaver","floor":5,"turns":5},{"damage":5,"enemies":"Looter","floor":8,"turns":4},{"damage":6,"enemies":"Large Slime","floor":11,"turns":6},{"damage":15,"enemies":"3 Sentries","floor":13,"turns":7},{"damage":65,"enemies":"Slime Boss","floor":16,"turns":12},{"damage":8,"enemies":"Chosen","floor":18,"turns":5},{"damage":11,"enemies":"Book of Stabbing","floor":24,"turns":4},{"damage":10,"enemies":"2 Thieves","floor":29,"turns":3},{"damage":14,"enemies":"3 Cultists","floor":30,"turns":5},{"damage":5,"enemies":"Cultist and Chosen","floor":31,"turns":4},{"damage":39,"enemies":"Collector","floor":33,"turns":9},{"damage":0,"enemies":"Orb Walker","floor":35,"turns":4},{"damage":72,"enemies":"Donu and Deca","floor":37,"turns":9}],"relics_obtained":[{"floor":9,"key":"Shuriken"},{"floor":13,"key":"Bottled Flame"},{"floor":24,"key":"Mummified Hand"},{"floor":26,"key":"Centennial Puzzle"}],"event_choices":[{"event_name":"Scrap Ooze","player_choice":"success","floor":6,"damage_taken":7},{"event_name":"Liars Game","player_choice":"disagreed","floor":14,"damage_taken":0},{"event_name":"Vampires","player_choice":"Ignored","floor":19,"damage_taken":0},{"event_name":"Cursed Tome","player_choice":"Stopped","floor":21,"damage_taken":0},{"event_name":"Bonfire Elementals","player_choice":"COMMON","floor":27,"damage_taken":0},{"event_name":"SecretPortal","player_choice":"Took Portal.","floor":36,"damage_taken":0}],"boss_relics":[{"not_picked":["Lizard Tail","Runic Cube"],"picked":"Coffee Dripper"},{"not_picked":["Tiny House","Orrery"],"picked":"Velvet Choker"}],"items_purged_floors":[],"is_endless":false,"potions_floor_spawned":[1,2,8,16,30,31,33,35],"seed_played":"-4576118412549996351","ascension_level":0,"potions_obtained":[{"floor":1,"key":"Strength Potion"},{"floor":2,"key":"Dexterity Potion"},{"floor":8,"key":"Swift Potion"},{"floor":16,"key":"Strength Potion"},{"floor":30,"key":"Explosive Potion"},{"floor":31,"key":"EssenceOfSteel"},{"floor":33,"key":"Block Potion"},{"floor":35,"key":"Strength Potion"}],"is_trial":false}