{"gold_per_floor":[113,127,147,147,147,147,158,174,174,174,188,202,222,233,233,336,336,356,369,469,488,488,488,502,502,502,502,513,527,527,527,527,527],"floor_reached":33,"playtime":3715,"items_purged":[],"score":245,"play_id":"705a7a92-b5dc-48c8-bd4d-5fc5c3cfe3af","local_time":"20180716142752","is_ascension_mode":false,"campfire_choices":[{"data":"Perfected Strike","floor":6,"key":"SMITH"},{"data":"Armaments","floor":10,"key":"SMITH"},{"floor":15,"key":"REST"},{"data":"Bash","floor":23,"key":"SMITH"},{"data":"Whirlwind","floor":25,"key":"SMITH"},{"data":"Infernal Blade","floor":27,"key":"SMITH"},{"data":"Carnage","floor":30,"key":"SMITH"},{"data":"Armaments","floor":32,"key":"SMITH"}],"neow_cost":"NONE","seed_source_timestamp":416546398166785,"circlet_count":0,"master_deck":["Strike_R","Strike_R","Strike_R","Strike_R","Strike_R","Defend_R","Defend_R+1","Defend_R","Defend_R+1","Bash+1","Shrug It Off","Sword Boomerang","Perfected Strike+1","Infernal Blade+1","Armaments+1","Headbutt","Rage","Carnage+1","Feed","Impervious","Pommel Strike+1","Clash","Armaments+1","Whirlwind+1","Bloodletting","Heavy Blade"],"relics":["Black Blood","Meat on the Bone","Gambling Chip","Bottled Flame"],"potions_floor_usage":[16,16,16,33,33,33],"damage_taken":[{"damage":5,"enemies":"Cultist","floor":1,"turns":4},{"damage":9,"enemies":"Small Slimes","floor":2,"turns":4},{"damage":1,"enemies":"2 Louse","floor":3,"turns":3},{"damage":8,"enemies":"2 Fungi Beasts","floor":7,"turns":3},{"damage":16,"enemies":"Gremlin Gang","floor":8,"turns":7},{"damage":0,"enemies":"Blue Slaver","floor":11,"turns":2},{"damage":14,"enemies":"Exordium Thugs","floor":12,"turns":5},{"damage":13,"enemies":"Red Slaver","floor":13,"turns":2},{"damage":7,"enemies":"Blue Slaver","floor":14,"turns":2},{"damage":88,"enemies":"Hexaghost","floor":16,"turns":15},{"damage":10,"enemies":"Spheric Guardian","floor":18,"turns":4},{"damage":5,"enemies":"Chosen","floor":19,"turns":5},{"damage":15,"enemies":"Centurion and Healer","floor":21,"turns":10},{"damage":0,"enemies":"Snecko","floor":24,"turns":3},{"damage":20,"enemies":"3 Cultists","floor":28,"turns":5},{"damage":3,"enemies":"Sentry and Sphere","floor":29,"turns":3},{"damage":91,"enemies":"Automaton","floor":33,"turns":9}],"seed_played":"-3423776879550338764","potions_obtained":[{"floor":2,"key":"Fire Potion"},{"floor":8,"key":"Ancient Potion"},{"floor":11,"key":"Regen Potion"},{"floor":12,"key":"Regen Potion"},{"floor":18,"key":"PowerPotion"},{"floor":19,"key":"EssenceOfSteel"},{"floor":21,"key":"Poison Potion"}],"is_trial":false,"path_per_floor":["M","M","M","?","?","R","M","M","T","R","M","M","M","M","R","B",null,"M","M","?","M","?","R","M","R","T","R","M","M","R","?","R"],"character_chosen":"IRONCLAD","items_purchased":[],"campfire_rested":1,"item_purchase_floors":[],"current_hp_per_floor":[80,77,80,77,77,77,75,65,65,65,71,63,56,55,79,37,84,84,84,84,83,83,83,91,91,91,91,81,91,91,91,91,0],"gold":527,"neow_bonus":"UPGRADE_CARD","is_prod":false,"is_daily":false,"chose_seed":false,"campfire_upgraded":7,"win_rate":0.0,"timestamp":1531744072,"path_taken":["M","M","M","?","?","R","M","M","T","R","M","M","?","M","R","BOSS","M","?","?","M","?","R","M","R","T","R","M","M","R","?","R","BOSS"],"build_version":"2018-07-12","purchased_purges":0,"victory":false,"max_hp_per_floor":[80,80,80,80,80,80,80,80,80,80,80,80,80,80,80,84,84,84,84,84,88,88,88,91,91,91,91,91,94,94,94,94,94],"card_choices":[{"not_picked":["Twin Strike","Entrench"],"picked":"Shrug It Off","floor":1},{"not_picked":["Flex","Corruption"],"picked":"Sword Boomerang","floor":2},{"not_picked":["Pommel Strike","Carnage"],"picked":"Perfected Strike","floor":3},{"not_picked":["Perfected Strike","Cleave"],"picked":"Infernal Blade","floor":7},{"not_picked":["Body Slam","Fire Breathing"],"picked":"Armaments","floor":8},{"not_picked":["Thunderclap","Twin Strike"],"picked":"Headbutt","floor":11},{"not_picked":["Iron Wave","Heavy Blade"],"picked":"Rage","floor":12},{"not_picked":["Feel No Pain","Bloodletting"],"picked":"Carnage","floor":13},{"not_picked":["True Grit","Flex"],"picked":"Feed","floor":14},{"not_picked":["Reaper","Berserk"],"picked":"Impervious","floor":16},{"not_picked":["Shrug It Off+1","Cleave"],"picked":"Pommel Strike+1","floor":18},{"not_picked":["True Grit","Warcry"],"picked":"Clash","floor":19},{"not_picked":["True Grit","Sever Soul"],"picked":"Armaments","floor":21},{"not_picked":["Sword Boomerang","Anger"],"picked":"Whirlwind","floor":24},{"not_picked":["Warcry","Iron Wave"],"picked":"Bloodletting","floor":28},{"not_picked":["Headbutt","Power Through"],"picked":"Heavy Blade","floor":29}],"player_experience":8387,"relics_obtained":[{"floor":9,"key":"Meat on the Bone"},{"floor":26,"key":"Bottled Flame"}],"event_choices":[{"event_name":"Scrap Ooze","player_choice":"unsuccessful","floor":4,"damage_taken":3},{"event_name":"The Cleric","player_choice":"Leave","floor":5,"damage_taken":0},{"event_name":"Golden Shrine","player_choice":"Pray","floor":20,"damage_taken":0},{"event_name":"The Mausoleum","player_choice":"Yes","floor":22,"damage_taken":0},{"event_name":"Accursed Blacksmith","player_choice":"Forge","floor":31,"damage_taken":0}],"boss_relics":[{"not_picked":["Eternal Feather","Velvet Choker"],"picked":"Black Blood"}],"items_purged_floors":[],"is_endless":false,"potions_floor_spawned":[2,8,11,12,18,19,21,29],"killed_by":"Automaton","ascension_level":0}