{"gold_per_floor":[112,287,237,237,13,13,42,54,54,73,73,90,118,138,138,236,236,252,177,177,193,193,193,205,229,229,229,248,275,292,326,326,421,421,434,446,190,200,254,254,282,282,282,302,202,230,230,243,243,243,243,243,38,66,66],"floor_reached":55,"playtime":2166,"items_purged":["Defend_B","Meteor Strike","Dualcast"],"score":875,"play_id":"9c62d149-c7a2-483f-b753-2b3fd29247a4","local_time":"20190127121617","is_ascension_mode":false,"campfire_choices":[{"data":"Zap","floor":6,"key":"SMITH"},{"floor":11,"key":"REST"},{"data":"Conserve Battery","floor":15,"key":"SMITH"},{"data":"Creative AI","floor":23,"key":"SMITH"},{"floor":32,"key":"REST"},{"data":"White Noise","floor":40,"key":"SMITH"},{"data":"White Noise","floor":42,"key":"SMITH"},{"floor":47,"key":"RECALL"},{"floor":49,"key":"REST"},{"data":"White Noise","floor":52,"key":"SMITH"}],"neow_cost":"NONE","seed_source_timestamp":669896805764817,"circlet_count":0,"master_deck":["Zap+1","Conserve Battery+1","FTL","Storm","Force Field+1","Creative AI+1","White Noise+1","White Noise+1","Storm","Electrodynamics","Loop","Chaos+1","White Noise+1","Buffer","Storm+1","Turbo","Defragment+1","Storm+1","White Noise+1","Capacitor+1","Defragment+1"],"relics":["Cracked Core","Lantern","Bronze Scales","Pen Nib","FossilizedHelix","Pandora\u0027s Box","Centennial Puzzle","Bottled Flame","Question Card","Dream Catcher","Inserter","Frozen Egg 2","Thread and Needle","Oddly Smooth Stone","Bottled Lightning","War Paint","Shuriken"],"potions_floor_usage":[7,29,55,55],"damage_taken":[{"damage":6,"enemies":"Jaw Worm","floor":1,"turns":3},{"damage":36,"enemies":"Gremlin Nob","floor":7,"turns":4},{"damage":1,"enemies":"2 Louse","floor":8,"turns":2},{"damage":0,"enemies":"Cultist","floor":10,"turns":3},{"damage":4,"enemies":"Gremlin Gang","floor":12,"turns":3},{"damage":14,"enemies":"3 Sentries","floor":13,"turns":7},{"damage":0,"enemies":"Blue Slaver","floor":14,"turns":2},{"damage":43,"enemies":"The Guardian","floor":16,"turns":12},{"damage":5,"enemies":"Chosen","floor":18,"turns":2},{"damage":0,"enemies":"3 Byrds","floor":21,"turns":2},{"damage":8,"enemies":"Centurion and Healer","floor":24,"turns":2},{"damage":0,"enemies":"Snake Plant","floor":28,"turns":3},{"damage":6,"enemies":"Book of Stabbing","floor":29,"turns":4},{"damage":5,"enemies":"Cultist and Chosen","floor":30,"turns":3},{"damage":18,"enemies":"Gremlin Leader","floor":31,"turns":3},{"damage":0,"enemies":"Collector","floor":33,"turns":5},{"damage":0,"enemies":"3 Shapes","floor":35,"turns":2},{"damage":0,"enemies":"Orb Walker","floor":36,"turns":2},{"damage":0,"enemies":"Writhing Mass","floor":38,"turns":3},{"damage":31,"enemies":"2 Orb Walkers","floor":39,"turns":3},{"damage":0,"enemies":"Giant Head","floor":41,"turns":5},{"damage":5,"enemies":"3 Darklings","floor":44,"turns":2},{"damage":0,"enemies":"Reptomancer","floor":46,"turns":3},{"damage":0,"enemies":"Sphere and 2 Shapes","floor":48,"turns":2},{"damage":33,"enemies":"Donu and Deca","floor":50,"turns":3},{"damage":5,"enemies":"Shield and Spear","floor":54,"turns":2},{"damage":94,"enemies":"The Heart","floor":55,"turns":3}],"seed_played":"7921368861412313980","potions_obtained":[{"floor":1,"key":"Regen Potion"},{"floor":7,"key":"Dexterity Potion"},{"floor":12,"key":"Regen Potion"},{"floor":14,"key":"Dexterity Potion"},{"floor":29,"key":"GamblersBrew"},{"floor":35,"key":"Energy Potion"},{"floor":54,"key":"EssenceOfSteel"}],"is_trial":false,"path_per_floor":["M","?","?","?","$","R","E","M","T","M","R","M","E","M","R","B",null,"M","?","$","M","$","R","M","T","T","?","M","E","M","E","R","B",null,"M","M","$","M","?","R","E","R","T","M","$","E","R","M","R","B",null,"R","$","E","B"],"character_chosen":"DEFECT","items_purchased":["Bronze Scales","Frozen Egg 2","Capacitor+1"],"campfire_rested":3,"item_purchase_floors":[5,37,53],"current_hp_per_floor":[69,69,69,74,74,74,47,46,46,46,70,66,52,52,52,9,80,75,75,75,75,75,75,67,67,67,59,59,53,48,30,54,54,80,80,80,80,80,49,49,49,49,49,44,44,44,44,44,68,35,80,80,80,75,0],"gold":66,"neow_bonus":"RANDOM_COMMON_RELIC","is_prod":false,"is_daily":false,"chose_seed":false,"campfire_upgraded":6,"win_rate":0,"timestamp":1548603977,"path_taken":["M","?","?","?","$","R","E","M","T","M","R","?","E","M","R","BOSS","M","?","$","M","$","R","M","?","T","?","?","E","?","E","R","BOSS","M","M","$","M","?","R","E","R","T","M","$","E","R","M","R","BOSS","R","$","E","BOSS"],"build_version":"2019-01-23","purchased_purges":3,"victory":false,"max_hp_per_floor":[75,75,75,80,80,80,80,80,80,80,80,80,80,80,80,80,80,80,80,80,80,80,80,80,80,80,80,80,80,80,80,80,80,80,80,80,80,80,80,80,80,80,80,80,80,80,80,80,80,80,80,80,80,80,80],"card_choices":[{"not_picked":["Auto Shields","Redo"],"picked":"Conserve Battery","floor":1},{"not_picked":["Auto Shields","Steam Power","Doom and Gloom"],"picked":"SKIP","floor":7},{"not_picked":["BootSequence","Compile Driver","Sweeping Beam"],"picked":"SKIP","floor":8},{"not_picked":["Double Energy","Chill"],"picked":"FTL","floor":10},{"not_picked":["Coolheaded","Self Repair","Beam Cell"],"picked":"SKIP","floor":12},{"not_picked":["Force Field","Redo"],"picked":"Storm","floor":13},{"not_picked":["Turbo","Go for the Eyes"],"picked":"Force Field","floor":14},{"not_picked":["Machine Learning","Rainbow"],"picked":"Creative AI","floor":16},{"not_picked":["Self Repair","Leap","FTL"],"picked":"SKIP","floor":18},{"not_picked":["Go for the Eyes","Hello World","Steam"],"picked":"SKIP","floor":21},{"not_picked":["Melter","Go for the Eyes+1","Blizzard"],"picked":"SKIP","floor":24},{"not_picked":["Steam+1","Barrage"],"picked":"White Noise","floor":28},{"not_picked":["Melter","Barrage+1","Static Discharge"],"picked":"SKIP","floor":29},{"not_picked":["Leap","Sweeping Beam","Barrage+1"],"picked":"Buffer","floor":30},{"not_picked":["Recycle","Go for the Eyes+1","Force Field"],"picked":"Storm+1","floor":31},{"not_picked":["Hyperbeam","Reboot","Seek"],"picked":"Meteor Strike","floor":33},{"not_picked":["BootSequence","Lockon+1","Ball Lightning"],"picked":"Turbo","floor":35},{"not_picked":["Coolheaded","Chaos","Ball Lightning+1","Cold Snap"],"picked":"SKIP","floor":36},{"not_picked":["Steam Power","Static Discharge+1","Turbo","Redo"],"picked":"SKIP","floor":38},{"not_picked":["Reboot","Streamline","Hologram"],"picked":"Defragment+1","floor":41},{"not_picked":["Chaos","Coolheaded","Beam Cell+1","Stack"],"picked":"SKIP","floor":44},{"not_picked":["Double Energy+1","Melter+1","Reprogram+1"],"picked":"Storm+1","floor":46},{"not_picked":["Streamline","Redo","Turbo"],"picked":"White Noise+1","floor":48},{"not_picked":["Lockon","Sweeping Beam","Blizzard"],"picked":"Defragment+1","floor":54}],"player_experience":242089,"relics_obtained":[{"floor":7,"key":"Pen Nib"},{"floor":13,"key":"FossilizedHelix"},{"floor":25,"key":"Centennial Puzzle"},{"floor":26,"key":"Bottled Flame"},{"floor":29,"key":"Question Card"},{"floor":31,"key":"Dream Catcher"},{"floor":39,"key":"Thread and Needle"},{"floor":41,"key":"Oddly Smooth Stone"},{"floor":43,"key":"Bottled Lightning"},{"floor":46,"key":"War Paint"},{"floor":54,"key":"Shuriken"}],"event_choices":[{"damage_healed":0,"gold_gain":175,"player_choice":"AGREE","damage_taken":0,"max_hp_gain":0,"max_hp_loss":0,"event_name":"Liars Game","floor":2,"gold_loss":0,"cards_obtained":["Doubt"]},{"cards_removed":["Doubt"],"damage_healed":0,"gold_gain":0,"player_choice":"Card Removal","damage_taken":0,"max_hp_gain":0,"max_hp_loss":0,"event_name":"The Cleric","floor":3,"gold_loss":50},{"damage_healed":0,"gold_gain":0,"player_choice":"Donut","damage_taken":0,"max_hp_gain":5,"max_hp_loss":0,"event_name":"Big Fish","floor":4,"gold_loss":0},{"cards_removed":["Multi-Cast"],"damage_healed":0,"gold_gain":0,"player_choice":"Gave Gold","damage_taken":0,"max_hp_gain":0,"max_hp_loss":0,"event_name":"Beggar","floor":19,"gold_loss":75},{"damage_healed":0,"gold_gain":0,"player_choice":"Damaged","damage_taken":8,"max_hp_gain":0,"max_hp_loss":0,"event_name":"Wheel of Change","floor":27,"gold_loss":0},{"damage_healed":0,"gold_gain":0,"player_choice":"Fight","damage_taken":0,"max_hp_gain":0,"max_hp_loss":0,"event_name":"Mysterious Sphere","floor":39,"gold_loss":0}],"is_beta":false,"boss_relics":[{"not_picked":["White Beast Statue","Runic Dome"],"picked":"Pandora\u0027s Box"},{"not_picked":["Philosopher\u0027s Stone","Fusion Hammer"],"picked":"Inserter"}],"items_purged_floors":[5,45,53],"is_endless":false,"potions_floor_spawned":[1,7,12,14,18,29,31,35,38,41,54],"killed_by":"The Heart","ascension_level":0}