{"gold_per_floor":[110,110,131,154,173,173,204,204,255,255,180,201,201,215,215,336,336,352,366,366,465,486,486,506,506,506,506,506,530,530,546,546,546],"floor_reached":33,"playtime":1762,"items_purged":["Parasite"],"score":261,"play_id":"53f39164-8dfb-4ed9-9325-7322f7c963e1","local_time":"20180805204415","is_ascension_mode":true,"campfire_choices":[{"data":"Shrug It Off","floor":6,"key":"SMITH"},{"data":"True Grit","floor":8,"key":"SMITH"},{"data":"Shrug It Off","floor":13,"key":"SMITH"},{"data":"Body Slam","floor":15,"key":"SMITH"},{"floor":23,"key":"REST"},{"data":"Whirlwind","floor":25,"key":"SMITH"},{"data":"Impervious","floor":27,"key":"SMITH"},{"floor":30,"key":"REST"},{"floor":32,"key":"REST"}],"neow_cost":"NONE","seed_source_timestamp":555122652157295,"circlet_count":0,"master_deck":["Strike_R","Strike_R","Strike_R","Defend_R","Defend_R","Defend_R","Defend_R","Bash","Reaper","Shrug It Off+1","Shrug It Off+1","Inflame","True Grit+1","Cleave","Body Slam+1","Impervious+1","Whirlwind+1","Offering"],"relics":["Burning Blood","Golden Idol","Ornamental Fan","Boot","Lizard Tail","Self Forming Clay"],"potions_floor_usage":[7,14,18,24,33],"damage_taken":[{"damage":2,"enemies":"Small Slimes","floor":1,"turns":4},{"damage":5,"enemies":"2 Louse","floor":3,"turns":3},{"damage":6,"enemies":"Cultist","floor":4,"turns":3},{"damage":17,"enemies":"3 Louse","floor":5,"turns":5},{"damage":27,"enemies":"Lagavulin","floor":7,"turns":12},{"damage":13,"enemies":"2 Fungi Beasts","floor":12,"turns":5},{"damage":21,"enemies":"Exordium Thugs","floor":14,"turns":6},{"damage":21,"enemies":"The Guardian","floor":16,"turns":15},{"damage":36,"enemies":"Chosen","floor":18,"turns":7},{"damage":6,"enemies":"3 Byrds","floor":19,"turns":6},{"damage":31,"enemies":"Snecko","floor":22,"turns":9},{"damage":22,"enemies":"Snake Plant","floor":24,"turns":6},{"damage":22,"enemies":"Centurion and Healer","floor":29,"turns":12},{"damage":20,"enemies":"Slaver and Parasite","floor":31,"turns":5},{"damage":166,"enemies":"Automaton","floor":33,"turns":16}],"seed_played":"5995573249728596954","potions_obtained":[{"floor":4,"key":"LiquidBronze"},{"floor":5,"key":"Block Potion"},{"floor":16,"key":"SteroidPotion"},{"floor":19,"key":"BloodPotion"},{"floor":22,"key":"Regen Potion"},{"floor":29,"key":"Ancient Potion"}],"is_trial":false,"path_per_floor":["M","?","M","M","M","R","E","R","T","?","$","M","R","M","R","B",null,"M","M","?","?","M","R","M","R","T","R","?","M","R","M","R"],"character_chosen":"IRONCLAD","items_purchased":[],"campfire_rested":3,"item_purchase_floors":[],"current_hp_per_floor":[80,74,74,74,70,70,53,53,53,71,71,69,69,66,66,57,71,41,47,47,47,28,49,47,47,47,47,47,37,58,44,65,0],"gold":546,"neow_bonus":"ONE_RANDOM_RARE_CARD","is_prod":false,"is_daily":false,"chose_seed":false,"campfire_upgraded":6,"win_rate":0,"timestamp":1533473055,"path_taken":["M","?","M","M","M","R","E","R","T","?","?","M","R","M","R","BOSS","M","M","?","?","M","R","M","R","T","R","?","M","R","M","R","BOSS"],"build_version":"2018-08-02","purchased_purges":1,"victory":false,"max_hp_per_floor":[80,74,74,74,74,74,74,74,74,74,71,71,71,71,71,71,71,71,71,71,71,71,71,71,71,71,71,71,71,71,71,71,71],"card_choices":[{"not_picked":["Pommel Strike","Clothesline"],"picked":"Shrug It Off","floor":1},{"not_picked":["Twin Strike","Clash","Bloodletting"],"picked":"SKIP","floor":3},{"not_picked":["Infernal Blade","Bloodletting"],"picked":"Shrug It Off","floor":4},{"not_picked":["Havoc","Clash"],"picked":"Inflame","floor":5},{"not_picked":["Reckless Charge","Twin Strike"],"picked":"True Grit","floor":7},{"not_picked":["True Grit","Dual Wield"],"picked":"Cleave","floor":12},{"not_picked":["Iron Wave","Searing Blow"],"picked":"Body Slam","floor":14},{"not_picked":["Juggernaut","Fiend Fire"],"picked":"Impervious","floor":16},{"not_picked":["Anger+1","Cleave","Perfected Strike"],"picked":"SKIP","floor":18},{"not_picked":["Burning Pact","Armaments","Thunderclap+1"],"picked":"SKIP","floor":19},{"not_picked":["Flex","Spot Weakness"],"picked":"Whirlwind","floor":22},{"not_picked":["Iron Wave","Corruption","Bloodletting"],"picked":"SKIP","floor":24},{"not_picked":["Inflame","Infernal Blade"],"picked":"Offering","floor":29},{"not_picked":["Infernal Blade","Heavy Blade+1","Power Through"],"picked":"SKIP","floor":31}],"player_experience":203152,"relics_obtained":[{"floor":7,"key":"Ornamental Fan"},{"floor":9,"key":"Boot"},{"floor":26,"key":"Self Forming Clay"}],"event_choices":[{"event_name":"Golden Idol","player_choice":"Lose Max HP","floor":2,"damage_taken":0},{"event_name":"Mushrooms","player_choice":"Healed and dodged fight","floor":10,"damage_taken":0},{"event_name":"Back to Basics","player_choice":"Elegance","floor":20,"damage_taken":0},{"event_name":"Nest","player_choice":"Stole From Cult","floor":21,"damage_taken":0},{"event_name":"Purifier","player_choice":"One Purge","floor":28,"damage_taken":0}],"is_beta":false,"boss_relics":[{"not_picked":["Ectoplasm","Runic Cube"],"picked":"Lizard Tail"}],"items_purged_floors":[11],"is_endless":false,"potions_floor_spawned":[4,5,16,19,22,29],"killed_by":"Automaton","ascension_level":1}