{"gold_per_floor":[113,127,147,162,11,36,36,48,48,48,68,68,79,79,79,176,226,241,254,267,287,186,214,231,231,231,231,156,188,188,188,188,188],"floor_reached":33,"playtime":2984,"items_purged":["Strike_R"],"score":303,"play_id":"37889df9-4e46-41d2-b3b4-85c8d21142de","local_time":"20181226225514","is_ascension_mode":true,"campfire_choices":[{"data":"Inflame","floor":10,"key":"SMITH"},{"data":"Thunderclap","floor":12,"key":"SMITH"},{"data":"Iron Wave","floor":15,"key":"SMITH"},{"floor":25,"key":"REST"},{"data":"Iron Wave","floor":32,"key":"SMITH"}],"neow_cost":"NONE","seed_source_timestamp":430935175119594,"circlet_count":0,"master_deck":["Strike_R","Strike_R","Strike_R+1","Defend_R+1","Defend_R","Defend_R","Defend_R","Thunderclap+1","Iron Wave+1","Iron Wave+1","Inflame+1","Battle Trance+1","Double Tap+1","Demon Form","Pommel Strike","Inflame","Twin Strike","Cleave","Spot Weakness","Twin Strike","Iron Wave+1","Thunderclap+1","Warcry","Thunderclap+1"],"relics":["Burning Blood","Oddly Smooth Stone","Happy Flower","Bronze Scales","Tiny House","Bag of Preparation","Matryoshka"],"potions_floor_usage":[18,21,23,29,29],"damage_taken":[{"damage":0,"enemies":"Small Slimes","floor":1,"turns":4},{"damage":6,"enemies":"Jaw Worm","floor":2,"turns":4},{"damage":1,"enemies":"Cultist","floor":3,"turns":3},{"damage":0,"enemies":"Looter","floor":4,"turns":3},{"damage":39,"enemies":"Lagavulin","floor":6,"turns":9},{"damage":0,"enemies":"3 Louse","floor":8,"turns":3},{"damage":0,"enemies":"2 Fungi Beasts","floor":11,"turns":2},{"damage":0,"enemies":"Gremlin Gang","floor":13,"turns":3},{"damage":28,"enemies":"Hexaghost","floor":16,"turns":6},{"damage":2,"enemies":"Spheric Guardian","floor":18,"turns":4},{"damage":10,"enemies":"3 Byrds","floor":19,"turns":4},{"damage":20,"enemies":"Snake Plant","floor":20,"turns":4},{"damage":12,"enemies":"Sentry and Sphere","floor":21,"turns":4},{"damage":31,"enemies":"Slavers","floor":23,"turns":6},{"damage":16,"enemies":"Centurion and Healer","floor":24,"turns":5},{"damage":10,"enemies":"Book of Stabbing","floor":29,"turns":4},{"damage":63,"enemies":"Collector","floor":33,"turns":6}],"seed_played":"-8333729166203181499","potions_obtained":[{"floor":4,"key":"SmokeBomb"},{"floor":6,"key":"SpeedPotion"},{"floor":16,"key":"EssenceOfSteel"},{"floor":20,"key":"SkillPotion"},{"floor":23,"key":"SkillPotion"},{"floor":24,"key":"FearPotion"}],"is_trial":false,"path_per_floor":["M","M","M","M","$","E","?","M","T","R","M","R","M","?","R","B",null,"M","M","M","M","$","E","M","R","T","?","?","E","?","?","R","B"],"character_chosen":"IRONCLAD","items_purchased":["Oddly Smooth Stone","Twin Strike"],"campfire_rested":1,"item_purchase_floors":[5,22],"current_hp_per_floor":[80,80,80,80,80,47,31,37,37,37,43,43,49,49,49,27,85,85,81,67,61,61,36,26,51,51,51,51,47,47,47,47,0],"gold":188,"neow_bonus":"UPGRADE_CARD","is_prod":false,"is_daily":false,"chose_seed":false,"campfire_upgraded":4,"win_rate":0,"timestamp":1545877514,"path_taken":["M","M","M","M","$","E","?","M","T","R","M","R","M","?","R","BOSS","M","M","M","M","$","E","M","R","T","?","?","E","?","?","R","BOSS"],"build_version":"2018-12-20","purchased_purges":1,"victory":false,"max_hp_per_floor":[80,80,80,80,80,80,80,80,80,80,80,80,80,80,80,80,85,85,85,85,85,85,85,85,85,85,85,85,85,85,85,85,85],"card_choices":[{"not_picked":["Perfected Strike","Warcry"],"picked":"Thunderclap","floor":1},{"not_picked":["Thunderclap","Warcry"],"picked":"Iron Wave","floor":2},{"not_picked":["Disarm","Twin Strike"],"picked":"Iron Wave","floor":3},{"not_picked":["Thunderclap","Flex","Headbutt"],"picked":"SKIP","floor":4},{"not_picked":["Fire Breathing","Headbutt"],"picked":"Inflame","floor":6},{"not_picked":["Ghostly Armor","Clash"],"picked":"Battle Trance","floor":8},{"not_picked":["Combust","Second Wind","Armaments"],"picked":"SKIP","floor":11},{"not_picked":["Flex","Dual Wield"],"picked":"Double Tap","floor":13},{"not_picked":["Dark Embrace","Juggernaut"],"picked":"Demon Form","floor":16},{"not_picked":["Warcry","Body Slam"],"picked":"Pommel Strike","floor":17},{"not_picked":["Hemokinesis","Perfected Strike"],"picked":"Inflame","floor":18},{"not_picked":["Power Through+1","Intimidate+1"],"picked":"Twin Strike","floor":19},{"not_picked":["Second Wind","Shrug It Off"],"picked":"Cleave","floor":20},{"not_picked":["Shrug It Off","Warcry"],"picked":"Spot Weakness","floor":21},{"not_picked":["Headbutt+1","Impervious"],"picked":"Iron Wave","floor":23},{"not_picked":["Fire Breathing+1","Clothesline"],"picked":"Thunderclap+1","floor":24},{"not_picked":["Berserk","Spot Weakness"],"picked":"Thunderclap+1","floor":29}],"player_experience":60062,"relics_obtained":[{"floor":6,"key":"Happy Flower"},{"floor":9,"key":"Bronze Scales"},{"floor":23,"key":"Bag of Preparation"},{"floor":29,"key":"Matryoshka"}],"event_choices":[{"damage_healed":0,"gold_gain":0,"player_choice":"Entered Light","damage_taken":16,"max_hp_gain":0,"max_hp_loss":0,"event_name":"Shining Light","floor":7,"gold_loss":0,"cards_upgraded":["Defend_R","Iron Wave"]},{"damage_healed":0,"gold_gain":0,"player_choice":"Upgraded","damage_taken":0,"max_hp_gain":0,"max_hp_loss":0,"event_name":"Upgrade Shrine","floor":14,"gold_loss":0,"cards_upgraded":["Double Tap"]},{"damage_healed":0,"gold_gain":0,"player_choice":"Read","damage_taken":0,"max_hp_gain":0,"max_hp_loss":0,"event_name":"The Library","floor":27,"gold_loss":0,"cards_obtained":["Warcry"]},{"cards_removed":["Strike_R"],"damage_healed":0,"gold_gain":0,"player_choice":"Gave Gold","damage_taken":0,"max_hp_gain":0,"max_hp_loss":0,"event_name":"Beggar","floor":28,"gold_loss":75},{"damage_healed":0,"gold_gain":0,"player_choice":"Ignored","damage_taken":0,"max_hp_gain":0,"max_hp_loss":0,"event_name":"Ghosts","floor":30,"gold_loss":0},{"cards_removed":["Bash"],"damage_healed":0,"gold_gain":0,"player_choice":"Offered Basic","damage_taken":0,"max_hp_gain":0,"max_hp_loss":0,"event_name":"Bonfire Elementals","floor":31,"gold_loss":0}],"is_beta":false,"boss_relics":[{"not_picked":["White Beast Statue","Empty Cage"],"picked":"Tiny House"}],"items_purged_floors":[22],"is_endless":false,"potions_floor_spawned":[4,6,16,20,23,24],"killed_by":"Collector","ascension_level":1}