{"gold_per_floor":[118,137,87,87,105,105,5,5,32,32,67,67,67,67,67,166,166,181,206,206],"floor_reached":20,"playtime":818,"items_purged":[],"score":193,"play_id":"ddc6652f-7da2-455c-8c10-77e93e557102","local_time":"20190130211319","is_ascension_mode":true,"campfire_choices":[{"data":"White Noise","floor":6,"key":"SMITH"},{"data":"Zap","floor":8,"key":"SMITH"},{"data":"Sunder","floor":13,"key":"SMITH"},{"data":"Dualcast","floor":15,"key":"SMITH"}],"neow_cost":"NONE","seed_source_timestamp":4656621468981167,"circlet_count":0,"master_deck":["Strike_B","Strike_B","Strike_B","Defend_B","Defend_B","Defend_B+1","Defend_B+1","Zap+1","Dualcast+1","White Noise+1","Conserve Battery","BootSequence","Sunder+1","Creative AI","Stack","Leap+1"],"relics":["Cracked Core","War Paint","Bottled Lightning","Juzu Bracelet","Ancient Tea Set","Philosopher\u0027s Stone","Red Mask"],"potions_floor_usage":[7],"damage_taken":[{"damage":2,"enemies":"Jaw Worm","floor":1,"turns":3},{"damage":0,"enemies":"Cultist","floor":2,"turns":2},{"damage":0,"enemies":"Small Slimes","floor":5,"turns":3},{"damage":22,"enemies":"Lagavulin","floor":11,"turns":7},{"damage":21,"enemies":"The Guardian","floor":16,"turns":9},{"damage":4,"enemies":"Chosen","floor":18,"turns":4},{"damage":32,"enemies":"Masked Bandits","floor":19,"turns":5},{"damage":50,"enemies":"3 Byrds","floor":20,"turns":3}],"seed_played":"644232083780464438","potions_obtained":[{"floor":1,"key":"SpeedPotion"},{"floor":5,"key":"Weak Potion"},{"floor":16,"key":"FocusPotion"}],"is_trial":false,"path_per_floor":["M","M","?","T","M","R","$","R","T","$","E","?","R","$","R","B",null,"M","?","M"],"character_chosen":"DEFECT","items_purchased":["Fruit Juice"],"campfire_rested":0,"item_purchase_floors":[7],"current_hp_per_floor":[73,73,73,73,73,73,78,78,78,78,56,61,61,61,61,40,85,81,49,0],"gold":206,"neow_bonus":"RANDOM_COMMON_RELIC","is_prod":false,"is_daily":false,"chose_seed":false,"campfire_upgraded":4,"win_rate":0,"timestamp":1548879199,"path_taken":["M","M","?","?","M","R","$","R","T","?","E","?","R","$","R","BOSS","M","?","M"],"build_version":"2019-01-23","purchased_purges":0,"victory":false,"max_hp_per_floor":[75,75,75,75,75,75,80,80,80,80,80,85,85,85,85,85,85,85,85,85],"card_choices":[{"not_picked":["Consume","Aggregate"],"picked":"White Noise","floor":1},{"not_picked":["Compile Driver","Steam"],"picked":"Conserve Battery","floor":2},{"not_picked":["Turbo","Doom and Gloom"],"picked":"BootSequence","floor":5},{"not_picked":["Go for the Eyes","Chaos"],"picked":"Sunder","floor":11},{"not_picked":["All For One","Machine Learning"],"picked":"Creative AI","floor":16},{"not_picked":["Chaos","Redo"],"picked":"Stack","floor":18},{"not_picked":["Hologram","Redo+1"],"picked":"Leap+1","floor":19}],"player_experience":762301,"relics_obtained":[{"floor":4,"key":"Bottled Lightning"},{"floor":9,"key":"Juzu Bracelet"},{"floor":11,"key":"Ancient Tea Set"},{"floor":19,"key":"Red Mask"}],"event_choices":[{"cards_removed":["Strike_B"],"damage_healed":0,"gold_gain":0,"player_choice":"Card Removal","damage_taken":0,"max_hp_gain":0,"max_hp_loss":0,"event_name":"The Cleric","floor":3,"gold_loss":50},{"damage_healed":0,"gold_gain":0,"player_choice":"Donut","damage_taken":0,"max_hp_gain":5,"max_hp_loss":0,"event_name":"Big Fish","floor":12,"gold_loss":0},{"damage_healed":0,"gold_gain":0,"player_choice":"Fought Bandits","damage_taken":0,"max_hp_gain":0,"max_hp_loss":0,"event_name":"Masked Bandits","floor":19,"gold_loss":0}],"is_beta":false,"boss_relics":[{"not_picked":["Calling Bell","Pandora\u0027s Box"],"picked":"Philosopher\u0027s Stone"}],"items_purged_floors":[],"is_endless":false,"potions_floor_spawned":[1,5,16],"killed_by":"3 Byrds","ascension_level":3}