{"gold_per_floor":[109,109,127,73,97,131,131,306,306,326,360,315],"floor_reached":12,"playtime":513,"items_purged":[],"score":88,"play_id":"093a8c83-ac50-4dac-82e3-2a021259e39f","local_time":"20190113111211","is_ascension_mode":false,"campfire_choices":[{"data":"1","floor":7,"key":"LIFT"}],"neow_cost":"NONE","seed_source_timestamp":114855777848548,"circlet_count":0,"master_deck":["Strike_B","Strike_B","Strike_B","Strike_B","Defend_B","Defend_B","Defend_B","Defend_B","Zap","Dualcast","Go for the Eyes","Injury","Stack","Conserve Battery","Stack","Thunder Strike","Doubt","Fusion","Coolheaded"],"relics":["Cracked Core","Golden Idol","Girya","Potion Belt"],"potions_floor_usage":[11,12,12],"damage_taken":[{"damage":0,"enemies":"Small Slimes","floor":1,"turns":2},{"damage":6,"enemies":"Jaw Worm","floor":3,"turns":4},{"damage":0,"enemies":"2 Louse","floor":5,"turns":3},{"damage":36,"enemies":"3 Sentries","floor":6,"turns":9},{"damage":0,"enemies":"Large Slime","floor":10,"turns":6},{"damage":39,"enemies":"Gremlin Nob","floor":11,"turns":5},{"damage":1,"enemies":"Looter","floor":12,"turns":3}],"seed_played":"-286791662452839231","potions_obtained":[{"floor":6,"key":"Dexterity Potion"},{"floor":10,"key":"FocusPotion"},{"floor":11,"key":"EntropicBrew"}],"is_trial":false,"path_per_floor":["M","?","M","$","M","E","R","?","T","M","E","M"],"character_chosen":"DEFECT","items_purchased":["Conserve Battery"],"campfire_rested":0,"item_purchase_floors":[4],"current_hp_per_floor":[82,82,76,76,76,40,40,40,40,40,1,0],"gold":315,"neow_bonus":"TEN_PERCENT_HP_BONUS","is_prod":false,"is_daily":false,"chose_seed":false,"campfire_upgraded":0,"win_rate":0,"timestamp":1547395931,"path_taken":["M","?","M","$","M","E","R","?","T","M","E","M"],"build_version":"2019-01-10","purchased_purges":0,"victory":false,"max_hp_per_floor":[82,82,82,82,82,82,82,82,82,82,82,82],"card_choices":[{"not_picked":["Hologram","Heatsinks"],"picked":"Go for the Eyes","floor":1},{"not_picked":["Loop","Gash"],"picked":"Stack","floor":3},{"not_picked":["Fusion","Skim"],"picked":"Stack","floor":5},{"not_picked":["Doom and Gloom","Cold Snap"],"picked":"Thunder Strike","floor":6},{"not_picked":["Sweeping Beam","Go for the Eyes"],"picked":"Fusion","floor":10},{"not_picked":["Heatsinks","Auto Shields"],"picked":"Coolheaded","floor":11}],"player_experience":82358,"relics_obtained":[{"floor":6,"key":"Girya"},{"floor":11,"key":"Potion Belt"}],"event_choices":[{"damage_healed":0,"gold_gain":0,"player_choice":"Take Wound","damage_taken":0,"relics_obtained":["Golden Idol"],"max_hp_gain":0,"max_hp_loss":0,"event_name":"Golden Idol","floor":2,"gold_loss":0,"cards_obtained":["Injury"]},{"damage_healed":0,"gold_gain":175,"player_choice":"AGREE","damage_taken":0,"max_hp_gain":0,"max_hp_loss":0,"event_name":"Liars Game","floor":8,"gold_loss":0,"cards_obtained":["Doubt"]}],"is_beta":false,"boss_relics":[],"items_purged_floors":[],"is_endless":false,"potions_floor_spawned":[6,10,11],"killed_by":"Looter","ascension_level":0}