{"gold_per_floor":[117,117,131,144,72,72,72,72,128,142,142,217,217,235,235,333,333,351,371,296,315,365,365,377,112,112,126,126,126],"floor_reached":29,"playtime":1236,"items_purged":["Sunder"],"score":237,"play_id":"5490a9bd-6f3e-4b52-99d7-432d5c089dbe","local_time":"20180819171732","is_ascension_mode":true,"campfire_choices":[{"data":"Leap","floor":6,"key":"SMITH"},{"floor":8,"key":"REST"},{"data":"Buffer","floor":11,"key":"SMITH"},{"floor":15,"key":"REST"},{"floor":23,"key":"REST"},{"floor":28,"key":"REST"}],"neow_cost":"NONE","seed_source_timestamp":289857411965684,"circlet_count":0,"master_deck":["Defend_B+1","Defend_B","Defend_B","Defend_B","Zap+1","Dualcast","Buffer+1","Go for the Eyes","Conserve Battery","Leap+1","Beam Cell","Machine Learning","Streamline","Coolheaded","Gash+1","Bandage Up","FTL","Leap","Gash"],"relics":["Cracked Core","Tiny Chest","Black Star","Lantern","Juzu Bracelet"],"potions_floor_usage":[16,21,27,29,29],"damage_taken":[{"damage":8,"enemies":"Jaw Worm","floor":1,"turns":6},{"damage":0,"enemies":"Cultist","floor":3,"turns":3},{"damage":0,"enemies":"Small Slimes","floor":4,"turns":3},{"damage":0,"enemies":"Gremlin Gang","floor":10,"turns":4},{"damage":6,"enemies":"Large Slime","floor":14,"turns":5},{"damage":52,"enemies":"Hexaghost","floor":16,"turns":13},{"damage":46,"enemies":"3 Byrds","floor":18,"turns":7},{"damage":6,"enemies":"Chosen","floor":19,"turns":6},{"damage":22,"enemies":"3 Cultists","floor":21,"turns":7},{"damage":10,"enemies":"Centurion and Healer","floor":24,"turns":14},{"damage":12,"enemies":"Cultist and Chosen","floor":27,"turns":8},{"damage":45,"enemies":"3 Cultists","floor":29,"turns":6}],"seed_played":"-8453195617840098123","potions_obtained":[{"floor":3,"key":"Regen Potion"},{"floor":4,"key":"Energy Potion"},{"floor":14,"key":"GamblersBrew"},{"floor":16,"key":"AttackPotion"},{"floor":19,"key":"Energy Potion"},{"floor":21,"key":"FocusPotion"},{"floor":27,"key":"Poison Potion"}],"is_trial":false,"path_per_floor":["M","?","M","M","$","R","?","R","T","M","R","?","?","M","R","B",null,"M","M","?","M","T","R","M","$","T","M","R"],"character_chosen":"DEFECT","items_purchased":["Sunder","Bandage Up","FTL","Leap"],"campfire_rested":4,"item_purchase_floors":[5,25,25,25],"current_hp_per_floor":[67,67,67,67,67,67,52,74,74,74,74,63,56,50,72,32,75,29,23,23,1,1,23,13,13,13,5,27,0],"gold":126,"neow_bonus":"TRANSFORM_CARD","is_prod":false,"is_daily":false,"chose_seed":false,"campfire_upgraded":2,"win_rate":0,"timestamp":1534670252,"path_taken":["M","?","M","M","$","R","?","R","T","?","R","?","?","M","R","BOSS","M","M","?","M","?","R","?","$","T","M","R","M"],"build_version":"2018-08-16","purchased_purges":1,"victory":false,"max_hp_per_floor":[75,75,75,75,75,75,75,75,75,75,75,75,75,75,75,75,75,75,75,75,75,75,75,75,75,75,75,75,75],"card_choices":[{"not_picked":["Rebound","Capacitor"],"picked":"Go for the Eyes","floor":1},{"not_picked":["BootSequence","Scrape"],"picked":"Conserve Battery","floor":3},{"not_picked":["Hologram","Streamline"],"picked":"Leap","floor":4},{"not_picked":["Hologram","Capacitor","Hello World"],"picked":"SKIP","floor":10},{"not_picked":["Chaos","Recycle"],"picked":"Beam Cell","floor":14},{"not_picked":["Buffer","Multi-Cast"],"picked":"Machine Learning","floor":16},{"not_picked":["Aggregate","Rebound"],"picked":"Streamline","floor":18},{"not_picked":["Sunder","Sweeping Beam"],"picked":"Coolheaded","floor":19},{"not_picked":["Fusion","Conserve Battery+1"],"picked":"Gash+1","floor":21},{"not_picked":["Steam Power","Capacitor","Steam"],"picked":"SKIP","floor":24},{"not_picked":["Fusion+1","Rip and Tear"],"picked":"Gash","floor":27}],"player_experience":253372,"relics_obtained":[{"floor":9,"key":"Tiny Chest"},{"floor":22,"key":"Lantern"},{"floor":26,"key":"Juzu Bracelet"}],"event_choices":[{"event_name":"Living Wall","player_choice":"Forget","floor":2,"damage_taken":0},{"event_name":"Shining Light","player_choice":"Entered Light","floor":7,"damage_taken":0},{"event_name":"World of Goop","player_choice":"Gather Gold","floor":12,"damage_taken":0},{"event_name":"Golden Wing","player_choice":"Card Removal","floor":13,"damage_taken":0},{"event_name":"Beggar","player_choice":"Gave Gold","floor":20,"damage_taken":0}],"is_beta":false,"boss_relics":[{"not_picked":["Astrolabe","White Beast Statue"],"picked":"Black Star"}],"items_purged_floors":[25],"is_endless":false,"potions_floor_spawned":[3,4,14,16,19,21,27],"killed_by":"3 Cultists","ascension_level":2}