{"gold_per_floor":[115,115,40,50,66,66,76,76,101,128,143,143,43,43,43,43],"floor_reached":16,"playtime":494,"items_purged":["Strike_R","Strike_R"],"score":110,"play_id":"999dffc1-d98e-4f4c-8025-3560224f8dfa","local_time":"20180809134359","is_ascension_mode":true,"campfire_choices":[{"data":"Disarm","floor":6,"key":"SMITH"},{"data":"Warcry","floor":8,"key":"SMITH"},{"data":"Cleave","floor":12,"key":"SMITH"},{"floor":15,"key":"REST"}],"neow_cost":"NONE","seed_source_timestamp":876750251483643,"circlet_count":0,"master_deck":["Strike_R","Defend_R","Defend_R","Defend_R","Defend_R","Bash","Body Slam+1","Disarm+1","Headbutt","Warcry+1","Cleave+1"],"relics":["Burning Blood","Bronze Scales","Bag of Marbles"],"potions_floor_usage":[16,16],"damage_taken":[{"damage":14,"enemies":"Small Slimes","floor":1,"turns":5},{"damage":6,"enemies":"2 Louse","floor":4,"turns":3},{"damage":16,"enemies":"Jaw Worm","floor":5,"turns":5},{"damage":10,"enemies":"Looter","floor":7,"turns":4},{"damage":24,"enemies":"Lagavulin","floor":10,"turns":8},{"damage":2,"enemies":"Exordium Wildlife","floor":11,"turns":4},{"damage":80,"enemies":"Slime Boss","floor":16,"turns":12}],"seed_played":"-3664549951720552097","potions_obtained":[{"floor":5,"key":"Regen Potion"},{"floor":7,"key":"Regen Potion"},{"floor":11,"key":"Weak Potion"}],"is_trial":false,"path_per_floor":["M","?","$","M","M","R","M","R","T","E","M","R","$","?","R"],"character_chosen":"IRONCLAD","items_purchased":[],"campfire_rested":1,"item_purchase_floors":[],"current_hp_per_floor":[72,72,72,72,62,62,58,58,58,40,44,44,44,37,61,0],"gold":43,"neow_bonus":"REMOVE_CARD","is_prod":false,"is_daily":false,"chose_seed":false,"campfire_upgraded":3,"win_rate":0,"timestamp":1533793439,"path_taken":["M","?","$","M","M","R","M","R","T","E","M","R","$","?","R","BOSS"],"build_version":"2018-08-02","purchased_purges":2,"victory":false,"max_hp_per_floor":[80,80,80,80,80,80,80,80,80,80,80,80,80,80,80,80],"card_choices":[{"not_picked":["Twin Strike","Seeing Red"],"picked":"Body Slam","floor":1},{"not_picked":["Rupture","Intimidate"],"picked":"Disarm","floor":4},{"not_picked":["Havoc","Ghostly Armor"],"picked":"Headbutt","floor":5},{"not_picked":["Headbutt","Thunderclap"],"picked":"Warcry","floor":7},{"not_picked":["Immolate","Hemokinesis","Thunderclap"],"picked":"SKIP","floor":10},{"not_picked":["Flex","Warcry"],"picked":"Cleave","floor":11}],"player_experience":218670,"relics_obtained":[{"floor":9,"key":"Bronze Scales"},{"floor":10,"key":"Bag of Marbles"}],"event_choices":[{"event_name":"Living Wall","player_choice":"Grow","floor":2,"damage_taken":0},{"event_name":"Golden Wing","player_choice":"Card Removal","floor":14,"damage_taken":0}],"is_beta":false,"boss_relics":[],"items_purged_floors":[3,13],"is_endless":false,"potions_floor_spawned":[5,7,11],"killed_by":"Slime Boss","ascension_level":2}