{"gold_per_floor":[117,117,134,134,145,145,44,70,145,145,160,160,160,170,170,266,266,284,304,304],"floor_reached":20,"playtime":1194,"items_purged":["Strike_R"],"score":174,"play_id":"9189558a-0ce2-43e3-b79e-4009e4534d5e","local_time":"20180721220513","is_ascension_mode":false,"campfire_choices":[{"data":"Inflame","floor":6,"key":"SMITH"},{"floor":10,"key":"REST"},{"floor":12,"key":"REST"},{"data":"Double Tap","floor":15,"key":"SMITH"}],"neow_cost":"TEN_PERCENT_HP_LOSS","seed_source_timestamp":556736044240198,"circlet_count":0,"master_deck":["Strike_R","Defend_R","Defend_R","Defend_R","Defend_R","Bash","Dropkick","Inflame+1","Flex","Clash+1","Double Tap+1","Reaper+1","Iron Wave+1","Flex+1"],"relics":["Burning Blood","Centennial Puzzle","Molten Egg 2","Frozen Egg 2"],"potions_floor_usage":[],"damage_taken":[{"damage":5,"enemies":"Small Slimes","floor":1,"turns":4},{"damage":0,"enemies":"2 Louse","floor":3,"turns":3},{"damage":5,"enemies":"Jaw Worm","floor":5,"turns":4},{"damage":43,"enemies":"3 Sentries","floor":8,"turns":14},{"damage":4,"enemies":"3 Louse","floor":11,"turns":3},{"damage":10,"enemies":"Looter","floor":14,"turns":3},{"damage":41,"enemies":"Slime Boss","floor":16,"turns":11},{"damage":51,"enemies":"Spheric Guardian","floor":18,"turns":6},{"damage":15,"enemies":"2 Thieves","floor":19,"turns":5},{"damage":28,"enemies":"Slaver and Parasite","floor":20,"turns":5}],"seed_played":"-364075447554155274","potions_obtained":[{"floor":1,"key":"Fire Potion"},{"floor":8,"key":"Strength Potion"},{"floor":11,"key":"AttackPotion"}],"is_trial":false,"path_per_floor":["M","?","M","?","M","R","$","E","T","R","M","R","?","M","R","B",null,"M","M"],"character_chosen":"IRONCLAD","items_purchased":["Flex"],"campfire_rested":2,"item_purchase_floors":[7],"current_hp_per_floor":[72,72,72,65,66,66,66,29,29,50,52,72,72,68,68,33,72,27,28,0],"gold":304,"neow_bonus":"REMOVE_TWO","is_prod":false,"is_daily":false,"chose_seed":false,"campfire_upgraded":2,"win_rate":0.0,"timestamp":1532181913,"path_taken":["M","?","M","?","M","R","$","E","T","R","M","R","?","M","R","BOSS","M","M","M"],"build_version":"2018-07-19v2","purchased_purges":1,"victory":false,"max_hp_per_floor":[72,72,72,72,72,72,72,72,72,72,72,72,72,72,72,72,72,72,72,72],"card_choices":[{"not_picked":["Clothesline","Sword Boomerang"],"picked":"Dropkick","floor":1},{"not_picked":["Rage","True Grit","Carnage"],"picked":"SKIP","floor":3},{"not_picked":["Headbutt","Sword Boomerang"],"picked":"Inflame","floor":5},{"not_picked":["True Grit","Flame Barrier"],"picked":"Clash","floor":8},{"not_picked":["Body Slam+1","Pommel Strike+1","Power Through"],"picked":"SKIP","floor":11},{"not_picked":["Pommel Strike+1","Corruption+1"],"picked":"Double Tap","floor":14},{"not_picked":["Brutality+1","Offering"],"picked":"Reaper+1","floor":16},{"not_picked":["Combust+1","Clash+1"],"picked":"Iron Wave+1","floor":18},{"not_picked":["Armaments","True Grit"],"picked":"Flex+1","floor":19}],"player_experience":40995,"relics_obtained":[{"floor":8,"key":"Molten Egg 2"},{"floor":9,"key":"Frozen Egg 2"}],"event_choices":[{"event_name":"Living Wall","player_choice":"Forget","floor":2,"damage_taken":0},{"event_name":"Scrap Ooze","player_choice":"success","floor":4,"damage_taken":7},{"event_name":"Match and Keep!","player_choice":"0 cards matched","floor":13,"damage_taken":0}],"is_beta":false,"boss_relics":[{"not_picked":["Eternal Feather","Velvet Choker","Coffee Dripper"]}],"items_purged_floors":[7],"is_endless":false,"potions_floor_spawned":[1,8,11,14,18,19],"killed_by":"Slaver and Parasite","ascension_level":0}