{"gold_per_floor":[115,115,115,125,137,137,66,85,137,166,41,53,53,80,80,80],"floor_reached":16,"playtime":1548,"items_purged":[],"score":127,"play_id":"1055ae4b-a4b8-422f-aba5-b22e5fcdc8e9","local_time":"20190129213240","is_ascension_mode":true,"campfire_choices":[{"data":"Storm of Steel","floor":6.0,"key":"SMITH"},{"floor":15,"key":"REST"}],"neow_cost":"NONE","seed_source_timestamp":170675226801713,"circlet_count":0,"master_deck":["Defend_G","Defend_G","Defend_G","Defend_G","Defend_G","Strike_G","Strike_G","Strike_G","Strike_G","Survivor","Neutralize","Storm of Steel+1","Blade Dance","Footwork","Backflip","Footwork","Backflip"],"special_seed":0,"relics":["Ring of the Snake","Anchor","Boot","Bag of Marbles"],"potions_floor_usage":[16,16],"damage_taken":[{"damage":2.0,"enemies":"Small Slimes","floor":1.0,"turns":5.0},{"damage":1.0,"enemies":"Cultist","floor":4.0,"turns":4.0},{"damage":0.0,"enemies":"2 Louse","floor":5.0,"turns":3.0},{"damage":44,"enemies":"Exordium Thugs","floor":8,"turns":7},{"damage":9,"enemies":"3 Sentries","floor":10,"turns":11},{"damage":0,"enemies":"2 Fungi Beasts","floor":12,"turns":5},{"damage":5,"enemies":"Lagavulin","floor":14,"turns":15},{"damage":43,"enemies":"Slime Boss","floor":16,"turns":10}],"seed_played":"-1164324196170212809","potions_obtained":[{"floor":3.0,"key":"Fruit Juice"},{"floor":3.0,"key":"PowerPotion"},{"floor":3.0,"key":"FairyPotion"},{"floor":5.0,"key":"Swift Potion"}],"is_trial":false,"path_per_floor":["M","?","?","M","M","R","$","M","T","E","$","M","?","E","R","B"],"character_chosen":"THE_SILENT","items_purchased":["Footwork","Footwork","Backflip"],"campfire_rested":1,"item_purchase_floors":[7,11,11],"current_hp_per_floor":[68,68,73,72,72,72,72,28,28,19,19,19,12,7,29,0],"gold":80,"neow_bonus":"ONE_RANDOM_RARE_CARD","is_prod":false,"is_daily":false,"chose_seed":false,"campfire_upgraded":1,"win_rate":0,"timestamp":1548819160,"path_taken":["M","?","?","M","?","R","$","M","T","E","$","M","?","E","R","BOSS"],"build_version":"2019-01-23","purchased_purges":0,"victory":false,"max_hp_per_floor":[70,70,75,75,75,75,75,75,75,75,75,75,75,75,75,75],"card_choices":[{"not_picked":["Dagger Spray","Flying Knee"],"picked":"Blade Dance","floor":1.0},{"not_picked":["Quick Slash","Caltrops","Dagger Spray"],"picked":"SKIP","floor":4.0},{"not_picked":["PiercingWail","Predator","Sucker Punch"],"picked":"SKIP","floor":5.0},{"not_picked":["Dodge and Roll","Quick Slash","Heel Hook"],"picked":"SKIP","floor":8},{"not_picked":["Bouncing Flask","Endless Agony"],"picked":"Backflip","floor":10},{"not_picked":["Predator","Bane","Prepared"],"picked":"SKIP","floor":12},{"not_picked":["Heel Hook","Dagger Spray","Tactician"],"picked":"SKIP","floor":14}],"player_experience":263247,"relics_obtained":[{"floor":9,"key":"Anchor"},{"floor":10,"key":"Boot"},{"floor":14,"key":"Bag of Marbles"}],"event_choices":[{"damage_healed":0.0,"max_hp_gain":0.0,"max_hp_loss":0.0,"gold_gain":0.0,"event_name":"Golden Idol","player_choice":"Ignored","floor":2.0,"gold_loss":0.0,"damage_taken":0.0},{"damage_healed":0.0,"max_hp_gain":0.0,"max_hp_loss":0.0,"gold_gain":0.0,"event_name":"Lab","player_choice":"Got Potions","floor":3.0,"gold_loss":0.0,"damage_taken":0.0},{"cards_removed":["Strike_G"],"damage_healed":0,"gold_gain":0,"player_choice":"Card Removal","damage_taken":7,"max_hp_gain":0,"max_hp_loss":0,"event_name":"Golden Wing","floor":13,"gold_loss":0}],"is_beta":false,"boss_relics":[],"items_purged_floors":[],"is_endless":false,"potions_floor_spawned":[5,12],"killed_by":"Slime Boss","ascension_level":3}