{"gold_per_floor":[211,211,224,224,149,149,149,162,162,62,93,93,93,43,43,139,139,159,258,258,133,149,149,168,188,188,188,188,38,63,63,63,164,164,177,177,177,195,205,205,216,41,41,0,19,30,45,76,76,76],"floor_reached":51,"playtime":1587,"items_purged":["Strike_R","Defend_R","Strike_R+1","Defend_R","Strike_R"],"score":868,"play_id":"362e2309-58d6-4d09-8c11-f1a933f23c60","local_time":"20190130231601","is_ascension_mode":false,"campfire_choices":[{"data":"Bash","floor":6,"key":"SMITH"},{"data":"Rampage","floor":12,"key":"SMITH"},{"data":"Flame Barrier","floor":15,"key":"SMITH"},{"data":"Searing Blow+1","floor":23,"key":"SMITH"},{"floor":32,"key":"REST"},{"data":"Searing Blow+2","floor":40,"key":"SMITH"},{"data":"Searing Blow+3","floor":49,"key":"SMITH"}],"neow_cost":"NONE","seed_source_timestamp":94562182206707,"circlet_count":0,"master_deck":["Bash+1","Flame Barrier+1","Rampage+1","Body Slam+1","Searing Blow+4","Shrug It Off"],"relics":["Burning Blood","Ornamental Fan","Blue Candle","Pen Nib","Astrolabe","PreservedInsect","Anchor","Enchiridion","Snecko Eye","Frozen Egg 2","Red Mask","Juzu Bracelet"],"potions_floor_usage":[11,30,39,50,50,50],"damage_taken":[{"damage":1,"enemies":"Jaw Worm","floor":1,"turns":3},{"damage":3,"enemies":"2 Louse","floor":3,"turns":4},{"damage":0,"enemies":"Small Slimes","floor":8,"turns":2},{"damage":19,"enemies":"Lagavulin","floor":11,"turns":6},{"damage":31,"enemies":"Hexaghost","floor":16,"turns":8},{"damage":7,"enemies":"Shell Parasite","floor":18,"turns":4},{"damage":0,"enemies":"Spheric Guardian","floor":22,"turns":3},{"damage":17,"enemies":"Shelled Parasite and Fungi","floor":24,"turns":4},{"damage":22,"enemies":"Cultist and Chosen","floor":25,"turns":6},{"damage":9,"enemies":"Slavers","floor":30,"turns":4},{"damage":41,"enemies":"Collector","floor":33,"turns":8},{"damage":16,"enemies":"3 Darklings","floor":35,"turns":4},{"damage":0,"enemies":"3 Shapes","floor":38,"turns":4},{"damage":0,"enemies":"Jaw Worm Horde","floor":39,"turns":3},{"damage":0,"enemies":"Sphere and 2 Shapes","floor":41,"turns":2},{"damage":0,"enemies":"4 Shapes","floor":45,"turns":5},{"damage":0,"enemies":"Writhing Mass","floor":46,"turns":3},{"damage":0,"enemies":"Sphere and 2 Shapes","floor":47,"turns":3},{"damage":60,"enemies":"Reptomancer","floor":48,"turns":8},{"damage":36,"enemies":"Time Eater","floor":50,"turns":8}],"seed_played":"8697045726903574323","potions_obtained":[{"floor":3,"key":"Block Potion"},{"floor":16,"key":"Explosive Potion"},{"floor":18,"key":"Energy Potion"},{"floor":25,"key":"Regen Potion"},{"floor":33,"key":"Fire Potion"},{"floor":41,"key":"GamblersBrew"}],"is_trial":false,"path_per_floor":["M","?","M","?","$","R","?","M","T","$","E","R","$","?","R","B",null,"M","?","?","$","M","R","M","M","T","?","?","$","E","?","R","B",null,"M","?","?","M","M","R","M","$","T","?","M","M","M","E","R","B",null],"character_chosen":"IRONCLAD","items_purchased":[],"campfire_rested":1,"item_purchase_floors":[],"current_hp_per_floor":[80,73,76,60,60,60,60,66,66,66,53,53,53,53,53,28,80,79,79,79,79,80,80,69,53,53,38,66,66,63,47,72,37,85,75,75,75,81,81,81,81,81,81,81,81,81,81,27,27,12],"gold":76,"neow_bonus":"HUNDRED_GOLD","is_prod":false,"is_daily":false,"chose_seed":false,"campfire_upgraded":6,"win_rate":0,"timestamp":1548902761,"path_taken":["M","?","M","?","$","R","?","M","T","$","E","R","$","?","R","BOSS","M","?","?","$","M","R","M","?","T","?","?","$","E","?","R","BOSS","M","?","?","M","?","R","M","$","T","?","M","M","M","E","R","BOSS"],"build_version":"2019-01-23","purchased_purges":5,"victory":true,"max_hp_per_floor":[80,80,80,80,80,80,80,80,80,80,80,80,80,80,80,80,80,80,80,80,80,80,80,80,80,80,85,85,85,85,85,85,85,85,85,81,81,81,81,81,81,81,81,81,81,81,81,81,81,81],"card_choices":[{"not_picked":["Iron Wave","Flex","Body Slam"],"picked":"SKIP","floor":1},{"not_picked":["Anger","Twin Strike","Clothesline"],"picked":"SKIP","floor":3},{"not_picked":["Wild Strike","Seeing Red"],"picked":"Flame Barrier","floor":8},{"not_picked":["Berserk","Heavy Blade"],"picked":"Rampage","floor":11},{"not_picked":["Rage","Cleave","Rampage"],"picked":"SKIP","floor":18},{"not_picked":["Entrench","Clash","Shrug It Off"],"picked":"SKIP","floor":22},{"not_picked":["Armaments","Second Wind","Feel No Pain+1"],"picked":"SKIP","floor":24},{"not_picked":["Warcry","Shockwave"],"picked":"Shrug It Off","floor":25},{"not_picked":["Perfected Strike","Body Slam","Inflame"],"picked":"SKIP","floor":30},{"not_picked":["Metallicize","Headbutt+1","Twin Strike+1"],"picked":"SKIP","floor":35},{"not_picked":["Perfected Strike+1","Pommel Strike","Clash"],"picked":"SKIP","floor":38},{"not_picked":["Immolate","Warcry","Whirlwind+1"],"picked":"SKIP","floor":39},{"not_picked":["Dropkick+1","Combust","True Grit+1"],"picked":"SKIP","floor":41},{"not_picked":["True Grit+1","Metallicize+1","Clash+1"],"picked":"SKIP","floor":45},{"not_picked":["Corruption+1","Ghostly Armor+1","Clash"],"picked":"SKIP","floor":46},{"not_picked":["Shrug It Off+1","Clash","Headbutt"],"picked":"SKIP","floor":47},{"not_picked":["Power Through","Clothesline","Havoc"],"picked":"SKIP","floor":48}],"player_experience":284975,"relics_obtained":[{"floor":9,"key":"Blue Candle"},{"floor":11,"key":"Pen Nib"},{"floor":26,"key":"PreservedInsect"},{"floor":30,"key":"Anchor"},{"floor":31,"key":"Enchiridion"},{"floor":43,"key":"Frozen Egg 2"},{"floor":48,"key":"Juzu Bracelet"}],"event_choices":[{"damage_healed":0,"gold_gain":0,"player_choice":"Success","damage_taken":7,"relics_obtained":["Ornamental Fan"],"max_hp_gain":0,"max_hp_loss":0,"event_name":"Scrap Ooze","floor":2,"gold_loss":0},{"damage_healed":0,"gold_gain":0,"player_choice":"Entered Light","damage_taken":16,"max_hp_gain":0,"max_hp_loss":0,"event_name":"Shining Light","floor":4,"gold_loss":0,"cards_upgraded":["Strike_R","Strike_R"]},{"cards_removed":["Defend_R"],"damage_healed":0,"gold_gain":0,"player_choice":"Forget","damage_taken":0,"max_hp_gain":0,"max_hp_loss":0,"event_name":"Living Wall","floor":7,"gold_loss":0},{"cards_removed":["Strike_R"],"damage_healed":0,"gold_gain":0,"player_choice":"Card Removal","damage_taken":0,"max_hp_gain":0,"max_hp_loss":0,"event_name":"The Cleric","floor":14,"gold_loss":50},{"damage_healed":0,"gold_gain":99,"player_choice":"Stole From Cult","damage_taken":0,"max_hp_gain":0,"max_hp_loss":0,"event_name":"Nest","floor":19,"gold_loss":0},{"damage_healed":0,"gold_gain":0,"player_choice":"Bought 0 Potions","damage_taken":0,"max_hp_gain":0,"max_hp_loss":0,"event_name":"The Woman in Blue","floor":20,"gold_loss":0},{"damage_healed":0,"gold_gain":0,"player_choice":"Shed Blood","damage_taken":20,"max_hp_gain":5,"max_hp_loss":0,"event_name":"Forgotten Altar","floor":27,"gold_loss":0},{"damage_healed":28,"gold_gain":0,"player_choice":"Heal","damage_taken":0,"max_hp_gain":0,"max_hp_loss":0,"event_name":"The Library","floor":28,"gold_loss":0},{"damage_healed":0,"gold_gain":0,"player_choice":"Obtained Book","damage_taken":16,"max_hp_gain":0,"max_hp_loss":0,"event_name":"Cursed Tome","floor":31,"gold_loss":0},{"damage_healed":0,"gold_gain":0,"player_choice":"Max HP","damage_taken":0,"max_hp_gain":0,"max_hp_loss":4,"event_name":"Winding Halls","floor":36,"gold_loss":0},{"cards_removed":["Hemokinesis"],"damage_healed":0,"gold_gain":0,"player_choice":"Took Card","damage_taken":0,"max_hp_gain":0,"max_hp_loss":0,"event_name":"NoteForYourself","floor":37,"gold_loss":0,"cards_obtained":["Strike_R"]},{"damage_healed":0,"gold_gain":0,"player_choice":"Paid","damage_taken":0,"relics_obtained":["Red Mask"],"max_hp_gain":0,"max_hp_loss":0,"event_name":"Tomb of Lord Red Mask","floor":44,"gold_loss":41}],"is_beta":false,"boss_relics":[{"not_picked":["Runic Cube","Lizard Tail"],"picked":"Astrolabe"},{"not_picked":["Orrery","Velvet Choker"],"picked":"Snecko Eye"}],"items_purged_floors":[5,10,21,29,42],"is_endless":false,"potions_floor_spawned":[3,16,18,25,33,38,41,46,48],"ascension_level":0}