{"gold_per_floor":[117,136,3,3,3,3,31,31,31,31,56,69,81,98,98,176,176,193,193,206,131,142,142,158,158,158,188,204,229,243,33,33,111,111,121,42,42,0,13,13,13,13,13,13,13,45,45],"floor_reached":47,"playtime":2016,"items_purged":["Burning Pact"],"score":1084,"play_id":"4164e5f4-7c7c-4842-8fee-fea6de2c309d","local_time":"20190123041029","is_ascension_mode":true,"campfire_choices":[{"data":"Flame Barrier","floor":6.0,"key":"SMITH"},{"data":"Armaments","floor":8.0,"key":"SMITH"},{"floor":10.0,"key":"REST"},{"floor":15.0,"key":"REST"},{"floor":23.0,"key":"REST"},{"data":"Entrench","floor":25.0,"key":"SMITH"},{"floor":32,"key":"REST"},{"data":"Body Slam","floor":40,"key":"SMITH"},{"data":"Madness","floor":42,"key":"SMITH"}],"neow_cost":"PERCENT_DAMAGE","seed_source_timestamp":3989178180935883,"circlet_count":0,"master_deck":["AscendersBane","Strike_R","Strike_R","Strike_R","Defend_R","Defend_R+1","Defend_R","Defend_R","Bash","Carnage+1","Twin Strike","Flame Barrier+1","Clothesline","Armaments+1","Feel No Pain+1","Havoc","Barricade+1","Entrench+1","Havoc+1","Body Slam+1","Battle Trance","Impervious","Ghostly Armor","Entrench","Body Slam+1","Madness","Madness+1","Normality"],"special_seed":0,"relics":["Burning Blood","StoneCalendar","Sundial","Frozen Egg 2","Incense Burner","Cursed Key","Calipers","Strawberry","War Paint","Bronze Scales","Empty Cage","Red Mask","Shuriken","Art of War"],"potions_floor_usage":[27,28,33,46,46],"damage_taken":[{"damage":16.0,"enemies":"2 Louse","floor":1.0,"turns":3.0},{"damage":7.0,"enemies":"Small Slimes","floor":2.0,"turns":4.0},{"damage":20.0,"enemies":"Lagavulin","floor":7.0,"turns":6.0},{"damage":24.0,"enemies":"Gremlin Nob","floor":11.0,"turns":4.0},{"damage":9.0,"enemies":"Jaw Worm","floor":12.0,"turns":3.0},{"damage":15.0,"enemies":"Exordium Wildlife","floor":13.0,"turns":4.0},{"damage":11.0,"enemies":"Lots of Slimes","floor":14.0,"turns":4.0},{"damage":47.0,"enemies":"The Guardian","floor":16.0,"turns":14.0},{"damage":18.0,"enemies":"Spheric Guardian","floor":18.0,"turns":5.0},{"damage":3.0,"enemies":"Chosen","floor":20.0,"turns":5.0},{"damage":26.0,"enemies":"Sentry and Sphere","floor":22.0,"turns":7.0},{"damage":0.0,"enemies":"Centurion and Healer","floor":24.0,"turns":9.0},{"damage":21,"enemies":"Book of Stabbing","floor":27,"turns":6},{"damage":21,"enemies":"Shelled Parasite and Fungi","floor":28,"turns":6},{"damage":28,"enemies":"Cultist and Chosen","floor":30,"turns":7},{"damage":0,"enemies":"Collector","floor":33,"turns":11},{"damage":0,"enemies":"Orb Walker","floor":35,"turns":4},{"damage":13,"enemies":"3 Darklings","floor":39,"turns":7},{"damage":24,"enemies":"Reptomancer","floor":46,"turns":12},{"damage":40,"enemies":"Sphere and 2 Shapes","floor":47,"turns":7}],"seed_played":"1351993924485543289","potions_obtained":[{"floor":2.0,"key":"FearPotion"},{"floor":11.0,"key":"Swift Potion"},{"floor":14.0,"key":"Regen Potion"},{"floor":16.0,"key":"SpeedPotion"},{"floor":27,"key":"EssenceOfSteel"},{"floor":39,"key":"GamblersBrew"}],"is_trial":false,"path_per_floor":["M","M","$","?","?","R","E","R","T","R","E","M","M","M","R","B",null,"M","?","M","$","M","R","M","R","T","E","M","T","M","$","R","B",null,"M","$","$","?","M","R","?","R","T","$","?","E","M"],"character_chosen":"IRONCLAD","items_purchased":["Flame Barrier","Clothesline","Bronze Scales","Block Potion","Entrench"],"campfire_rested":4,"item_purchase_floors":[3,3,31,31,36],"current_hp_per_floor":[40,39,39,39,39,39,25,25,25,47,29,26,17,12,34,8,58,46,46,49,49,29,51,57,57,57,49,34,34,12,12,36,42,72,78,78,78,78,71,71,56,56,56,56,56,38,0],"gold":45,"neow_bonus":"ONE_RARE_RELIC","is_prod":false,"is_daily":false,"chose_seed":false,"campfire_upgraded":5,"win_rate":0,"timestamp":1548213029,"path_taken":["M","M","$","?","?","R","E","R","T","R","E","M","M","M","R","BOSS","M","?","M","$","M","R","M","R","T","E","M","?","M","?","R","BOSS","M","?","$","?","M","R","?","R","T","$","?","E","?"],"build_version":"2019-01-17v2","purchased_purges":1,"victory":false,"max_hp_per_floor":[75,75,75,75,75,75,75,75,75,75,75,75,75,75,75,75,75,75,75,75,75,75,75,75,75,75,82,82,82,82,82,82,82,82,82,82,82,82,82,82,82,82,82,82,82,82,82],"card_choices":[{"not_picked":["Anger","Armaments"],"picked":"Carnage","floor":1.0},{"not_picked":["Perfected Strike","Heavy Blade"],"picked":"Twin Strike","floor":2.0},{"not_picked":["Uppercut","Rage"],"picked":"Armaments","floor":7.0},{"not_picked":["Evolve+1","Blood for Blood","Sentinel"],"picked":"SKIP","floor":11.0},{"not_picked":["Iron Wave","Perfected Strike"],"picked":"Feel No Pain+1","floor":12.0},{"not_picked":["Pommel Strike","Twin Strike","Thunderclap"],"picked":"SKIP","floor":13.0},{"not_picked":["Havoc","Armaments","Anger"],"picked":"SKIP","floor":14.0},{"not_picked":["Armaments","Anger"],"picked":"Havoc","floor":14.0},{"not_picked":["Juggernaut+1","Dark Embrace+1"],"picked":"Barricade+1","floor":16.0},{"not_picked":["Sword Boomerang","Combust+1"],"picked":"Entrench","floor":18.0},{"not_picked":["Shockwave","Searing Blow","Twin Strike"],"picked":"SKIP","floor":20.0},{"not_picked":["Iron Wave","Perfected Strike"],"picked":"Body Slam+1","floor":22.0},{"not_picked":["Clothesline","Rage","Perfected Strike"],"picked":"SKIP","floor":24.0},{"not_picked":["Inflame+1","Perfected Strike","Spot Weakness"],"picked":"SKIP","floor":27},{"not_picked":["Warcry","Spot Weakness"],"picked":"Battle Trance","floor":28},{"not_picked":["Armaments","Heavy Blade","Flex"],"picked":"SKIP","floor":30},{"not_picked":["Juggernaut+1","Berserk+1"],"picked":"Impervious","floor":33},{"not_picked":["Reckless Charge+1","Anger"],"picked":"Ghostly Armor","floor":35},{"not_picked":["Perfected Strike","Twin Strike+1"],"picked":"Body Slam","floor":39},{"not_picked":["Bludgeon","Havoc+1","Heavy Blade+1"],"picked":"SKIP","floor":46}],"player_experience":757120,"relics_obtained":[{"floor":7.0,"key":"Sundial"},{"floor":9.0,"key":"Frozen Egg 2"},{"floor":11.0,"key":"Incense Burner"},{"floor":26.0,"key":"Calipers"},{"floor":27,"key":"Strawberry"},{"floor":29,"key":"War Paint"},{"floor":43,"key":"Shuriken"},{"floor":46,"key":"Art of War"}],"event_choices":[{"damage_healed":0.0,"max_hp_gain":0.0,"max_hp_loss":0.0,"gold_gain":0.0,"event_name":"Living Wall","player_choice":"Grow","floor":4.0,"gold_loss":0.0,"damage_taken":0.0,"cards_upgraded":["Carnage"]},{"damage_healed":0.0,"max_hp_gain":0.0,"max_hp_loss":0.0,"gold_gain":0.0,"event_name":"Scrap Ooze","player_choice":"Fled","floor":5.0,"gold_loss":0.0,"damage_taken":0.0},{"damage_healed":0.0,"max_hp_gain":0.0,"max_hp_loss":0.0,"gold_gain":0.0,"cards_transformed":["Strike_R","Strike_R"],"event_name":"Drug Dealer","player_choice":"Became Test Subject","floor":19.0,"gold_loss":0.0,"damage_taken":0.0,"cards_obtained":["Burning Pact","Havoc"]},{"damage_healed":0,"gold_gain":0,"player_choice":"Paid","damage_taken":0,"relics_obtained":["Red Mask"],"max_hp_gain":0,"max_hp_loss":0,"event_name":"Tomb of Lord Red Mask","floor":38,"gold_loss":42},{"damage_healed":0,"gold_gain":0,"player_choice":"Embrace Madness","damage_taken":15,"max_hp_gain":0,"max_hp_loss":0,"event_name":"Winding Halls","floor":41,"gold_loss":0,"cards_obtained":["Madness","Madness"]},{"damage_healed":0,"gold_gain":0,"player_choice":"Ignored","damage_taken":0,"max_hp_gain":0,"max_hp_loss":0,"event_name":"Mysterious Sphere","floor":45,"gold_loss":0}],"is_beta":false,"boss_relics":[{"not_picked":["Pandora\u0027s Box","Runic Pyramid"],"picked":"Cursed Key"},{"not_picked":["Runic Dome","Velvet Choker"],"picked":"Empty Cage"}],"items_purged_floors":[21],"is_endless":false,"potions_floor_spawned":[2,11,14,16,20,27,39],"killed_by":"Sphere and 2 Shapes","ascension_level":19}