{"gold_per_floor":[14,30,42,42,59,84,102,131,131,206,206,219,219,240,240,359,359,379,46,46,71,85,85,119,138,138,149,168,19,19,29,29,29],"floor_reached":33,"playtime":2851,"items_purged":[],"score":295,"play_id":"2644da79-f7f8-43d4-a86e-c07a54db3153","local_time":"20190123194954","is_ascension_mode":true,"campfire_choices":[{"floor":13,"key":"REST"},{"data":"Noxious Fumes","floor":15,"key":"SMITH"},{"data":"Accuracy","floor":23,"key":"SMITH"},{"floor":32,"key":"REST"}],"neow_cost":"NO_GOLD","seed_source_timestamp":0,"circlet_count":0,"master_deck":["Defend_G","Defend_G","Defend_G","Defend_G","Defend_G","Strike_G","Strike_G","Strike_G","Strike_G","Strike_G","Survivor","Neutralize","Distraction","Noxious Fumes+1","Deadly Poison","Sucker Punch","Venomology","Finisher","Infinite Blades","Predator","Accuracy+1","Bullet Time","Deflect+1","Noxious Fumes","Trip","Sucker Punch","Masterful Stab","Infinite Blades","Prepared+1","Sucker Punch","Well Laid Plans","Masterful Stab+1","Accuracy"],"special_seed":0,"relics":["Ring of the Snake","Torii","Blood Vial","Mango","Bag of Marbles","Art of War","Bloody Idol","WristBlade","Potion Belt","Paper Crane","Bottled Flame","Boot","Orichalcum"],"potions_floor_usage":[6,7,8,8,12,16,16,16,18,22,22,24,24,28,28,31,33],"damage_taken":[{"damage":0.0,"enemies":"Cultist","floor":1.0,"turns":5.0},{"damage":1.0,"enemies":"Small Slimes","floor":2.0,"turns":3.0},{"damage":1.0,"enemies":"Jaw Worm","floor":3.0,"turns":5.0},{"damage":1.0,"enemies":"Looter","floor":5.0,"turns":4.0},{"damage":2,"enemies":"3 Sentries","floor":6,"turns":7},{"damage":20,"enemies":"Exordium Thugs","floor":7,"turns":7},{"damage":28,"enemies":"Lagavulin","floor":8,"turns":8},{"damage":3,"enemies":"Gremlin Gang","floor":12,"turns":5},{"damage":0,"enemies":"Red Slaver","floor":14,"turns":5},{"damage":2,"enemies":"Slime Boss","floor":16,"turns":8},{"damage":28,"enemies":"3 Byrds","floor":18,"turns":6},{"damage":1,"enemies":"Spheric Guardian","floor":22,"turns":3},{"damage":47,"enemies":"Gremlin Leader","floor":24,"turns":7},{"damage":15,"enemies":"3 Cultists","floor":25,"turns":6},{"damage":1,"enemies":"Centurion and Healer","floor":27,"turns":5},{"damage":19,"enemies":"Chosen and Byrds","floor":28,"turns":7},{"damage":0,"enemies":"Cultist and Chosen","floor":31,"turns":4},{"damage":63,"enemies":"Champ","floor":33,"turns":8}],"seed_played":"-3496847122125248471","potions_obtained":[{"floor":2.0,"key":"Swift Potion"},{"floor":3.0,"key":"Explosive Potion"},{"floor":5,"key":"SkillPotion"},{"floor":8,"key":"GhostInAJar"},{"floor":12,"key":"EssenceOfSteel"},{"floor":27,"key":"Ancient Potion"},{"floor":28,"key":"Explosive Potion"}],"is_trial":false,"path_per_floor":["M","M","M","?","M","E","M","E","T","?","?","M","R","M","R","B",null,"M","$","?","T","M","R","E","M","T","M","M","$","?","M","R","B"],"character_chosen":"THE_SILENT","items_purchased":["Noxious Fumes","Explosive Potion","Trip","Sucker Punch","Masterful Stab","Boot"],"campfire_rested":2,"item_purchase_floors":[19,19,19,19,19,29],"current_hp_per_floor":[70,69,68,65,66,80,62,51,51,40,40,39,62,64,64,64,78,50,50,50,55,61,61,21,13,13,19,19,19,19,26,49,0],"gold":29,"neow_bonus":"ONE_RARE_RELIC","is_prod":false,"is_daily":false,"chose_seed":false,"campfire_upgraded":2,"win_rate":0,"timestamp":1548301794,"path_taken":["M","M","?","?","M","E","M","E","T","?","?","M","R","M","R","BOSS","M","$","?","?","?","R","E","M","T","M","M","?","?","?","R","BOSS"],"build_version":"2019-01-23","purchased_purges":0,"victory":false,"max_hp_per_floor":[70,70,70,70,70,84,84,84,84,84,78,78,78,78,78,78,78,78,78,78,78,78,78,78,78,78,78,78,78,78,78,78,78],"card_choices":[{"not_picked":["Bane","Blur"],"picked":"Distraction","floor":1.0},{"not_picked":["Caltrops","Acrobatics"],"picked":"Noxious Fumes","floor":2.0},{"not_picked":["Terror","Bane"],"picked":"Deadly Poison","floor":3.0},{"not_picked":["Deflect","Accuracy"],"picked":"Sucker Punch","floor":5},{"not_picked":["Choke","Dodge and Roll"],"picked":"Venomology","floor":6},{"not_picked":["PiercingWail","Endless Agony"],"picked":"Finisher","floor":7},{"not_picked":["Leg Sweep","Masterful Stab"],"picked":"Infinite Blades","floor":8},{"not_picked":["Backflip","Choke"],"picked":"Predator","floor":12},{"not_picked":["Dagger Throw","Dodge and Roll"],"picked":"Accuracy","floor":14},{"not_picked":["Doppelganger","Phantasmal Killer"],"picked":"Bullet Time","floor":16},{"not_picked":["Expertise","Acrobatics"],"picked":"Deflect+1","floor":18},{"not_picked":["Underhanded Strike","Blade Dance"],"picked":"Infinite Blades","floor":22},{"not_picked":["Flechettes","Unload"],"picked":"Prepared+1","floor":24},{"not_picked":["Prepared","Bane"],"picked":"Sucker Punch","floor":25},{"not_picked":["Distraction","Finisher"],"picked":"Well Laid Plans","floor":27},{"not_picked":["Deflect","Sucker Punch"],"picked":"Masterful Stab+1","floor":28},{"not_picked":["Riddle With Holes","Dodge and Roll"],"picked":"Accuracy","floor":31}],"player_experience":54124,"relics_obtained":[{"floor":6,"key":"Mango"},{"floor":8,"key":"Bag of Marbles"},{"floor":9,"key":"Art of War"},{"floor":21,"key":"Potion Belt"},{"floor":24,"key":"Paper Crane"},{"floor":26,"key":"Bottled Flame"}],"event_choices":[{"damage_healed":0.0,"max_hp_gain":0.0,"max_hp_loss":0.0,"gold_gain":0.0,"event_name":"Scrap Ooze","player_choice":"Success","floor":4.0,"gold_loss":0.0,"damage_taken":3.0,"relics_obtained":["Blood Vial"]},{"damage_healed":0,"gold_gain":75,"player_choice":"Gather Gold","damage_taken":11,"max_hp_gain":0,"max_hp_loss":0,"event_name":"World of Goop","floor":10,"gold_loss":0},{"damage_healed":0,"gold_gain":0,"player_choice":"Lose Max HP","damage_taken":0,"relics_obtained":["Golden Idol"],"max_hp_gain":0,"max_hp_loss":6,"event_name":"Golden Idol","floor":11,"gold_loss":0},{"damage_healed":0,"gold_gain":0,"player_choice":"Gave Idol","damage_taken":0,"relics_obtained":["Bloody Idol"],"max_hp_gain":0,"max_hp_loss":0,"event_name":"Forgotten Altar","floor":20,"relics_lost":["Golden Idol"],"gold_loss":0},{"damage_healed":0,"gold_gain":0,"player_choice":"Gave Potion","damage_taken":0,"relics_obtained":["Orichalcum"],"max_hp_gain":0,"max_hp_loss":0,"event_name":"WeMeetAgain","floor":30,"gold_loss":0}],"is_beta":false,"boss_relics":[{"not_picked":["Sozu","White Beast Statue"],"picked":"WristBlade"}],"items_purged_floors":[],"is_endless":false,"potions_floor_spawned":[2,3,5,8,12,27,28],"killed_by":"Champ","ascension_level":1}