{"gold_per_floor":[110,25,44,61,74,109,109,123,123,12,30,46,77,93,93,192,192,206,306,317,135,135,149,24,42,42,59,59,79,79,90,90,185,185,197,197,8,8,28,56,56,87,167,167,187,206,206,224,224,224],"floor_reached":51,"playtime":7633,"items_purged":["Strike_B","Strike_B","Defend_B","Defend_B"],"score":700,"play_id":"1741ec60-bcca-4a8e-b2c7-23c91d60921c","local_time":"20190202114019","is_ascension_mode":false,"campfire_choices":[{"floor":7,"key":"REST"},{"data":"Defragment","floor":15,"key":"SMITH"},{"floor":28,"key":"REST"},{"data":"Capacitor","floor":32,"key":"SMITH"},{"floor":41,"key":"REST"},{"floor":47,"key":"REST"},{"floor":49,"key":"REST"}],"neow_cost":"TEN_PERCENT_HP_LOSS","seed_source_timestamp":1004933945795,"circlet_count":0,"master_deck":["Strike_B","Defend_B","Dualcast","Rainbow","Gash","Conserve Battery","Fusion+1","Gash","Stack","Defragment+1","Glacier","Compile Driver","Coolheaded","Cold Snap","Reboot+1","Glacier+1","Ball Lightning","Sweeping Beam","Capacitor+1","Force Field","Machine Learning","Leap","Ball Lightning","Stack","Cold Snap+1","Chill+1","Creative AI","Heatsinks","Barrage","Conserve Battery+1","Sunder+1"],"relics":["Cracked Core","Vajra","Ancient Tea Set","PreservedInsect","Blue Candle","Nuclear Battery","StoneCalendar","Cables","Symbiotic Virus","Velvet Choker","Meat on the Bone","War Paint","Frozen Egg 2","Letter Opener"],"potions_floor_usage":[6,6,11,19,19,19,33,40,42,48],"damage_taken":[{"damage":0,"enemies":"Cultist","floor":1,"turns":3},{"damage":0,"enemies":"Small Slimes","floor":3,"turns":3},{"damage":6,"enemies":"2 Louse","floor":4,"turns":2},{"damage":0,"enemies":"Exordium Wildlife","floor":5,"turns":2},{"damage":40,"enemies":"3 Sentries","floor":6,"turns":7},{"damage":1,"enemies":"Red Slaver","floor":8,"turns":2},{"damage":6,"enemies":"2 Fungi Beasts","floor":11,"turns":2},{"damage":0,"enemies":"Blue Slaver","floor":12,"turns":4},{"damage":0,"enemies":"Lagavulin","floor":13,"turns":5},{"damage":9,"enemies":"Red Slaver","floor":14,"turns":3},{"damage":3,"enemies":"The Guardian","floor":16,"turns":14},{"damage":13,"enemies":"2 Thieves","floor":18,"turns":5},{"damage":6,"enemies":"Colosseum Slavers","floor":19,"turns":6},{"damage":15,"enemies":"Colosseum Nobs","floor":19,"turns":6},{"damage":0,"enemies":"Shell Parasite","floor":20,"turns":4},{"damage":0,"enemies":"Centurion and Healer","floor":23,"turns":6},{"damage":0,"enemies":"Cultist and Chosen","floor":25,"turns":7},{"damage":7,"enemies":"Snake Plant","floor":27,"turns":3},{"damage":0,"enemies":"Shelled Parasite and Fungi","floor":29,"turns":6},{"damage":5,"enemies":"Snecko","floor":31,"turns":5},{"damage":16,"enemies":"Champ","floor":33,"turns":12},{"damage":0,"enemies":"Orb Walker","floor":35,"turns":4},{"damage":6,"enemies":"3 Shapes","floor":39,"turns":7},{"damage":25,"enemies":"Nemesis","floor":40,"turns":7},{"damage":31,"enemies":"Reptomancer","floor":42,"turns":8},{"damage":8,"enemies":"Spire Growth","floor":45,"turns":7},{"damage":22,"enemies":"Jaw Worm Horde","floor":46,"turns":5},{"damage":6,"enemies":"Transient","floor":48,"turns":5},{"damage":24,"enemies":"Donu and Deca","floor":50,"turns":10}],"seed_played":"-2205344885133251129","potions_obtained":[{"floor":3,"key":"Regen Potion"},{"floor":4,"key":"Block Potion"},{"floor":6,"key":"Explosive Potion"},{"floor":11,"key":"GamblersBrew"},{"floor":13,"key":"Ancient Potion"},{"floor":18,"key":"Weak Potion"},{"floor":25,"key":"Energy Potion"},{"floor":27,"key":"Weak Potion"},{"floor":31,"key":"AttackPotion"},{"floor":39,"key":"PowerPotion"}],"is_trial":false,"path_per_floor":["M","?","M","M","M","E","R","M","T","$","M","M","E","M","R","B",null,"M","?","M","$","?","M","$","M","T","M","R","M","$","M","R","B",null,"M","?","$","?","M","E","R","E","T","T","M","M","R","M","R","B",null],"character_chosen":"DEFECT","items_purchased":["Defragment","Capacitor","Heatsinks"],"campfire_rested":5,"item_purchase_floors":[10,21,37],"current_hp_per_floor":[68,68,68,62,62,36,56,55,55,55,49,49,49,40,40,37,68,55,34,34,34,34,34,34,34,34,27,47,47,47,42,42,26,68,68,65,65,65,59,34,53,34,34,34,38,28,47,41,60,36],"gold":224,"neow_bonus":"THREE_RARE_CARDS","is_prod":false,"is_daily":false,"chose_seed":false,"campfire_upgraded":2,"win_rate":0,"timestamp":1549129219,"path_taken":["M","?","M","M","M","E","R","M","T","$","M","M","E","?","R","BOSS","M","?","M","$","?","M","?","M","T","M","R","M","$","M","R","BOSS","M","?","$","?","M","E","R","E","T","?","M","?","R","M","R","BOSS"],"build_version":"2019-01-23","purchased_purges":4,"victory":true,"max_hp_per_floor":[68,68,68,68,68,68,68,68,68,68,68,68,68,68,68,68,68,68,68,68,68,68,68,68,68,68,68,68,68,68,68,68,68,68,68,65,65,65,65,65,65,65,65,65,65,65,65,65,65,65],"card_choices":[{"not_picked":["Meteor Strike","Biased Cognition"],"picked":"Rainbow","floor":0},{"not_picked":["Beam Cell","Sunder"],"picked":"Gash","floor":1},{"not_picked":["Chill","Chaos"],"picked":"Conserve Battery","floor":3},{"not_picked":["Barrage","Genetic Algorithm"],"picked":"Fusion","floor":4},{"not_picked":["Melter","Steam","Beam Cell"],"picked":"SKIP","floor":5},{"not_picked":["Redo","Leap"],"picked":"Gash","floor":6},{"not_picked":["Turbo","Static Discharge"],"picked":"Stack","floor":8},{"not_picked":["Turbo","Rip and Tear"],"picked":"Glacier","floor":11},{"not_picked":["Meteor Strike","Doom and Gloom"],"picked":"Compile Driver","floor":12},{"not_picked":["Leap","Redo"],"picked":"Coolheaded","floor":13},{"not_picked":["Chill","Rebound"],"picked":"Cold Snap","floor":14},{"not_picked":["Hyperbeam","Thunder Strike"],"picked":"Reboot","floor":16},{"not_picked":["Scrape","Steam"],"picked":"Glacier+1","floor":18},{"not_picked":["Hello World","Doom and Gloom"],"picked":"Ball Lightning","floor":19},{"not_picked":["Coolheaded","Streamline"],"picked":"Sweeping Beam","floor":20},{"not_picked":["Force Field","Cold Snap"],"picked":"Leap","floor":23},{"not_picked":["Hologram","Cold Snap"],"picked":"Ball Lightning","floor":25},{"not_picked":["Hyperbeam","Turbo"],"picked":"Stack","floor":27},{"not_picked":["Compile Driver","Glacier+1"],"picked":"Cold Snap+1","floor":29},{"not_picked":["Ball Lightning+1","Compile Driver"],"picked":"Chill+1","floor":31},{"not_picked":["Reboot","Hyperbeam"],"picked":"Creative AI","floor":33},{"not_picked":["Doom and Gloom+1","Steam+1","Cold Snap+1"],"picked":"SKIP","floor":35},{"not_picked":["Cold Snap+1","Double Energy+1","Compile Driver"],"picked":"SKIP","floor":39},{"not_picked":["Steam","Sweeping Beam"],"picked":"Barrage","floor":40},{"not_picked":["Coolheaded","Darkness","Sweeping Beam"],"picked":"SKIP","floor":42},{"not_picked":["Sweeping Beam","Ball Lightning","Steam+1"],"picked":"SKIP","floor":45},{"not_picked":["Compile Driver","Force Field"],"picked":"Conserve Battery+1","floor":46},{"not_picked":["Leap+1","Double Energy+1"],"picked":"Sunder+1","floor":48}],"player_experience":81246,"relics_obtained":[{"floor":6,"key":"Ancient Tea Set"},{"floor":9,"key":"PreservedInsect"},{"floor":13,"key":"Blue Candle"},{"floor":19,"key":"StoneCalendar"},{"floor":19,"key":"Cables"},{"floor":26,"key":"Symbiotic Virus"},{"floor":40,"key":"Meat on the Bone"},{"floor":42,"key":"War Paint"},{"floor":43,"key":"Frozen Egg 2"},{"floor":44,"key":"Letter Opener"}],"event_choices":[{"damage_healed":0,"gold_gain":0,"player_choice":"Paid Gold","damage_taken":0,"relics_obtained":["Vajra"],"max_hp_gain":0,"max_hp_loss":0,"event_name":"WeMeetAgain","floor":2,"gold_loss":85},{"damage_healed":0,"gold_gain":0,"player_choice":"Fight","damage_taken":0,"max_hp_gain":0,"max_hp_loss":0,"event_name":"Colosseum","floor":19,"gold_loss":0},{"damage_healed":0,"gold_gain":0,"player_choice":"Fought Nobs","damage_taken":0,"max_hp_gain":0,"max_hp_loss":0,"event_name":"Colosseum","floor":19,"gold_loss":0},{"damage_healed":0,"gold_gain":0,"cards_transformed":["Defend_B","Strike_B"],"player_choice":"Became Test Subject","damage_taken":0,"max_hp_gain":0,"max_hp_loss":0,"event_name":"Drug Dealer","floor":22,"gold_loss":0,"cards_obtained":["Force Field","Machine Learning"]},{"damage_healed":0,"gold_gain":0,"player_choice":"Max HP","damage_taken":0,"max_hp_gain":0,"max_hp_loss":3,"event_name":"Winding Halls","floor":36,"gold_loss":0},{"cards_removed":["Zap"],"damage_healed":0,"gold_gain":0,"player_choice":"Removed Skill","damage_taken":0,"max_hp_gain":0,"max_hp_loss":0,"event_name":"Falling","floor":38,"gold_loss":0}],"is_beta":false,"boss_relics":[{"not_picked":["Philosopher\u0027s Stone","Coffee Dripper"],"picked":"Nuclear Battery"},{"not_picked":["Cursed Key","Busted Crown"],"picked":"Velvet Choker"}],"items_purged_floors":[10,21,24,37],"is_endless":false,"potions_floor_spawned":[3,4,6,11,13,18,19,25,27,31,39],"ascension_level":0}