{"gold_per_floor":[109,109,109,34,58,58,98,98,122,122,142,142,13,13,13,106,106,126,126,146,166,16,16,16,16,16,16,40,40,79,79,79,172,172,186,461,477,498,19,19,34,49,75,75],"floor_reached":44,"playtime":1426,"items_purged":["Strike_G","Strike_G","Regret"],"score":786,"play_id":"c0ef0fea-fb9d-431d-b56f-aefbfa15f6bd","local_time":"20190202171859","is_ascension_mode":true,"campfire_choices":[{"data":"Noxious Fumes","floor":6,"key":"SMITH"},{"floor":8,"key":"REST"},{"data":"Leg Sweep","floor":10,"key":"SMITH"},{"data":"Deadly Poison","floor":15,"key":"SMITH"},{"data":"Burst","floor":23,"key":"SMITH"},{"floor":27,"key":"REST"},{"data":"Neutralize","floor":29,"key":"SMITH"},{"floor":32,"key":"REST"},{"floor":40,"key":"REST"}],"neow_cost":"NONE","seed_source_timestamp":10214740021900,"circlet_count":0,"master_deck":["AscendersBane","Defend_G+1","Defend_G+1","Defend_G+1","Defend_G+1","Defend_G+1","Strike_G+1","Strike_G+1","Survivor","Neutralize+1","Noxious Fumes+1","Leg Sweep+1","Adrenaline","Deadly Poison+1","Burst+1","Dodge and Roll","Deadly Poison","Corpse Explosion","Die Die Die","PiercingWail","Deadly Poison+1"],"relics":["Ring of the Snake","Golden Idol","Oddly Smooth Stone","Ancient Tea Set","GremlinMask","Bag of Marbles","Velvet Choker","Mummified Hand","Ninja Scroll","Blood Vial","Philosopher\u0027s Stone","Mango","Pen Nib"],"potions_floor_usage":[7,7,18,30,30,44],"damage_taken":[{"damage":4,"enemies":"Small Slimes","floor":1,"turns":4},{"damage":2,"enemies":"Jaw Worm","floor":5,"turns":8},{"damage":39,"enemies":"Gremlin Nob","floor":7,"turns":5},{"damage":0,"enemies":"2 Louse","floor":11,"turns":2},{"damage":10,"enemies":"Hexaghost","floor":16,"turns":11},{"damage":24,"enemies":"Chosen","floor":18,"turns":6},{"damage":4,"enemies":"Spheric Guardian","floor":20,"turns":5},{"damage":2,"enemies":"Cultist and Chosen","floor":21,"turns":6},{"damage":0,"enemies":"Snecko","floor":28,"turns":4},{"damage":7,"enemies":"Slavers","floor":30,"turns":8},{"damage":15,"enemies":"Automaton","floor":33,"turns":10},{"damage":0,"enemies":"Orb Walker","floor":35,"turns":4},{"damage":23,"enemies":"3 Darklings","floor":37,"turns":3},{"damage":28,"enemies":"Transient","floor":38,"turns":5},{"damage":6,"enemies":"Maw","floor":41,"turns":8},{"damage":24,"enemies":"4 Shapes","floor":42,"turns":3},{"damage":35,"enemies":"Reptomancer","floor":44,"turns":4}],"seed_played":"5127580059503083466","potions_obtained":[{"floor":1,"key":"SkillPotion"},{"floor":5,"key":"SpeedPotion"},{"floor":16,"key":"SkillPotion"},{"floor":20,"key":"AttackPotion"},{"floor":28,"key":"SkillPotion"},{"floor":38,"key":"LiquidBronze"},{"floor":41,"key":"AttackPotion"}],"is_trial":false,"path_per_floor":["M","?","?","$","M","R","E","R","T","R","M","?","$","T","R","B",null,"M","T","M","M","$","R","?","$","T","R","M","R","E","?","R","B",null,"M","?","M","M","$","R","M","M","T","E"],"character_chosen":"THE_SILENT","items_purchased":["Noxious Fumes","Deadly Poison","PowerPotion","Mango","PiercingWail"],"campfire_rested":4,"item_purchase_floors":[4,13,22,39,39],"current_hp_per_floor":[61,54,54,54,52,52,13,32,32,32,32,32,32,32,32,22,54,30,30,26,24,24,24,24,24,24,43,43,43,36,36,55,42,59,61,61,40,14,28,51,47,25,25,0],"gold":75,"neow_bonus":"TEN_PERCENT_HP_BONUS","is_prod":false,"is_daily":false,"chose_seed":false,"campfire_upgraded":5,"win_rate":0,"timestamp":1549120739,"path_taken":["M","?","?","?","?","R","E","R","T","R","M","?","$","?","R","BOSS","M","?","M","M","$","R","?","?","T","R","?","R","E","?","R","BOSS","M","?","M","M","$","R","M","?","T","E"],"build_version":"2019-01-23","purchased_purges":3,"victory":false,"max_hp_per_floor":[72,72,65,65,65,65,65,65,65,65,65,65,65,65,65,65,65,65,65,65,65,65,65,65,65,65,65,65,65,65,65,65,65,65,65,65,65,65,79,79,79,79,79,79],"card_choices":[{"not_picked":["Endless Agony","Riddle With Holes","Heel Hook"],"picked":"SKIP","floor":1},{"not_picked":["Dodge and Roll","Eviscerate"],"picked":"Leg Sweep","floor":5},{"not_picked":["Concentrate","Well Laid Plans"],"picked":"Adrenaline","floor":7},{"not_picked":["Backflip","Flying Knee","Prepared"],"picked":"SKIP","floor":11},{"not_picked":["Tools of the Trade","Storm of Steel"],"picked":"Burst","floor":16},{"not_picked":["Deflect","Slice","Dagger Spray"],"picked":"SKIP","floor":18},{"not_picked":["Choke","Backflip"],"picked":"Dodge and Roll","floor":20},{"not_picked":["Dagger Spray","Flying Knee"],"picked":"Deadly Poison","floor":21},{"not_picked":["Masterful Stab","Calculated Gamble","Quick Slash"],"picked":"SKIP","floor":28},{"not_picked":["Sucker Punch","Bane"],"picked":"Corpse Explosion","floor":30},{"not_picked":["Phantasmal Killer","Tools of the Trade"],"picked":"Die Die Die","floor":33},{"not_picked":["Underhanded Strike","Quick Slash+1","Dodge and Roll"],"picked":"SKIP","floor":35},{"not_picked":["Cloak And Dagger","Blade Dance","Flying Knee"],"picked":"SKIP","floor":37},{"not_picked":["Backflip","Sucker Punch","Slice"],"picked":"SKIP","floor":38},{"not_picked":["Cloak And Dagger","Heel Hook"],"picked":"Deadly Poison+1","floor":41},{"not_picked":["Dagger Spray+1","Bane","Acrobatics"],"picked":"SKIP","floor":42}],"player_experience":574578,"relics_obtained":[{"floor":7,"key":"Oddly Smooth Stone"},{"floor":9,"key":"Ancient Tea Set"},{"floor":14,"key":"Bag of Marbles"},{"floor":19,"key":"Mummified Hand"},{"floor":26,"key":"Ninja Scroll"},{"floor":30,"key":"Blood Vial"},{"floor":43,"key":"Pen Nib"}],"event_choices":[{"cards_removed":["Strike_G"],"damage_healed":0,"gold_gain":0,"player_choice":"Card Removal","damage_taken":7,"max_hp_gain":0,"max_hp_loss":0,"event_name":"Golden Wing","floor":2,"gold_loss":0},{"damage_healed":0,"gold_gain":0,"player_choice":"Lose Max HP","damage_taken":0,"relics_obtained":["Golden Idol"],"max_hp_gain":0,"max_hp_loss":7,"event_name":"Golden Idol","floor":3,"gold_loss":0},{"damage_healed":0,"gold_gain":0,"player_choice":"Trade","damage_taken":0,"relics_obtained":["GremlinMask"],"max_hp_gain":0,"max_hp_loss":0,"event_name":"FaceTrader","floor":12,"gold_loss":0},{"damage_healed":0,"gold_gain":0,"player_choice":"Simplicity","damage_taken":0,"max_hp_gain":0,"max_hp_loss":0,"event_name":"Back to Basics","floor":24,"gold_loss":0,"cards_upgraded":["Defend_G","Defend_G","Defend_G","Defend_G","Defend_G","Strike_G","Strike_G"]},{"damage_healed":0,"gold_gain":0,"player_choice":"Ignored","damage_taken":0,"max_hp_gain":0,"max_hp_loss":0,"event_name":"The Mausoleum","floor":31,"gold_loss":0},{"damage_healed":0,"gold_gain":275,"player_choice":"Desecrate","damage_taken":0,"max_hp_gain":0,"max_hp_loss":0,"event_name":"Golden Shrine","floor":36,"gold_loss":0,"cards_obtained":["Regret"]}],"is_beta":false,"boss_relics":[{"not_picked":["Orrery","Runic Dome"],"picked":"Velvet Choker"},{"not_picked":["Astrolabe","Runic Pyramid"],"picked":"Philosopher\u0027s Stone"}],"items_purged_floors":[13,22,39],"is_endless":false,"potions_floor_spawned":[1,5,16,20,28,38,41],"killed_by":"Reptomancer","ascension_level":15}