{"gold_per_floor":[109,109,129,145,194,194,213,213,213,226,226,243,257,291,291,390,390,403,403,419,87,101,101,111,36,36,51,51,78,78,89,89,89],"floor_reached":33,"playtime":1464,"items_purged":["Defend_R"],"score":459,"play_id":"36f2b537-b1ef-4c03-a4b7-94bc11d2aca1","local_time":"20190121192558","is_ascension_mode":true,"campfire_choices":[{"data":"Flame Barrier","floor":6,"key":"SMITH"},{"data":"Body Slam","floor":8,"key":"SMITH"},{"data":"Perfected Strike","floor":11,"key":"SMITH"},{"data":"Spot Weakness","floor":15,"key":"SMITH"},{"data":"Limit Break","floor":23,"key":"SMITH"},{"floor":28,"key":"REST"},{"floor":32,"key":"REST"}],"neow_cost":"NONE","seed_source_timestamp":1039438192917833,"circlet_count":0,"master_deck":["AscendersBane","Strike_R","Strike_R","Strike_R","Strike_R","Strike_R","Defend_R","Defend_R","Defend_R","Bash","Headbutt","Flame Barrier+1","Spot Weakness+1","Body Slam+1","Perfected Strike+1","Pommel Strike","Pummel","Limit Break+1","Shrug It Off","Shrug It Off","Perfected Strike+1","Pommel Strike","Armaments+1","Spot Weakness","Twin Strike","Shockwave","Shrug It Off+1","Feed"],"relics":["Burning Blood","Ancient Tea Set","Nunchaku","Incense Burner","Orrery","Lee\u0027s Waffle","Bottled Lightning","Question Card"],"potions_floor_usage":[7,7,12,14,18,20,31],"damage_taken":[{"damage":5,"enemies":"2 Louse","floor":1,"turns":4},{"damage":7,"enemies":"Jaw Worm","floor":3,"turns":4},{"damage":6,"enemies":"Cultist","floor":4,"turns":3},{"damage":11,"enemies":"Gremlin Gang","floor":7,"turns":4},{"damage":12,"enemies":"Exordium Wildlife","floor":10,"turns":4},{"damage":1,"enemies":"Exordium Thugs","floor":12,"turns":3},{"damage":0,"enemies":"Large Slime","floor":13,"turns":4},{"damage":19,"enemies":"3 Sentries","floor":14,"turns":5},{"damage":62,"enemies":"Hexaghost","floor":16,"turns":10},{"damage":10,"enemies":"Spheric Guardian","floor":18,"turns":4},{"damage":3,"enemies":"3 Byrds","floor":20,"turns":3},{"damage":34,"enemies":"Shelled Parasite and Fungi","floor":22,"turns":5},{"damage":10,"enemies":"Snecko","floor":24,"turns":5},{"damage":1,"enemies":"Centurion and Healer","floor":27,"turns":5},{"damage":38,"enemies":"Slavers","floor":29,"turns":5},{"damage":28,"enemies":"3 Cultists","floor":31,"turns":6},{"damage":74,"enemies":"Collector","floor":33,"turns":6}],"seed_played":"-5788371026435701076","potions_obtained":[{"floor":1,"key":"Fire Potion"},{"floor":4,"key":"Regen Potion"},{"floor":10,"key":"FearPotion"},{"floor":13,"key":"EssenceOfSteel"},{"floor":14,"key":"BloodPotion"},{"floor":18,"key":"Explosive Potion"},{"floor":31,"key":"Fruit Juice"}],"is_trial":false,"path_per_floor":["M","?","M","M","T","R","M","R","T","M","R","M","M","E","R","B",null,"M","?","M","$","M","R","M","$","T","M","R","E","?","M","R","B"],"character_chosen":"IRONCLAD","items_purchased":["Lee\u0027s Waffle","Twin Strike","Shockwave"],"campfire_rested":2,"item_purchase_floors":[21,21,21],"current_hp_per_floor":[73,73,72,72,72,72,79,79,79,73,73,78,80,67,67,11,63,67,59,62,87,59,59,55,55,55,60,86,57,57,40,68,0],"gold":89,"neow_bonus":"THREE_CARDS","is_prod":false,"is_daily":false,"chose_seed":false,"campfire_upgraded":5,"win_rate":0,"timestamp":1548095158,"path_taken":["M","?","M","M","?","R","M","R","T","M","R","M","M","E","R","BOSS","M","?","M","$","M","R","M","?","T","?","R","E","?","M","R","BOSS"],"build_version":"2019-01-17v2","purchased_purges":1,"victory":false,"max_hp_per_floor":[80,80,80,80,80,80,80,80,80,80,80,80,80,80,80,80,80,80,80,80,87,87,87,87,87,87,87,87,90,90,95,95,95],"card_choices":[{"not_picked":["Clash","Feel No Pain"],"picked":"Headbutt","floor":0},{"not_picked":["Corruption","Entrench"],"picked":"Flame Barrier","floor":1},{"not_picked":["Headbutt","Evolve"],"picked":"Spot Weakness","floor":3},{"not_picked":["Sword Boomerang","Sentinel"],"picked":"Body Slam","floor":4},{"not_picked":["Searing Blow","Rage","Whirlwind"],"picked":"SKIP","floor":7},{"not_picked":["Thunderclap","Combust"],"picked":"Perfected Strike","floor":10},{"not_picked":["Rupture","Body Slam"],"picked":"Pommel Strike","floor":12},{"not_picked":["Headbutt","Anger","Whirlwind"],"picked":"SKIP","floor":13},{"not_picked":["Bloodletting","Headbutt"],"picked":"Pummel","floor":14},{"not_picked":["Juggernaut","Reaper"],"picked":"Limit Break","floor":16},{"not_picked":["Iron Wave","Searing Blow"],"picked":"Shrug It Off","floor":17},{"not_picked":["Anger","Body Slam"],"picked":"Shrug It Off","floor":17},{"not_picked":["Clash","Combust"],"picked":"Perfected Strike","floor":17},{"not_picked":["Clash","Power Through"],"picked":"Pommel Strike","floor":17},{"not_picked":["Offering","Shrug It Off"],"picked":"Armaments+1","floor":18},{"not_picked":["Flex","Sword Boomerang"],"picked":"Spot Weakness","floor":20},{"not_picked":["Clash","Havoc+1"],"picked":"Shrug It Off+1","floor":22},{"not_picked":["Blood for Blood+1","Ghostly Armor"],"picked":"Feed","floor":24},{"not_picked":["Sword Boomerang","Warcry","Uppercut"],"picked":"SKIP","floor":27},{"not_picked":["Twin Strike","Flame Barrier+1","Iron Wave"],"picked":"SKIP","floor":29},{"not_picked":["Headbutt","Pummel","Rupture+1","Body Slam"],"picked":"SKIP","floor":31}],"player_experience":277056,"relics_obtained":[{"floor":5,"key":"Ancient Tea Set"},{"floor":9,"key":"Nunchaku"},{"floor":14,"key":"Incense Burner"},{"floor":26,"key":"Bottled Lightning"},{"floor":29,"key":"Question Card"}],"event_choices":[{"damage_healed":0,"gold_gain":0,"player_choice":"Leave","damage_taken":0,"max_hp_gain":0,"max_hp_loss":0,"event_name":"The Cleric","floor":2,"gold_loss":0},{"damage_healed":0,"gold_gain":0,"player_choice":"Damaged","damage_taken":8,"max_hp_gain":0,"max_hp_loss":0,"event_name":"Wheel of Change","floor":19,"gold_loss":0},{"damage_healed":0,"gold_gain":0,"player_choice":"Forge","damage_taken":0,"max_hp_gain":0,"max_hp_loss":0,"event_name":"Accursed Blacksmith","floor":30,"gold_loss":0,"cards_upgraded":["Perfected Strike"]}],"is_beta":false,"boss_relics":[{"not_picked":["Runic Dome","Coffee Dripper"],"picked":"Orrery"}],"items_purged_floors":[25],"is_endless":false,"potions_floor_spawned":[1,4,10,13,14,18,31],"killed_by":"Collector","ascension_level":12}