{"gold_per_floor":[111,12,12,29,29,29,46,60,60,60,86,100,125,141,141,245,245,262,37,51,51,71,71,71,102,102,120,139,139,15,47,59,169,181,212,241,270,89,104,104,121,121,144,144,144,157,174,186,186,186],"floor_reached":51,"playtime":9619,"items_purged":["Strike_G","Expertise"],"score":778,"play_id":"da8db95d-3c98-493b-a9de-67078273dcfe","local_time":"20190120215326","is_ascension_mode":false,"campfire_choices":[{"data":"Flechettes","floor":6,"key":"SMITH"},{"data":"All Out Attack","floor":10,"key":"SMITH"},{"data":"Tactician","floor":15,"key":"SMITH"},{"data":"Well Laid Plans","floor":23,"key":"SMITH"},{"data":"Apotheosis","floor":32,"key":"SMITH"},{"floor":40,"key":"REST"},{"floor":42,"key":"REST"},{"floor":44,"key":"REST"},{"floor":49,"key":"REST"}],"neow_cost":"NONE","seed_source_timestamp":555521260045037,"circlet_count":0,"master_deck":["Defend_G+1","Defend_G","Defend_G","Defend_G","Survivor","Neutralize","Dagger Throw","Deflect","Flechettes+1","Backstab","All Out Attack+1","Die Die Die","Tactician+1","Dagger Throw","Bullet Time","Footwork","Apotheosis+1","Reflex","Well Laid Plans+1","Escape Plan","Bite","Bite","Bite","Bite","Bite","Unload","Prepared","Prepared","Backflip","Terror","Adrenaline","Acrobatics","Dagger Throw","Blur+1","Underhanded Strike+1","Quick Slash","Finisher+1","Infinite Blades","Underhanded Strike+1","Metamorphosis","Outmaneuver","Eviscerate","Blind","Metamorphosis","Finesse"],"relics":["Ring of the Snake","Mango","StoneCalendar","Pen Nib","Oddly Smooth Stone","Lizard Tail","Orichalcum","Dodecahedron","MawBank","Orrery","Strawberry"],"potions_floor_usage":[13,16,16,18,33,33,33,47,50],"damage_taken":[{"damage":0,"enemies":"2 Louse","floor":1,"turns":3},{"damage":0,"enemies":"Jaw Worm","floor":4,"turns":5},{"damage":0,"enemies":"Small Slimes","floor":7,"turns":2},{"damage":0,"enemies":"3 Louse","floor":8,"turns":3},{"damage":9,"enemies":"Lagavulin","floor":11,"turns":7},{"damage":0,"enemies":"2 Fungi Beasts","floor":12,"turns":2},{"damage":13,"enemies":"Gremlin Nob","floor":13,"turns":4},{"damage":0,"enemies":"Blue Slaver","floor":14,"turns":2},{"damage":0,"enemies":"Hexaghost","floor":16,"turns":7},{"damage":0,"enemies":"Spheric Guardian","floor":18,"turns":3},{"damage":11,"enemies":"Shell Parasite","floor":20,"turns":7},{"damage":2,"enemies":"Shelled Parasite and Fungi","floor":22,"turns":7},{"damage":0,"enemies":"Gremlin Leader","floor":25,"turns":7},{"damage":3,"enemies":"3 Cultists","floor":27,"turns":3},{"damage":10,"enemies":"Cultist and Chosen","floor":28,"turns":7},{"damage":9,"enemies":"Book of Stabbing","floor":31,"turns":6},{"damage":25,"enemies":"Champ","floor":33,"turns":7},{"damage":21,"enemies":"3 Darklings","floor":35,"turns":3},{"damage":0,"enemies":"Orb Walker","floor":36,"turns":2},{"damage":44,"enemies":"Transient","floor":37,"turns":5},{"damage":0,"enemies":"Jaw Worm Horde","floor":39,"turns":2},{"damage":8,"enemies":"Maw","floor":41,"turns":7},{"damage":6,"enemies":"3 Darklings","floor":46,"turns":4},{"damage":6,"enemies":"Spire Growth","floor":47,"turns":4},{"damage":2,"enemies":"Jaw Worm Horde","floor":48,"turns":5},{"damage":112,"enemies":"Awakened One","floor":50,"turns":13}],"seed_played":"3540489208760596282","potions_obtained":[{"floor":4,"key":"Weak Potion"},{"floor":7,"key":"Explosive Potion"},{"floor":13,"key":"Weak Potion"},{"floor":14,"key":"FearPotion"},{"floor":25,"key":"Strength Potion"},{"floor":28,"key":"AttackPotion"},{"floor":31,"key":"SteroidPotion"},{"floor":39,"key":"AttackPotion"},{"floor":41,"key":"GhostInAJar"}],"is_trial":false,"path_per_floor":["M","$","?","M","?","R","M","M","T","R","E","M","E","M","R","B",null,"M","$","M","?","M","R","?","E","T","M","M","?","$","E","R","B",null,"M","M","M","$","M","R","M","R","T","R","?","M","M","M","R","B",null],"character_chosen":"THE_SILENT","items_purchased":["Deflect","Apotheosis","Reflex","Backflip","Metamorphosis"],"campfire_rested":4,"item_purchase_floors":[2,19,19,30,38],"current_hp_per_floor":[77,77,62,62,73,73,73,73,73,73,64,64,51,51,51,51,91,91,91,80,80,78,78,63,63,63,62,63,63,63,63,63,46,63,42,42,10,10,16,34,34,52,59,70,60,62,58,56,70,19],"gold":186,"neow_bonus":"TEN_PERCENT_HP_BONUS","is_prod":false,"is_daily":false,"chose_seed":false,"campfire_upgraded":5,"win_rate":0.0,"timestamp":1547988806,"path_taken":["M","$","?","M","?","R","M","M","T","R","E","M","E","M","R","BOSS","M","$","M","?","M","R","?","E","T","M","M","?","$","E","R","BOSS","M","M","M","$","M","R","M","R","T","R","?","M","M","M","R","BOSS"],"build_version":"2019-01-17v2","purchased_purges":2,"victory":true,"max_hp_per_floor":[77,77,77,77,91,91,91,91,91,91,91,91,91,91,91,91,91,91,91,91,91,91,91,63,63,63,63,63,63,63,63,63,63,63,63,63,63,63,63,63,63,63,70,70,70,70,70,70,70,70],"card_choices":[{"not_picked":["Deflect","Dodge and Roll"],"picked":"Dagger Throw","floor":1},{"not_picked":["Endless Agony","Flying Knee"],"picked":"Flechettes","floor":4},{"not_picked":["Masterful Stab","Leg Sweep"],"picked":"Backstab","floor":7},{"not_picked":["PiercingWail","Bane"],"picked":"All Out Attack","floor":8},{"not_picked":["Sucker Punch","Slice","Deflect"],"picked":"SKIP","floor":11},{"not_picked":["Dodge and Roll","Bane"],"picked":"Die Die Die","floor":12},{"not_picked":["Dodge and Roll","Quick Slash"],"picked":"Tactician","floor":13},{"not_picked":["Bane","Deadly Poison"],"picked":"Dagger Throw","floor":14},{"not_picked":["Phantasmal Killer","Die Die Die"],"picked":"Bullet Time","floor":16},{"not_picked":["Flying Knee","Noxious Fumes"],"picked":"Footwork","floor":18},{"not_picked":["Backstab","Deflect"],"picked":"Well Laid Plans","floor":20},{"not_picked":["Sucker Punch+1","Blade Dance+1"],"picked":"Expertise","floor":22},{"not_picked":["Dodge and Roll+1","Bane+1"],"picked":"Unload","floor":25},{"not_picked":["Quick Slash","Footwork+1"],"picked":"Prepared","floor":27},{"not_picked":["Blur","Acrobatics"],"picked":"Prepared","floor":28},{"not_picked":["Quick Slash","Outmaneuver+1"],"picked":"Terror","floor":31},{"not_picked":["Die Die Die","Corpse Explosion"],"picked":"Adrenaline","floor":33},{"not_picked":["Bane+1","Underhanded Strike"],"picked":"Acrobatics","floor":34},{"not_picked":["Riddle With Holes","Dagger Spray"],"picked":"Dagger Throw","floor":34},{"not_picked":["Expertise","Footwork"],"picked":"Blur+1","floor":34},{"not_picked":["Corpse Explosion","Reflex+1"],"picked":"Underhanded Strike+1","floor":34},{"not_picked":["Poisoned Stab","Crippling Poison"],"picked":"Quick Slash","floor":34},{"not_picked":["Quick Slash","Blade Dance"],"picked":"Finisher+1","floor":35},{"not_picked":["Dagger Throw","Deadly Poison"],"picked":"Infinite Blades","floor":36},{"not_picked":["Dash+1","Blade Dance+1"],"picked":"Underhanded Strike+1","floor":37},{"not_picked":["Noxious Fumes","Endless Agony"],"picked":"Outmaneuver","floor":39},{"not_picked":["Backflip+1","Infinite Blades"],"picked":"Eviscerate","floor":41},{"not_picked":["Mind Blast","Good Instincts"],"picked":"Blind","floor":45},{"not_picked":["Bandage Up","Forethought"],"picked":"Metamorphosis","floor":45},{"not_picked":["Purity","Good Instincts"],"picked":"Finesse","floor":45},{"not_picked":["Quick Slash","Poisoned Stab+1","Outmaneuver+1"],"picked":"SKIP","floor":46},{"not_picked":["PiercingWail","Quick Slash+1","Bane+1"],"picked":"SKIP","floor":47},{"not_picked":["Deflect+1","Poisoned Stab","Deadly Poison"],"picked":"SKIP","floor":48}],"player_experience":2301,"relics_obtained":[{"floor":9,"key":"StoneCalendar"},{"floor":11,"key":"Pen Nib"},{"floor":13,"key":"Oddly Smooth Stone"},{"floor":25,"key":"Orichalcum"},{"floor":26,"key":"Dodecahedron"},{"floor":31,"key":"MawBank"},{"floor":43,"key":"Strawberry"}],"event_choices":[{"damage_healed":0,"gold_gain":0,"player_choice":"Entered Light","damage_taken":15,"max_hp_gain":0,"max_hp_loss":0,"event_name":"Shining Light","floor":3,"gold_loss":0,"cards_upgraded":["Strike_G","Defend_G"]},{"damage_healed":0,"gold_gain":0,"player_choice":"Success","damage_taken":3,"relics_obtained":["Mango"],"max_hp_gain":0,"max_hp_loss":0,"event_name":"Scrap Ooze","floor":5,"gold_loss":0},{"damage_healed":0,"gold_gain":0,"player_choice":"Read","damage_taken":0,"max_hp_gain":0,"max_hp_loss":0,"event_name":"The Library","floor":21,"gold_loss":0,"cards_obtained":["Escape Plan"]},{"damage_healed":0,"gold_gain":0,"player_choice":"Became a vampire","damage_taken":0,"max_hp_gain":0,"max_hp_loss":28,"event_name":"Vampires","floor":24,"gold_loss":0,"cards_obtained":["Bite","Bite","Bite","Bite","Bite"]},{"cards_removed":["Defend_G"],"damage_healed":0,"gold_gain":0,"player_choice":"Elegance","damage_taken":0,"max_hp_gain":0,"max_hp_loss":0,"event_name":"Back to Basics","floor":29,"gold_loss":0},{"damage_healed":0,"gold_gain":0,"player_choice":"Memory 3","damage_taken":10,"max_hp_gain":0,"max_hp_loss":0,"event_name":"SensoryStone","floor":45,"gold_loss":0}],"is_beta":false,"boss_relics":[{"not_picked":["Eternal Feather","Snecko Eye"],"picked":"Lizard Tail"},{"not_picked":["HoveringKite","Astrolabe"],"picked":"Orrery"}],"items_purged_floors":[2,30],"is_endless":false,"potions_floor_spawned":[4,7,13,14,25,28,31,39,41],"ascension_level":0}