{"gold_per_floor":[219,219,28,63,102,152,152,152,152,172,0,43,85,121,121,121],"floor_reached":16,"playtime":738,"items_purged":[],"score":203,"play_id":"98fd96f5-8143-4d02-a563-8e9387fed612","local_time":"20190116134727","is_ascension_mode":true,"campfire_choices":[{"floor":8,"key":"REST"},{"data":"Wild Strike","floor":15,"key":"SMITH"}],"neow_cost":"NONE","seed_source_timestamp":3420159457593567,"circlet_count":0,"master_deck":["AscendersBane","Strike_R","Strike_R","Strike_R","Strike_R","Strike_R","Defend_R","Defend_R","Defend_R","Defend_R","Bash","Wild Strike+1","HandOfGreed+1","Ghostly Armor","Uppercut","Inflame"],"special_seed":0,"relics":["Burning Blood","Bottled Flame","Orichalcum","Anchor"],"potions_floor_usage":[6,16],"damage_taken":[{"damage":18.0,"enemies":"Cultist","floor":1.0,"turns":5.0},{"damage":0.0,"enemies":"2 Louse","floor":4.0,"turns":2.0},{"damage":14.0,"enemies":"Jaw Worm","floor":5.0,"turns":4.0},{"damage":56,"enemies":"Lagavulin","floor":6,"turns":8},{"damage":6,"enemies":"Looter","floor":10,"turns":2},{"damage":1,"enemies":"2 Fungi Beasts","floor":12,"turns":3},{"damage":9,"enemies":"Blue Slaver","floor":13,"turns":5},{"damage":0,"enemies":"Exordium Wildlife","floor":14,"turns":1},{"damage":41,"enemies":"Hexaghost","floor":16,"turns":10}],"seed_played":"-6652595375316176003","potions_obtained":[{"floor":5.0,"key":"EssenceOfSteel"},{"floor":6,"key":"Weak Potion"},{"floor":10,"key":"SkillPotion"}],"is_trial":false,"path_per_floor":["M","?","$","M","M","E","?","R","T","M","$","M","M","M","R","B"],"character_chosen":"IRONCLAD","items_purchased":["HandOfGreed","Anchor"],"campfire_rested":1,"item_purchase_floors":[3,11],"current_hp_per_floor":[56,61,61,67,59,9,9,33,33,33,33,38,35,41,41,0],"gold":121,"neow_bonus":"HUNDRED_GOLD","is_prod":false,"is_daily":false,"chose_seed":false,"campfire_upgraded":1,"win_rate":0,"timestamp":1547642847,"path_taken":["M","?","$","M","M","E","?","R","T","?","$","M","M","M","R","BOSS"],"build_version":"2019-01-10","purchased_purges":0,"victory":false,"max_hp_per_floor":[75,80,80,80,80,80,80,80,80,80,80,80,80,80,80,80],"card_choices":[{"not_picked":["Sword Boomerang","Seeing Red"],"picked":"Wild Strike","floor":1.0},{"not_picked":["Pummel","Shockwave","Wild Strike"],"picked":"SKIP","floor":4.0},{"not_picked":["Flex","Thunderclap","Body Slam"],"picked":"SKIP","floor":5.0},{"not_picked":["Impervious","Clothesline"],"picked":"Ghostly Armor","floor":6},{"not_picked":["Thunderclap","Warcry","Havoc"],"picked":"SKIP","floor":10},{"not_picked":["Havoc","Cleave","Power Through"],"picked":"SKIP","floor":12},{"not_picked":["Evolve","Combust"],"picked":"Uppercut","floor":13},{"not_picked":["Reckless Charge","Warcry"],"picked":"Inflame","floor":14}],"player_experience":747925,"relics_obtained":[{"floor":6,"key":"Bottled Flame"},{"floor":9,"key":"Orichalcum"}],"event_choices":[{"damage_healed":0.0,"max_hp_gain":5.0,"max_hp_loss":0.0,"gold_gain":0.0,"event_name":"Big Fish","player_choice":"Donut","floor":2.0,"gold_loss":0.0,"damage_taken":0.0},{"damage_healed":0,"gold_gain":0,"player_choice":"Forge","damage_taken":0,"max_hp_gain":0,"max_hp_loss":0,"event_name":"Accursed Blacksmith","floor":7,"gold_loss":0,"cards_upgraded":["HandOfGreed"]}],"is_beta":false,"boss_relics":[],"items_purged_floors":[],"is_endless":false,"potions_floor_spawned":[5,6,10,14],"killed_by":"Hexaghost","ascension_level":19}