{"gold_per_floor":[109,123,123,134,147,181,181,106,106,106,121,121,151,166,166,166],"floor_reached":16,"playtime":904,"items_purged":["Regret"],"score":112,"play_id":"8e803a58-b908-4602-beb1-82a07015e330","local_time":"20190113130732","is_ascension_mode":false,"campfire_choices":[{"data":"Bash","floor":7,"key":"SMITH"},{"floor":12,"key":"REST"},{"floor":15,"key":"REST"}],"neow_cost":"NONE","seed_source_timestamp":163071842350000,"circlet_count":0,"master_deck":["Strike_R","Strike_R","Strike_R","Strike_R","Strike_R","Defend_R","Defend_R","Defend_R","Defend_R","Bash+1","infinitespire:OneForAll","Inflame","True Grit"],"relics":["Burning Blood","NeowsBlessing","hubris:Teleporter","Potion Belt","hubris:TinFlute","FaceOfCleric","infinitespire:Lucky Rock"],"potions_floor_usage":[16],"damage_taken":[{"damage":0,"enemies":"2 Louse","floor":1,"turns":1},{"damage":0,"enemies":"Small Slimes","floor":2,"turns":1},{"damage":0,"enemies":"Cultist","floor":4,"turns":1},{"damage":18,"enemies":"Blue Slaver","floor":5,"turns":4},{"damage":45,"enemies":"Gremlin Nob","floor":6,"turns":5},{"damage":16,"enemies":"Red Slaver","floor":11,"turns":3},{"damage":40,"enemies":"Lagavulin","floor":13,"turns":6},{"damage":8,"enemies":"Looter","floor":14,"turns":3},{"damage":52,"enemies":"Fading Forest","floor":16,"turns":10}],"seed_played":"-8816251606757935922","potions_obtained":[{"floor":1,"key":"SpeedPotion"},{"floor":2,"key":"GamblersBrew"},{"floor":13,"key":"SteroidPotion"},{"floor":14,"key":"AttackPotion"}],"is_trial":false,"path_per_floor":["M","M","?","M","M","E","R","$","T","?","M","R","E","M","R","B"],"character_chosen":"IRONCLAD","items_purchased":[],"campfire_rested":2,"item_purchase_floors":[],"current_hp_per_floor":[80,80,80,80,68,29,29,29,29,29,20,44,11,10,34,0],"gold":166,"neow_bonus":"THREE_ENEMY_KILL","is_prod":false,"is_daily":false,"chose_seed":false,"campfire_upgraded":1,"win_rate":0,"timestamp":1547384852,"path_taken":["M","M","?","M","M","E","R","$","T","?","?","R","E","M","R","BOSS"],"build_version":"2019-01-10","purchased_purges":1,"victory":false,"max_hp_per_floor":[80,80,80,80,80,80,80,80,80,80,81,81,82,83,83,83],"card_choices":[{"not_picked":["Replay:Undeath\u0027s Touch","ReplayTheSpireMod:LeadingStrike","Twin Strike"],"picked":"SKIP","floor":1},{"not_picked":["Sword Boomerang","Cleave","Havoc"],"picked":"SKIP","floor":2},{"not_picked":["ReplayTheSpireMod:Strike From Hell","Heavy Blade","Anger"],"picked":"SKIP","floor":4},{"not_picked":["Defy Death","Cleave"],"picked":"infinitespire:OneForAll","floor":5},{"not_picked":["hubris:CleavingFinish","Clothesline"],"picked":"Inflame","floor":6},{"not_picked":["Eclipse","ReplayTheSpireMod:Strike From Hell","Rage"],"picked":"SKIP","floor":11},{"not_picked":["ReplayTheSpireMod:Corrosion Curse","Twin Strike"],"picked":"True Grit","floor":13},{"not_picked":["Run Through","Intimidate","True Grit"],"picked":"SKIP","floor":14}],"player_experience":107139,"relics_obtained":[{"floor":6,"key":"Potion Belt"},{"floor":9,"key":"hubris:TinFlute"},{"floor":13,"key":"infinitespire:Lucky Rock"}],"event_choices":[{"damage_healed":0,"gold_gain":0,"player_choice":"Box","damage_taken":0,"relics_obtained":["hubris:Teleporter"],"max_hp_gain":0,"max_hp_loss":0,"event_name":"Big Fish","floor":3,"gold_loss":0,"cards_obtained":["Regret"]},{"damage_healed":0,"gold_gain":0,"player_choice":"Trade","damage_taken":0,"relics_obtained":["FaceOfCleric"],"max_hp_gain":0,"max_hp_loss":0,"event_name":"FaceTrader","floor":10,"gold_loss":0}],"is_beta":false,"boss_relics":[],"items_purged_floors":[8],"is_endless":false,"potions_floor_spawned":[1,2,13,14],"killed_by":"Fading Forest","ascension_level":0}