{"gold_per_floor":[119,133,149,166,166,201,8,46,128,166,166,166],"floor_reached":12,"playtime":777,"items_purged":[],"score":129,"play_id":"1a1fbdbe-c73b-48ee-ad73-a98f9d7dc720","local_time":"20181116025722","is_ascension_mode":true,"campfire_choices":[],"neow_cost":"NONE","seed_source_timestamp":735119544363702,"circlet_count":0,"master_deck":["Defend_G","Defend_G","Defend_G","Defend_G","Defend_G","Strike_G","Strike_G","Strike_G","Strike_G","Strike_G","Survivor","Neutralize","Backflip+1","Dagger Spray","Sucker Punch","Quick Slash","Injury","Dodge and Roll","Bane","Distraction","Cloak And Dagger"],"relics":["Ring of the Snake","Golden Idol","Juzu Bracelet","Boot","Ginger","Paper Crane","Strawberry"],"potions_floor_usage":[6,6,8],"damage_taken":[{"damage":0,"enemies":"Cultist","floor":1,"turns":5},{"damage":0,"enemies":"2 Louse","floor":2,"turns":5},{"damage":0,"enemies":"Jaw Worm","floor":3,"turns":3},{"damage":0,"enemies":"Looter","floor":4,"turns":5},{"damage":0,"enemies":"3 Sentries","floor":6,"turns":8},{"damage":41,"enemies":"Lagavulin","floor":8,"turns":10},{"damage":30,"enemies":"Gremlin Nob","floor":10,"turns":5},{"damage":13,"enemies":"3 Sentries","floor":12,"turns":6}],"seed_played":"7946184533004598570","potions_obtained":[{"floor":2,"key":"Explosive Potion"},{"floor":3,"key":"EssenceOfSteel"},{"floor":6,"key":"GamblersBrew"}],"is_trial":false,"path_per_floor":["M","M","M","M","?","E","$","E","T","E","?","E"],"character_chosen":"THE_SILENT","items_purchased":["Boot","Bane"],"campfire_rested":0,"item_purchase_floors":[7,7],"current_hp_per_floor":[77,77,77,77,77,77,77,36,36,13,13,0],"gold":166,"neow_bonus":"TEN_PERCENT_HP_BONUS","is_prod":false,"is_daily":false,"chose_seed":false,"campfire_upgraded":0,"win_rate":0,"timestamp":1542365842,"path_taken":["M","?","?","M","?","E","?","E","T","E","?","E"],"build_version":"2018-11-15","purchased_purges":0,"victory":false,"max_hp_per_floor":[77,77,77,77,77,77,77,77,77,84,84,84],"card_choices":[{"not_picked":["Acrobatics","Masterful Stab"],"picked":"Backflip","floor":1},{"not_picked":["Outmaneuver","Deflect"],"picked":"Dagger Spray","floor":2},{"not_picked":["Outmaneuver","Prepared"],"picked":"Sucker Punch","floor":3},{"not_picked":["Heel Hook","Endless Agony"],"picked":"Quick Slash","floor":4},{"not_picked":["Grand Finale","Blade Dance"],"picked":"Dodge and Roll","floor":6},{"not_picked":["Terror","Well Laid Plans"],"picked":"Distraction","floor":8},{"not_picked":["Skewer","Bane"],"picked":"Cloak And Dagger","floor":10}],"player_experience":68960,"relics_obtained":[{"floor":6,"key":"Juzu Bracelet"},{"floor":8,"key":"Ginger"},{"floor":9,"key":"Paper Crane"},{"floor":10,"key":"Strawberry"}],"event_choices":[{"damage_healed":0,"gold_gain":0,"player_choice":"Take Wound","damage_taken":0,"relics_obtained":["Golden Idol"],"max_hp_gain":0,"max_hp_loss":0,"event_name":"Golden Idol","floor":5,"gold_loss":0,"cards_obtained":["Injury"]},{"damage_healed":0,"gold_gain":0,"player_choice":"Grow","damage_taken":0,"max_hp_gain":0,"max_hp_loss":0,"event_name":"Living Wall","floor":11,"gold_loss":0,"cards_upgraded":["Backflip"]}],"is_beta":false,"boss_relics":[],"items_purged_floors":[],"is_endless":false,"potions_floor_spawned":[2,3,6],"killed_by":"3 Sentries","ascension_level":1}