{"gold_per_floor":[115,130,130,54,54,54,82,92,92,92,102,112,73,73,73,176,176,196,196,196,295,24,24,41,76,150,168,168,168,168,188,188,283,283,297,197,197,215,215],"floor_reached":39,"playtime":1573,"items_purged":["Writhe","Pain"],"score":472,"play_id":"5fa241a6-5f72-47aa-a42c-06853d57015d","local_time":"20190131194728","is_ascension_mode":false,"campfire_choices":[{"floor":6,"key":"REST"},{"floor":15,"key":"REST"},{"floor":23,"key":"REST"},{"floor":28,"key":"REST"},{"data":"Prepared","floor":32,"key":"SMITH"}],"neow_cost":"NONE","seed_source_timestamp":694207452822100,"circlet_count":0,"master_deck":["Defend_G","Defend_G","Defend_G","Defend_G","Defend_G","Survivor","Neutralize+1","Choke","Accuracy","Riddle With Holes","Prepared+1","Infinite Blades+1","Endless Agony","Cloak And Dagger","Endless Agony+1","Cloak And Dagger","Bite+1","Bite+1","Bite+1","Bite+1","Bite+1","Doubt","Decay","Backflip+1","Madness","Madness","Dodge and Roll+1","Parasite"],"relics":["Busted Crown","Ice Cream","Juzu Bracelet","Frozen Egg 2","Mummified Hand","WristBlade","Prayer Wheel","Toolbox","Art of War","Molten Egg 2","Pantograph","Calling Bell","Dream Catcher","Matryoshka","The Specimen"],"potions_floor_usage":[7,16,16,25,25,33,33,33,39],"damage_taken":[{"damage":0,"enemies":"2 Louse","floor":1,"turns":3},{"damage":0,"enemies":"Small Slimes","floor":2,"turns":3},{"damage":18,"enemies":"Lagavulin","floor":7,"turns":6},{"damage":0,"enemies":"Jaw Worm","floor":8,"turns":3},{"damage":4,"enemies":"Blue Slaver","floor":11,"turns":2},{"damage":2,"enemies":"Looter","floor":12,"turns":2},{"damage":0,"enemies":"Slime Boss","floor":16,"turns":5},{"damage":21,"enemies":"2 Thieves","floor":18,"turns":4},{"damage":17,"enemies":"Spheric Guardian","floor":24,"turns":4},{"damage":25,"enemies":"Gremlin Leader","floor":25,"turns":7},{"damage":11,"enemies":"Snecko","floor":27,"turns":5},{"damage":12,"enemies":"Centurion and Healer","floor":31,"turns":5},{"damage":41,"enemies":"Collector","floor":33,"turns":5},{"damage":4,"enemies":"Orb Walker","floor":35,"turns":3},{"damage":22,"enemies":"3 Shapes","floor":38,"turns":7},{"damage":62,"enemies":"Writhing Mass","floor":39,"turns":8}],"seed_played":"-4052587891293402567","potions_obtained":[{"floor":1,"key":"SkillPotion"},{"floor":2,"key":"PowerPotion"},{"floor":8,"key":"Poison Potion"},{"floor":16,"key":"SpeedPotion"},{"floor":19,"key":"GhostInAJar"},{"floor":19,"key":"SpeedPotion"},{"floor":25,"key":"SteroidPotion"},{"floor":27,"key":"AttackPotion"},{"floor":38,"key":"Explosive Potion"}],"is_trial":false,"path_per_floor":["M","M","?","$","?","R","E","M","T","T","M","M","$","$","R","B",null,"M","?","?","?","$","R","M","E","T","M","R","T","?","M","R","B",null,"M","$","?","M","M"],"character_chosen":"THE_SILENT","items_purchased":["Riddle With Holes","Infinite Blades+1","Toolbox"],"campfire_rested":4,"item_purchase_floors":[4,13,22],"current_hp_per_floor":[70,70,58,58,58,70,52,52,52,52,48,46,46,46,67,67,70,49,49,49,49,49,70,53,28,28,17,38,38,38,47,47,14,49,48,48,42,35,0],"gold":215,"neow_bonus":"BOSS_RELIC","is_prod":false,"is_daily":false,"chose_seed":false,"campfire_upgraded":1,"win_rate":0,"timestamp":1548992848,"path_taken":["M","M","?","$","?","R","E","M","T","?","M","M","?","$","R","BOSS","M","?","?","?","$","R","M","E","T","M","R","?","?","M","R","BOSS","M","$","?","M","M"],"build_version":"2019-01-23","purchased_purges":2,"victory":false,"max_hp_per_floor":[70,70,70,70,70,70,70,70,70,70,70,70,70,70,70,70,70,70,70,70,70,70,70,70,70,70,70,70,70,49,49,49,49,49,49,49,49,49,49],"card_choices":[{"not_picked":[],"picked":"Choke","floor":1},{"not_picked":[],"picked":"Accuracy","floor":2},{"not_picked":[],"picked":"Prepared","floor":7},{"not_picked":["Calculated Gamble"],"picked":"SKIP","floor":8},{"not_picked":["Deadly Poison"],"picked":"SKIP","floor":11},{"not_picked":["Catalyst"],"picked":"SKIP","floor":12},{"not_picked":[],"picked":"Endless Agony","floor":18},{"not_picked":[],"picked":"Cloak And Dagger","floor":24},{"not_picked":["Dagger Spray"],"picked":"SKIP","floor":24},{"not_picked":[],"picked":"Endless Agony+1","floor":25},{"not_picked":[],"picked":"Cloak And Dagger","floor":27},{"not_picked":["Setup"],"picked":"SKIP","floor":27},{"not_picked":["Bouncing Flask+1"],"picked":"SKIP","floor":31},{"not_picked":["Poisoned Stab+1"],"picked":"SKIP","floor":31},{"not_picked":[],"picked":"Backflip+1","floor":35},{"not_picked":["Leg Sweep"],"picked":"SKIP","floor":35},{"not_picked":[],"picked":"Dodge and Roll+1","floor":38},{"not_picked":["Outmaneuver+1"],"picked":"SKIP","floor":38}],"player_experience":80176,"relics_obtained":[{"floor":7,"key":"Juzu Bracelet"},{"floor":9,"key":"Frozen Egg 2"},{"floor":10,"key":"Mummified Hand"},{"floor":25,"key":"Art of War"},{"floor":26,"key":"Molten Egg 2"},{"floor":29,"key":"Pantograph"},{"floor":34,"key":"Dream Catcher"},{"floor":34,"key":"Matryoshka"},{"floor":34,"key":"The Specimen"}],"event_choices":[{"damage_healed":0,"gold_gain":0,"player_choice":"Success","damage_taken":12,"relics_obtained":["Ice Cream"],"max_hp_gain":0,"max_hp_loss":0,"event_name":"Scrap Ooze","floor":3,"gold_loss":0},{"damage_healed":0,"gold_gain":0,"player_choice":"Grow","damage_taken":0,"max_hp_gain":0,"max_hp_loss":0,"event_name":"Living Wall","floor":5,"gold_loss":0,"cards_upgraded":["Neutralize"]},{"damage_healed":0,"gold_gain":0,"player_choice":"Got Potions","damage_taken":0,"max_hp_gain":0,"max_hp_loss":0,"event_name":"Lab","floor":19,"gold_loss":0},{"damage_healed":0,"gold_gain":0,"player_choice":"Opened","damage_taken":0,"relics_obtained":["Prayer Wheel"],"max_hp_gain":0,"max_hp_loss":0,"event_name":"The Mausoleum","floor":20,"gold_loss":0,"cards_obtained":["Writhe"]},{"damage_healed":0,"gold_gain":99,"player_choice":"Stole From Cult","damage_taken":0,"max_hp_gain":0,"max_hp_loss":0,"event_name":"Nest","floor":21,"gold_loss":0},{"damage_healed":0,"gold_gain":0,"player_choice":"Became a vampire","damage_taken":0,"max_hp_gain":0,"max_hp_loss":21,"event_name":"Vampires","floor":30,"gold_loss":0,"cards_obtained":["Bite","Bite","Bite","Bite","Bite"]},{"damage_healed":0,"gold_gain":0,"player_choice":"Embrace Madness","damage_taken":6,"max_hp_gain":0,"max_hp_loss":0,"event_name":"Winding Halls","floor":37,"gold_loss":0,"cards_obtained":["Madness","Madness"]}],"is_beta":false,"boss_relics":[{"not_picked":["Astrolabe","Empty Cage"],"picked":"WristBlade"},{"not_picked":["Orrery","Pandora\u0027s Box"],"picked":"Calling Bell"}],"items_purged_floors":[22,36],"is_endless":false,"potions_floor_spawned":[1,2,8,16,25,27,38],"killed_by":"Writhing Mass","ascension_level":0}