{"gold_per_floor":[114,63,63,63,63,93,108,138,218,233,210,210,27,42,42,142,142,157,157,172,187,5,20,45,60,60,60,75,75,75,75,75,175,175,190,203,203,83,98,98,428,443,443,243,258,273,273,273,273,273],"floor_reached":51,"playtime":2245,"items_purged":[],"score":835,"play_id":"83c01488-d77e-4f06-8bb4-ec8534c9f8ff","local_time":"20180731034514","daily_mods":["Brewmaster","Time Dilation","Hoarder"],"is_ascension_mode":false,"campfire_choices":[{"data":"Armaments","floor":12,"key":"SMITH"},{"data":"Armaments","floor":15,"key":"SMITH"},{"data":"Armaments","floor":29,"key":"SMITH"},{"data":"Bloodletting","floor":32,"key":"SMITH"},{"floor":40,"key":"REST"},{"floor":49,"key":"REST"}],"neow_cost":"","seed_source_timestamp":0,"circlet_count":0,"master_deck":["Strike_R+1","Strike_R+1","Strike_R+1","Strike_R+1","Strike_R+1","Defend_R+1","Defend_R+1","Defend_R+1","Defend_R+1","Bash+1","Venomology+1","Venomology+1","Venomology+1","Venomology+1","Venomology+1","Venomology+1","Venomology+1","Venomology+1","Venomology+1","Venomology+1","Venomology+1","Venomology+1","Venomology+1","Venomology+1","Venomology+1","Shrug It Off+1","Shrug It Off+1","Shrug It Off+1","Armaments+1","Armaments+1","Armaments+1","Regret","Regret","Regret","Bloodletting+1","Bloodletting+1","Bloodletting+1","Twin Strike+1","Twin Strike+1","Twin Strike+1","Thunderclap+1","Thunderclap+1","Thunderclap+1","Apotheosis+1","Apotheosis+1","Apotheosis+1","Demon Form+1","Demon Form+1","Juggernaut+1","Juggernaut+1","Juggernaut+1","Heavy Blade+1","Heavy Blade+1","Heavy Blade+1","Pummel+1","Pummel+1","Pummel+1","Metallicize+1","Metallicize+1","Metallicize+1","Twin Strike+1","Twin Strike+1","Twin Strike+1","Limit Break+1","Limit Break+1","Limit Break+1","Flame Barrier+1","Flame Barrier+1","Flame Barrier+1","Rampage+1","Rampage+1","Rampage+1","Flex+1","Flex+1","Flex+1","Inflame+1","Inflame+1","Inflame+1"],"special_seed":17743,"relics":["Burning Blood","White Beast Statue","Blood Vial","Charon\u0027s Ashes","Turnip","Bag of Marbles","Tiny Chest","Black Star","The Courier","Dream Catcher","Ancient Tea Set","StoneCalendar","Fusion Hammer","Gambling Chip","Regal Pillow","Magic Flower","Old Coin","Blue Candle","Pear","Mark of the Bloom"],"potions_floor_usage":[1,1,1,1,1,1,1,6,6,6,7,7,7,7,7,7,7,8,8,8,8,8,8,8,8,8,8,8,8,10,10,10,10,14,14,16,16,16,16,16,16,16,16,16,16,16,16,16,18,18,18,18,20,20,20,20,21,21,21,21,21,21,21,23,23,23,23,23,25,25,25,25,25,25,25,25,25,25,28,28,28,28,28,28,28,28,28,33,33,33,33,33,33,33,33,33,35,35,35,35,35,35,35,36,36,36,39,39,39,41,41,41,41,41,41,41,41,41,41,42,42,42,42,42,42,42,42,45,45,45,45,45,45,45,46,46,46,46,46,46,46,46,46,46,50,50,50,50,50,50,50,50],"damage_taken":[{"damage":3,"enemies":"Cultist","floor":1,"turns":7},{"damage":25,"enemies":"3 Sentries","floor":6,"turns":5},{"damage":3,"enemies":"Small Slimes","floor":7,"turns":1},{"damage":40,"enemies":"Lagavulin","floor":8,"turns":7},{"damage":1,"enemies":"2 Louse","floor":10,"turns":2},{"damage":3,"enemies":"Blue Slaver","floor":14,"turns":1},{"damage":23,"enemies":"The Guardian","floor":16,"turns":7},{"damage":9,"enemies":"3 Byrds","floor":18,"turns":2},{"damage":5,"enemies":"Chosen","floor":20,"turns":4},{"damage":29,"enemies":"Snake Plant","floor":21,"turns":4},{"damage":26,"enemies":"Centurion and Healer","floor":23,"turns":3},{"damage":16,"enemies":"3 Cultists","floor":25,"turns":5},{"damage":9,"enemies":"Snecko","floor":28,"turns":6},{"damage":38,"enemies":"Champ","floor":33,"turns":7},{"damage":41,"enemies":"Flame Bruiser 1 Orb","floor":35,"turns":6},{"damage":64,"floor":36,"turns":5},{"damage":4,"enemies":"3 Shapes","floor":39,"turns":4},{"damage":43,"enemies":"Giant Head","floor":41,"turns":7},{"damage":39,"enemies":"Maw","floor":42,"turns":7},{"damage":55,"enemies":"Spire Growth","floor":45,"turns":5},{"damage":0,"enemies":"Transient","floor":46,"turns":5},{"damage":86,"enemies":"Time Eater","floor":50,"turns":9}],"seed_played":"4161929215003559377","potions_obtained":[{"floor":1,"key":"Swift Potion"},{"floor":6,"key":"SkillPotion"},{"floor":7,"key":"Energy Potion"},{"floor":8,"key":"Fire Potion"},{"floor":10,"key":"PowerPotion"},{"floor":14,"key":"Poison Potion"},{"floor":16,"key":"EssenceOfSteel"},{"floor":18,"key":"SneckoOil"},{"floor":20,"key":"SpeedPotion"},{"floor":21,"key":"FearPotion"},{"floor":23,"key":"Swift Potion"},{"floor":25,"key":"Ancient Potion"},{"floor":28,"key":"Explosive Potion"},{"floor":33,"key":"Block Potion"},{"floor":36,"key":"PowerPotion"},{"floor":39,"key":"GamblersBrew"},{"floor":41,"key":"SpeedPotion"},{"floor":42,"key":"Weak Potion"},{"floor":45,"key":"Swift Potion"},{"floor":46,"key":"Swift Potion"}],"is_trial":false,"path_per_floor":["M","$","?","?","$","E","M","E","T","M","?","R","$","M","R","B",null,"M","T","M","M","$","M","T","M","T","?","M","R","$","?","R","B",null,"M","?","?","$","M","R","E","M","T","$","M","M","?","?","R","B"],"character_chosen":"IRONCLAD","items_purchased":["Armaments","Apotheosis","Metallicize","Dream Catcher","Regal Pillow","Pear"],"campfire_rested":2,"item_purchase_floors":[2,13,22,22,38,44],"current_hp_per_floor":[80,80,77,77,77,60,65,56,56,63,63,63,63,68,68,73,80,77,77,80,57,57,39,39,60,60,60,79,79,79,79,79,48,80,53,14,90,90,90,90,62,35,35,45,10,22,87,87,87,1],"gold":273,"neow_bonus":"","is_prod":false,"is_daily":true,"chose_seed":false,"campfire_upgraded":4,"win_rate":0,"timestamp":1533001514,"path_taken":["M","$","?","?","?","E","?","E","T","M","?","R","$","?","R","BOSS","M","?","M","M","$","M","?","?","T","?","M","R","$","?","R","BOSS","M","?","?","$","M","R","E","M","T","$","?","M","?","?","R","BOSS"],"build_version":"2018-07-26","purchased_purges":0,"victory":true,"max_hp_per_floor":[80,80,80,80,80,80,80,80,80,80,80,80,80,80,80,80,80,80,80,80,80,80,80,80,80,80,80,80,80,80,80,80,80,80,80,80,90,90,90,90,90,90,90,100,100,100,87,87,87,87],"card_choices":[{"not_picked":["Headbutt","Blood for Blood"],"picked":"Shrug It Off","floor":1},{"not_picked":["Headbutt","Warcry"],"picked":"Bloodletting","floor":6},{"not_picked":["Power Through","Battle Trance"],"picked":"Twin Strike","floor":7},{"not_picked":["Shockwave","Fire Breathing"],"picked":"Thunderclap","floor":8},{"not_picked":["Hemokinesis","Clothesline","Warcry"],"picked":"SKIP","floor":10},{"not_picked":["Hemokinesis","Clothesline","Warcry"],"picked":"SKIP","floor":10},{"not_picked":["Carnage","Headbutt"],"picked":"Demon Form","floor":14},{"not_picked":["Fiend Fire","Berserk"],"picked":"Juggernaut","floor":16},{"not_picked":["Searing Blow","True Grit"],"picked":"Heavy Blade","floor":18},{"not_picked":["Havoc","Intimidate"],"picked":"Pummel+1","floor":20},{"not_picked":["Dropkick+1","Uppercut+1","Sentinel"],"picked":"SKIP","floor":21},{"not_picked":["Pommel Strike","Wild Strike"],"picked":"Twin Strike","floor":23},{"not_picked":["Headbutt","Sword Boomerang","Entrench"],"picked":"SKIP","floor":25},{"not_picked":["Iron Wave+1","Sword Boomerang+1","Entrench+1"],"picked":"SKIP","floor":28},{"not_picked":["Reaper","Brutality"],"picked":"Limit Break","floor":33},{"not_picked":["Headbutt","Uppercut+1","Wild Strike"],"picked":"SKIP","floor":35},{"not_picked":["Headbutt+1","Bludgeon"],"picked":"Flame Barrier+1","floor":36},{"not_picked":["Searing Blow","Clash+1"],"picked":"Rampage+1","floor":39},{"not_picked":["Headbutt+1","Armaments+1"],"picked":"Flex+1","floor":41},{"not_picked":["Havoc+1","Flex","Iron Wave"],"picked":"SKIP","floor":42},{"not_picked":["Feel No Pain+1","Twin Strike"],"picked":"Inflame+1","floor":45},{"not_picked":["Headbutt+1","Sword Boomerang+1","Twin Strike"],"picked":"SKIP","floor":46}],"player_experience":236357,"relics_obtained":[{"floor":6,"key":"Turnip"},{"floor":8,"key":"Bag of Marbles"},{"floor":9,"key":"Tiny Chest"},{"floor":19,"key":"The Courier"},{"floor":24,"key":"Ancient Tea Set"},{"floor":26,"key":"StoneCalendar"},{"floor":36,"key":"Gambling Chip"},{"floor":41,"key":"Magic Flower"},{"floor":41,"key":"Old Coin"},{"floor":43,"key":"Blue Candle"}],"event_choices":[{"event_name":"Scrap Ooze","player_choice":"success","floor":3,"damage_taken":3},{"event_name":"Big Fish","player_choice":"Box","floor":4,"damage_taken":0},{"event_name":"World of Goop","player_choice":"Left","floor":11,"damage_taken":0},{"event_name":"WeMeetAgain","player_choice":"Attack","floor":27,"damage_taken":0},{"event_name":"Vampires","player_choice":"Ignored","floor":31,"damage_taken":0},{"event_name":"Mysterious Sphere","player_choice":"Fight","floor":36,"damage_taken":0},{"event_name":"Bonfire Elementals","player_choice":"RARE","floor":37,"damage_taken":0},{"event_name":"The Moai Head","player_choice":"Heal","floor":47,"damage_taken":0},{"event_name":"MindBloom","player_choice":"Upgrade","floor":48,"damage_taken":0}],"is_beta":false,"boss_relics":[{"not_picked":["Coffee Dripper","Runic Pyramid"],"picked":"Black Star"},{"not_picked":["Runic Cube","Eternal Feather"],"picked":"Fusion Hammer"}],"items_purged_floors":[],"is_endless":false,"potions_floor_spawned":[1,6,7,8,10,14,16,18,20,21,23,25,28,33,35,36,39,41,42,45,46],"ascension_level":0}