{"gold_per_floor":[110,110,110,35,35,35,65,82,105,130,130,141,141,43,43,145,145,163,163,173,173,173,173,98,109,109,59,59,89,101,130,142,258,320,348,360,472,484,496,538,550,9,9,27,73,90,105,105,105,105,105,105,19,52,52],"floor_reached":56,"playtime":2653,"items_purged":["Strike_R","Perfected Strike","Havoc","Clash+1","Twin Strike"],"score":1204,"play_id":"19708d22-67c6-464e-b0c7-2922b90de07b","local_time":"20190120190826","is_ascension_mode":false,"campfire_choices":[{"data":"Spot Weakness","floor":6,"key":"SMITH"},{"data":"Sword Boomerang","floor":15,"key":"SMITH"},{"data":"Seeing Red","floor":23,"key":"SMITH"},{"floor":30,"key":"REST"},{"data":"Iron Wave","floor":32,"key":"SMITH"},{"data":"Mayhem","floor":41,"key":"SMITH"},{"floor":49,"key":"RECALL"},{"data":"Madness","floor":52,"key":"SMITH"}],"neow_cost":"NONE","seed_source_timestamp":89312985949635,"circlet_count":0,"master_deck":["Rage+1","Spot Weakness+1","Sword Boomerang+1","Iron Wave+1","Twin Strike","Feed","Demon Form+1","Seeing Red+1","Inflame+1","Battle Trance","Reaper","Battle Trance","Warcry+1","Madness+1","Madness","Discovery","Mayhem+1","Discovery","Corruption+1","Dual Wield+1","Spot Weakness"],"relics":["Burning Blood","Sundial","WingedGreaves","Smiling Mask","Pandora\u0027s Box","Enchiridion","Matryoshka","Pen Nib","MawBank","Tiny House","Pocketwatch","Torii","Charon\u0027s Ashes","Orichalcum","Bottled Lightning","Self Forming Clay","Magic Flower","Meat on the Bone","Vajra"],"potions_floor_usage":[37,45,50,55,55],"damage_taken":[{"damage":7,"enemies":"Jaw Worm","floor":1,"turns":4},{"damage":12,"enemies":"3 Sentries","floor":7,"turns":11},{"damage":0,"enemies":"Small Slimes","floor":8,"turns":3},{"damage":13,"enemies":"Lagavulin","floor":10,"turns":6},{"damage":0,"enemies":"2 Louse","floor":12,"turns":2},{"damage":13,"enemies":"The Guardian","floor":16,"turns":9},{"damage":0,"enemies":"Spheric Guardian","floor":18,"turns":3},{"damage":10,"enemies":"Shell Parasite","floor":20,"turns":3},{"damage":32,"enemies":"Snake Plant","floor":25,"turns":3},{"damage":0,"enemies":"Snecko","floor":29,"turns":4},{"damage":7,"enemies":"3 Cultists","floor":31,"turns":4},{"damage":11,"enemies":"Champ","floor":33,"turns":4},{"damage":24,"enemies":"3 Shapes","floor":35,"turns":3},{"damage":13,"enemies":"Mind Bloom Boss Battle","floor":37,"turns":4},{"damage":27,"enemies":"Reptomancer","floor":40,"turns":3},{"damage":1,"enemies":"3 Darklings","floor":44,"turns":3},{"damage":12,"enemies":"2 Orb Walkers","floor":45,"turns":3},{"damage":11,"enemies":"Sphere and 2 Shapes","floor":46,"turns":4},{"damage":0,"enemies":"Transient","floor":47,"turns":5},{"damage":54,"enemies":"Time Eater","floor":50,"turns":6},{"damage":57,"enemies":"Shield and Spear","floor":54,"turns":4},{"damage":46,"enemies":"The Heart","floor":55,"turns":6}],"seed_played":"5742202630741952051","potions_obtained":[{"floor":8,"key":"Energy Potion"},{"floor":12,"key":"Regen Potion"},{"floor":25,"key":"AttackPotion"},{"floor":31,"key":"PowerPotion"},{"floor":37,"key":"GamblersBrew"},{"floor":45,"key":"Block Potion"},{"floor":54,"key":"BloodPotion"}],"is_trial":false,"path_per_floor":["M","?","?","$","?","R","E","M","T","E","?","M","?","$","R","B",null,"M","?","M","?","?","R","$","M","T","$","T","M","R","M","R","B",null,"M","?","?","?","?","E","R","$","T","M","?","M","M","T","R","B",null,"R","$","E","B",null],"character_chosen":"IRONCLAD","items_purchased":["Spot Weakness","Twin Strike","Twin Strike","Charon\u0027s Ashes","Orichalcum","AttackPotion","Spot Weakness"],"campfire_rested":1,"item_purchase_floors":[4,14,24,42,42,42,53],"current_hp_per_floor":[79,63,51,51,51,51,45,51,51,44,44,50,50,50,50,43,80,83,83,79,63,47,47,47,24,24,24,24,30,57,56,56,51,96,84,84,84,72,62,65,65,65,65,98,102,103,105,105,105,105,105,105,105,105,85],"gold":52,"neow_bonus":"TRANSFORM_CARD","is_prod":false,"is_daily":false,"chose_seed":false,"campfire_upgraded":6,"win_rate":0,"timestamp":1548023906,"path_taken":["M","?","?","$","?","R","E","?","T","E","?","?","?","?","R","BOSS","M","?","M","?","?","R","$","M","T","?","?","?","R","M","R","BOSS","M","?","?","?","?","E","R","$","T","M","?","M","?","?","R","BOSS","R","$","E","BOSS"],"build_version":"2019-01-17v2","purchased_purges":5,"victory":true,"max_hp_per_floor":[80,80,80,80,80,80,80,80,80,80,80,80,80,80,80,80,80,83,83,83,83,88,88,88,91,91,91,91,91,91,91,91,91,96,99,99,99,99,99,99,99,99,99,102,102,105,105,105,105,105,105,105,105,105,105],"card_choices":[{"not_picked":["Pommel Strike","Shrug It Off","Ghostly Armor"],"picked":"SKIP","floor":1},{"not_picked":["Pommel Strike","Warcry","Hemokinesis"],"picked":"SKIP","floor":7},{"not_picked":["Rage","Body Slam"],"picked":"Sword Boomerang","floor":8},{"not_picked":["Fire Breathing","Hemokinesis","Blood for Blood"],"picked":"SKIP","floor":10},{"not_picked":["Flex","Headbutt","Havoc"],"picked":"SKIP","floor":12},{"not_picked":["Berserk","Immolate"],"picked":"Feed","floor":16},{"not_picked":["Thunderclap","Shrug It Off","Flex"],"picked":"SKIP","floor":18},{"not_picked":["Shrug It Off+1","Body Slam"],"picked":"Inflame+1","floor":20},{"not_picked":["Sword Boomerang","Heavy Blade+1"],"picked":"Clash+1","floor":25},{"not_picked":["Flex","Rampage+1","Cleave"],"picked":"SKIP","floor":29},{"not_picked":["Reckless Charge","Clothesline"],"picked":"Battle Trance","floor":31},{"not_picked":["Offering","Double Tap"],"picked":"Reaper","floor":33},{"not_picked":["Wild Strike+1","Perfected Strike+1"],"picked":"Battle Trance","floor":34},{"not_picked":["Flex+1","Anger+1","Iron Wave"],"picked":"SKIP","floor":35},{"not_picked":["Anger","True Grit+1"],"picked":"Warcry+1","floor":37},{"not_picked":["Blind","Jack Of All Trades"],"picked":"Discovery","floor":39},{"not_picked":["Transmutation","Jack Of All Trades"],"picked":"Mayhem","floor":39},{"not_picked":["Jack Of All Trades","Blind"],"picked":"Discovery","floor":39},{"not_picked":["Barricade","Havoc"],"picked":"Corruption+1","floor":40},{"not_picked":["Clothesline","Body Slam+1"],"picked":"Dual Wield+1","floor":44},{"not_picked":["Warcry","Sword Boomerang","Iron Wave"],"picked":"SKIP","floor":46},{"not_picked":["Wild Strike+1","Flex+1","Warcry+1"],"picked":"SKIP","floor":47},{"not_picked":["Dropkick+1","Entrench","Blood for Blood"],"picked":"SKIP","floor":54}],"player_experience":193645,"relics_obtained":[{"floor":7,"key":"WingedGreaves"},{"floor":10,"key":"Smiling Mask"},{"floor":21,"key":"Enchiridion"},{"floor":26,"key":"Matryoshka"},{"floor":28,"key":"Pen Nib"},{"floor":28,"key":"MawBank"},{"floor":37,"key":"Pocketwatch"},{"floor":40,"key":"Torii"},{"floor":43,"key":"Bottled Lightning"},{"floor":43,"key":"Self Forming Clay"},{"floor":45,"key":"Magic Flower"},{"floor":48,"key":"Meat on the Bone"},{"floor":54,"key":"Vajra"}],"event_choices":[{"damage_healed":0,"gold_gain":0,"player_choice":"Entered Light","damage_taken":16,"max_hp_gain":0,"max_hp_loss":0,"event_name":"Shining Light","floor":2,"gold_loss":0,"cards_upgraded":["Rage","Defend_R"]},{"damage_healed":0,"gold_gain":0,"player_choice":"Success","damage_taken":12,"relics_obtained":["Sundial"],"max_hp_gain":0,"max_hp_loss":0,"event_name":"Scrap Ooze","floor":3,"gold_loss":0},{"cards_removed":["Bash"],"damage_healed":0,"gold_gain":0,"player_choice":"Card Removal","damage_taken":0,"max_hp_gain":0,"max_hp_loss":0,"event_name":"Wheel of Change","floor":5,"gold_loss":0},{"cards_removed":["Strike_R"],"damage_healed":0,"gold_gain":0,"player_choice":"Purged","damage_taken":0,"max_hp_gain":0,"max_hp_loss":0,"event_name":"Purifier","floor":11,"gold_loss":0},{"cards_removed":["Defend_R"],"damage_healed":0,"gold_gain":0,"player_choice":"Took Card","damage_taken":0,"max_hp_gain":0,"max_hp_loss":0,"event_name":"NoteForYourself","floor":13,"gold_loss":0,"cards_obtained":["Iron Wave"]},{"cards_removed":["Sever Soul"],"damage_healed":0,"gold_gain":0,"player_choice":"Elegance","damage_taken":0,"max_hp_gain":0,"max_hp_loss":0,"event_name":"Back to Basics","floor":19,"gold_loss":0},{"damage_healed":0,"gold_gain":0,"player_choice":"Obtained Book","damage_taken":16,"max_hp_gain":0,"max_hp_loss":0,"event_name":"Cursed Tome","floor":21,"gold_loss":0},{"damage_healed":0,"gold_gain":0,"player_choice":"Shed Blood","damage_taken":21,"max_hp_gain":5,"max_hp_loss":0,"event_name":"Forgotten Altar","floor":22,"gold_loss":0},{"damage_healed":0,"gold_gain":0,"player_choice":"Ignored","damage_taken":0,"max_hp_gain":0,"max_hp_loss":0,"event_name":"Tomb of Lord Red Mask","floor":36,"gold_loss":0},{"damage_healed":0,"gold_gain":0,"player_choice":"Fight","damage_taken":0,"max_hp_gain":0,"max_hp_loss":0,"event_name":"MindBloom","floor":37,"gold_loss":0},{"damage_healed":0,"gold_gain":0,"player_choice":"Embrace Madness","damage_taken":12,"max_hp_gain":0,"max_hp_loss":0,"event_name":"Winding Halls","floor":38,"gold_loss":0,"cards_obtained":["Madness","Madness"]},{"damage_healed":0,"gold_gain":0,"player_choice":"Memory 3","damage_taken":10,"max_hp_gain":0,"max_hp_loss":0,"event_name":"SensoryStone","floor":39,"gold_loss":0},{"damage_healed":0,"gold_gain":0,"player_choice":"Fight","damage_taken":0,"max_hp_gain":0,"max_hp_loss":0,"event_name":"Mysterious Sphere","floor":45,"gold_loss":0}],"is_beta":false,"boss_relics":[{"not_picked":["Empty Cage","Coffee Dripper"],"picked":"Pandora\u0027s Box"},{"not_picked":["Black Blood","Orrery"],"picked":"Tiny House"}],"items_purged_floors":[14,24,27,42,53],"is_endless":false,"potions_floor_spawned":[8,12,25,31,37,45,46,54],"ascension_level":0}