{"gold_per_floor":[109,123,123,123,123,123,137,111,136,86,86,105,143,158,158,279,279,303,222,222,222,222,257,257,272,298,298,314,350,350,375,375,375],"floor_reached":33,"playtime":2647,"items_purged":[],"score":308,"play_id":"2a657504-a804-4aa1-89fc-e3fcdf2cf5df","local_time":"20181225191848","is_ascension_mode":false,"campfire_choices":[{"data":"Dagger Throw","floor":6,"key":"SMITH"},{"data":"Blade Dance","floor":11,"key":"SMITH"},{"data":"Infinite Blades","floor":15,"key":"SMITH"},{"data":"Finisher","floor":24,"key":"SMITH"},{"floor":32,"key":"REST"}],"neow_cost":"NONE","seed_source_timestamp":325443758771248,"circlet_count":0,"master_deck":["Defend_G","Defend_G","Defend_G","Defend_G","Strike_G","Strike_G","Strike_G","Strike_G","Strike_G","Survivor","Neutralize","Dagger Throw+1","Finisher+1","Poisoned Stab","Blade Dance+1","Predator","Blade Dance","Infinite Blades+1","Bullet Time","Acrobatics+1","Flash of Steel","Writhe","Ghostly","Ghostly","Ghostly","Ghostly","Ghostly","Finisher+1","Prepared+1","Deflect+1","RitualDagger","Backflip","Terror+1","Deflect+1"],"special_seed":0,"relics":["Ring of the Snake","Golden Idol","Potion Belt","Happy Flower","Letter Opener","Sozu","Ninja Scroll","Boot","Strawberry","The Specimen","Incense Burner"],"potions_floor_usage":[12,16,33,33],"damage_taken":[{"damage":0.0,"enemies":"Small Slimes","floor":1.0,"turns":4.0},{"damage":0.0,"enemies":"2 Louse","floor":2.0,"turns":2.0},{"damage":3,"enemies":"Jaw Worm","floor":7,"turns":2},{"damage":2,"enemies":"Looter","floor":12,"turns":2},{"damage":10,"enemies":"Lagavulin","floor":13,"turns":4},{"damage":7,"enemies":"Blue Slaver","floor":14,"turns":2},{"damage":19,"enemies":"Hexaghost","floor":16,"turns":9},{"damage":10,"enemies":"2 Thieves","floor":18,"turns":2},{"damage":6,"enemies":"Book of Stabbing","floor":23,"turns":5},{"damage":0,"enemies":"Spheric Guardian","floor":25,"turns":2},{"damage":0,"enemies":"Shelled Parasite and Fungi","floor":28,"turns":1},{"damage":30,"enemies":"Slavers","floor":29,"turns":3},{"damage":0,"enemies":"Cultist and Chosen","floor":31,"turns":4},{"damage":23,"enemies":"Automaton","floor":33,"turns":10}],"seed_played":"5359176386923753620","potions_obtained":[{"floor":1.0,"key":"Weak Potion"},{"floor":2.0,"key":"SpeedPotion"},{"floor":12,"key":"Fruit Juice"},{"floor":14,"key":"SpeedPotion"}],"is_trial":false,"path_per_floor":["M","M","?","?","?","R","M","$","T","?","R","M","E","M","R","B",null,"M","$","?","?","?","E","R","M","T","?","M","E","T","M","R","B"],"character_chosen":"THE_SILENT","items_purchased":["Blade Dance","Flash of Steel"],"campfire_rested":1,"item_purchase_floors":[8,19],"current_hp_per_floor":[77,77,77,71,64,64,61,61,61,61,61,64,54,47,47,28,76,66,66,66,38,38,32,32,32,39,33,33,3,3,3,16,0],"gold":375,"neow_bonus":"TEN_PERCENT_HP_BONUS","is_prod":false,"is_daily":false,"chose_seed":false,"campfire_upgraded":4,"win_rate":0.0,"timestamp":1545778128,"path_taken":["M","M","?","?","?","R","?","$","T","?","R","M","E","M","R","BOSS","M","$","?","?","?","E","R","?","T","?","M","E","?","M","R","BOSS"],"build_version":"2018-12-20","purchased_purges":0,"victory":false,"max_hp_per_floor":[77,77,77,71,71,71,71,71,71,71,71,76,76,76,76,76,76,76,76,76,38,38,38,38,38,45,45,45,45,45,45,45,45],"card_choices":[{"not_picked":["Infinite Blades","Dagger Spray"],"picked":"Dagger Throw","floor":1.0},{"not_picked":["Flying Knee","Caltrops"],"picked":"Finisher","floor":2.0},{"not_picked":["PiercingWail","Well Laid Plans"],"picked":"Poisoned Stab","floor":7},{"not_picked":["Die Die Die","Backstab"],"picked":"Predator","floor":12},{"not_picked":["Backflip","Finisher"],"picked":"Blade Dance","floor":13},{"not_picked":["Blade Dance","PiercingWail"],"picked":"Infinite Blades","floor":14},{"not_picked":["Adrenaline","Tools of the Trade"],"picked":"Bullet Time","floor":16},{"not_picked":["Backstab+1","Poisoned Stab+1"],"picked":"Acrobatics+1","floor":18},{"not_picked":["Caltrops","Outmaneuver"],"picked":"Prepared+1","floor":23},{"not_picked":["Outmaneuver","Underhanded Strike"],"picked":"Deflect+1","floor":25},{"not_picked":["Dagger Throw","Deflect"],"picked":"Backflip","floor":28},{"not_picked":["Sucker Punch","Prepared"],"picked":"Terror+1","floor":29},{"not_picked":["Prepared","Dagger Throw"],"picked":"Deflect+1","floor":31}],"player_experience":3808,"relics_obtained":[{"floor":9,"key":"Happy Flower"},{"floor":13,"key":"Letter Opener"},{"floor":23,"key":"Boot"},{"floor":26,"key":"Strawberry"},{"floor":29,"key":"The Specimen"},{"floor":30,"key":"Incense Burner"}],"event_choices":[{"damage_healed":0,"gold_gain":0,"player_choice":"Grow","damage_taken":0,"max_hp_gain":0,"max_hp_loss":0,"event_name":"Living Wall","floor":3,"gold_loss":0,"cards_upgraded":["Finisher"]},{"damage_healed":0,"gold_gain":0,"player_choice":"Lose Max HP","damage_taken":0,"relics_obtained":["Golden Idol"],"max_hp_gain":0,"max_hp_loss":6,"event_name":"Golden Idol","floor":4,"gold_loss":0},{"damage_healed":0,"gold_gain":0,"player_choice":"Success","damage_taken":7,"relics_obtained":["Potion Belt"],"max_hp_gain":0,"max_hp_loss":0,"event_name":"Scrap Ooze","floor":5,"gold_loss":0},{"cards_removed":["Defend_G"],"damage_healed":0,"gold_gain":0,"player_choice":"Card Removal","damage_taken":0,"max_hp_gain":0,"max_hp_loss":0,"event_name":"The Cleric","floor":10,"gold_loss":50},{"damage_healed":0,"gold_gain":0,"player_choice":"Opened","damage_taken":0,"relics_obtained":["Ninja Scroll"],"max_hp_gain":0,"max_hp_loss":0,"event_name":"The Mausoleum","floor":20,"gold_loss":0,"cards_obtained":["Writhe"]},{"damage_healed":0,"gold_gain":0,"player_choice":"Became a Ghost","damage_taken":0,"max_hp_gain":0,"max_hp_loss":38,"event_name":"Ghosts","floor":21,"gold_loss":0,"cards_obtained":["Ghostly","Ghostly","Ghostly","Ghostly","Ghostly"]},{"damage_healed":0,"gold_gain":0,"player_choice":"Read","damage_taken":0,"max_hp_gain":0,"max_hp_loss":0,"event_name":"The Library","floor":22,"gold_loss":0,"cards_obtained":["Finisher"]},{"damage_healed":0,"gold_gain":0,"player_choice":"Joined the Cult","damage_taken":6,"max_hp_gain":0,"max_hp_loss":0,"event_name":"Nest","floor":27,"gold_loss":0,"cards_obtained":["RitualDagger"]}],"is_beta":false,"boss_relics":[{"not_picked":["Black Star","Empty Cage"],"picked":"Sozu"}],"items_purged_floors":[],"is_endless":false,"potions_floor_spawned":[1,2,12,14,18,23,25,29],"killed_by":"Automaton","ascension_level":0}