{"gold_per_floor":[110,124,9,24,35,60,60,14,14,44,44,59,59,59,59,155,155,173,186,199,199,199,199,215,215,238,251,268,268,268,282,282,282],"floor_reached":33,"playtime":3314,"items_purged":["Strike_G"],"score":259,"play_id":"7334d756-3226-4778-80e0-639cd6ef4bce","local_time":"20190129033459","is_ascension_mode":false,"campfire_choices":[{"data":"Noxious Fumes","floor":7.0,"key":"SMITH"},{"floor":13.0,"key":"REST"},{"data":"Neutralize","floor":15.0,"key":"SMITH"},{"floor":23,"key":"REST"},{"floor":25,"key":"REST"},{"floor":29,"key":"REST"},{"floor":32,"key":"REST"}],"neow_cost":"NONE","seed_source_timestamp":104634604532772,"circlet_count":0,"master_deck":["Defend_G+1","Defend_G+1","Defend_G+1","Defend_G+1","Defend_G+1","Strike_G+1","Strike_G+1","Survivor","Neutralize+1","Leg Sweep","Noxious Fumes+1","Leg Sweep","Sucker Punch","Predator","Outmaneuver","Sucker Punch","Storm of Steel","Masterful Stab","Outmaneuver","Storm of Steel"],"special_seed":0,"relics":["Ring of the Snake","Frozen Egg 2","Peace Pipe","Ginger","Black Star","Dodecahedron","Lantern"],"potions_floor_usage":[31,31],"damage_taken":[{"damage":0.0,"enemies":"2 Louse","floor":1.0,"turns":3.0},{"damage":6.0,"enemies":"Cultist","floor":2.0,"turns":4.0},{"damage":0.0,"enemies":"Small Slimes","floor":4.0,"turns":5.0},{"damage":13.0,"enemies":"Gremlin Gang","floor":5.0,"turns":4.0},{"damage":7.0,"enemies":"Lagavulin","floor":6.0,"turns":12.0},{"damage":31.0,"enemies":"Gremlin Nob","floor":10.0,"turns":7.0},{"damage":0.0,"enemies":"Blue Slaver","floor":12.0,"turns":5.0},{"damage":30.0,"enemies":"Hexaghost","floor":16.0,"turns":12.0},{"damage":2.0,"enemies":"Shell Parasite","floor":18.0,"turns":8.0},{"damage":17.0,"enemies":"3 Byrds","floor":19.0,"turns":6.0},{"damage":15.0,"enemies":"Snake Plant","floor":20.0,"turns":6.0},{"damage":22,"enemies":"Snecko","floor":24,"turns":7},{"damage":25,"enemies":"Centurion and Healer","floor":27,"turns":9},{"damage":23,"enemies":"Snake Plant","floor":28,"turns":7},{"damage":0,"enemies":"Snecko","floor":31,"turns":5},{"damage":72,"enemies":"Automaton","floor":33,"turns":10}],"seed_played":"3445782179628287147","potions_obtained":[{"floor":4.0,"key":"Explosive Potion"},{"floor":5.0,"key":"Poison Potion"},{"floor":12.0,"key":"Fire Potion"},{"floor":20.0,"key":"Strength Potion"}],"is_trial":false,"path_per_floor":["M","M","$","M","M","E","R","?","T","E","?","M","R","?","R","B",null,"M","M","M","?","?","R","M","R","T","M","M","R","?","M","R","B"],"character_chosen":"THE_SILENT","items_purchased":["Noxious Fumes"],"campfire_rested":5,"item_purchase_floors":[3],"current_hp_per_floor":[77,71,71,71,58,51,51,51,51,20,20,20,43,77,77,47,77,75,58,43,43,43,66,44,67,67,42,19,42,42,42,65,0],"gold":282,"neow_bonus":"TEN_PERCENT_HP_BONUS","is_prod":false,"is_daily":false,"chose_seed":false,"campfire_upgraded":2,"win_rate":0,"timestamp":1548754499,"path_taken":["M","M","$","M","M","E","R","?","T","E","?","M","R","?","R","BOSS","M","M","M","?","?","R","M","R","T","?","?","R","?","M","R","BOSS"],"build_version":"2019-01-23","purchased_purges":1,"victory":false,"max_hp_per_floor":[77,77,77,77,77,77,77,77,77,77,77,77,77,77,77,77,77,77,77,77,77,77,77,77,77,77,77,77,77,77,77,77,77],"card_choices":[{"not_picked":["Quick Slash","Bane"],"picked":"Leg Sweep","floor":1.0},{"not_picked":["Finisher","Underhanded Strike","Flechettes"],"picked":"SKIP","floor":2.0},{"not_picked":["Slice","Prepared"],"picked":"Leg Sweep","floor":4.0},{"not_picked":["Blade Dance","Prepared","Dodge and Roll"],"picked":"SKIP","floor":5.0},{"not_picked":["PiercingWail","Acrobatics"],"picked":"Sucker Punch","floor":6.0},{"not_picked":["Crippling Poison","Tactician"],"picked":"Predator","floor":10.0},{"not_picked":["Dagger Throw","Quick Slash","Flying Knee"],"picked":"SKIP","floor":12.0},{"not_picked":["Underhanded Strike","Predator"],"picked":"Outmaneuver","floor":18.0},{"not_picked":["Caltrops+1","Quick Slash","PiercingWail+1"],"picked":"SKIP","floor":19.0},{"not_picked":["Acrobatics","Poisoned Stab"],"picked":"Outmaneuver","floor":20.0},{"not_picked":["Poisoned Stab+1","Dodge and Roll+1"],"picked":"Masterful Stab","floor":24},{"not_picked":["Expertise","Slice"],"picked":"Outmaneuver","floor":27},{"not_picked":["Caltrops+1","Dagger Throw","Cloak And Dagger"],"picked":"SKIP","floor":28},{"not_picked":["Bouncing Flask+1","PiercingWail"],"picked":"Storm of Steel","floor":31}],"player_experience":231747,"relics_obtained":[{"floor":6.0,"key":"Frozen Egg 2"},{"floor":9.0,"key":"Peace Pipe"},{"floor":10.0,"key":"Ginger"},{"floor":26,"key":"Lantern"}],"event_choices":[{"damage_healed":0.0,"max_hp_gain":0.0,"max_hp_loss":0.0,"gold_gain":0.0,"event_name":"World of Goop","player_choice":"Left Gold","floor":8.0,"gold_loss":46.0,"damage_taken":0.0},{"damage_healed":0.0,"max_hp_gain":0.0,"max_hp_loss":0.0,"gold_gain":0.0,"event_name":"Shining Light","player_choice":"Ignored","floor":11.0,"gold_loss":0.0,"damage_taken":0.0},{"damage_healed":34.0,"max_hp_gain":0.0,"max_hp_loss":0.0,"gold_gain":0.0,"event_name":"Wheel of Change","player_choice":"Full Heal","floor":14.0,"gold_loss":0.0,"damage_taken":0.0},{"damage_healed":0.0,"max_hp_gain":0.0,"max_hp_loss":0.0,"gold_gain":0.0,"cards_transformed":["Strike_G","Strike_G"],"event_name":"Drug Dealer","player_choice":"Became Test Subject","floor":21.0,"gold_loss":0.0,"damage_taken":0.0,"cards_obtained":["Sucker Punch","Storm of Steel"]},{"cards_removed":["Outmaneuver"],"damage_healed":0,"gold_gain":0,"player_choice":"Gave Card","damage_taken":0,"relics_obtained":["Dodecahedron"],"max_hp_gain":0,"max_hp_loss":0,"event_name":"WeMeetAgain","floor":22,"gold_loss":0},{"damage_healed":0,"gold_gain":0,"player_choice":"Simplicity","damage_taken":0,"max_hp_gain":0,"max_hp_loss":0,"event_name":"Back to Basics","floor":30,"gold_loss":0,"cards_upgraded":["Defend_G","Defend_G","Defend_G","Defend_G","Defend_G","Strike_G","Strike_G"]}],"is_beta":false,"boss_relics":[{"not_picked":["Runic Pyramid","Coffee Dripper"],"picked":"Black Star"}],"items_purged_floors":[3],"is_endless":false,"potions_floor_spawned":[4,5,12,20,24,27],"killed_by":"Automaton","ascension_level":0}