{"gold_per_floor":[367,385,66,66,82,82,100,129,155,186,186,205,223,239,239,337,337,347,359,168,184,184,184],"floor_reached":23,"playtime":1892,"items_purged":["Strike_B","Strike_B"],"score":318,"play_id":"c79e2491-de0e-4ba9-bc74-8cc57990fefe","local_time":"20190130145142","is_ascension_mode":true,"campfire_choices":[{"floor":6,"key":"REST"},{"data":"Streamline","floor":11,"key":"SMITH"},{"data":"Conserve Battery","floor":15,"key":"SMITH"}],"neow_cost":"TEN_PERCENT_HP_LOSS","seed_source_timestamp":574535668030300,"circlet_count":0,"master_deck":["AscendersBane","Strike_B","Strike_B","Defend_B","Defend_B","Defend_B","Defend_B","Zap","Dualcast","Compile Driver","Self Repair","Conserve Battery+1","Ball Lightning","Streamline+1","Hello World","Coolheaded","Glacier","Echo Form","Melter","Hologram","Mind Blast","Consume+1","Doom and Gloom"],"relics":["Cracked Core","Letter Opener","Strawberry","Bag of Marbles","Potion Belt","Bronze Scales","Lizard Tail"],"potions_floor_usage":[8,8,13,16,18,21],"damage_taken":[{"damage":23,"enemies":"Small Slimes","floor":1,"turns":4},{"damage":16,"enemies":"2 Louse","floor":2,"turns":3},{"damage":3,"enemies":"Jaw Worm","floor":5,"turns":4},{"damage":0,"enemies":"Exordium Wildlife","floor":7,"turns":3},{"damage":9,"enemies":"3 Sentries","floor":8,"turns":6},{"damage":23,"enemies":"Lagavulin","floor":10,"turns":6},{"damage":0,"enemies":"Large Slime","floor":12,"turns":4},{"damage":0,"enemies":"Lots of Slimes","floor":13,"turns":1},{"damage":4,"enemies":"Looter","floor":14,"turns":2},{"damage":23,"enemies":"Hexaghost","floor":16,"turns":9},{"damage":3,"enemies":"3 Byrds","floor":18,"turns":3},{"damage":0,"enemies":"Spheric Guardian","floor":19,"turns":2},{"damage":27,"enemies":"Snake Plant","floor":21,"turns":4},{"damage":20,"enemies":"Book of Stabbing","floor":23,"turns":3}],"seed_played":"-5201233863753720445","potions_obtained":[{"floor":1,"key":"GamblersBrew"},{"floor":5,"key":"EssenceOfSteel"},{"floor":10,"key":"Ancient Potion"},{"floor":12,"key":"AttackPotion"},{"floor":16,"key":"AttackPotion"},{"floor":18,"key":"Block Potion"},{"floor":21,"key":"Ancient Potion"}],"is_trial":false,"path_per_floor":["M","M","$","?","M","R","M","E","T","E","R","M","M","M","R","B",null,"M","M","$","M","?","E"],"character_chosen":"DEFECT","items_purchased":["Letter Opener","Mind Blast"],"campfire_rested":1,"item_purchase_floors":[3,20],"current_hp_per_floor":[45,29,29,24,28,50,50,48,48,32,32,39,39,35,35,12,59,56,63,63,50,50,30],"gold":184,"neow_bonus":"TWO_FIFTY_GOLD","is_prod":false,"is_daily":false,"chose_seed":false,"campfire_upgraded":2,"win_rate":0,"timestamp":1548859902,"path_taken":["M","M","$","?","M","R","M","E","T","E","R","M","M","M","R","BOSS","M","M","$","M","?","E"],"build_version":"2019-01-23","purchased_purges":2,"victory":false,"max_hp_per_floor":[68,68,68,75,75,75,75,75,75,75,75,75,75,75,75,75,75,75,75,75,75,75,75],"card_choices":[{"not_picked":["Scrape","Doom and Gloom"],"picked":"Compile Driver","floor":1},{"not_picked":["Auto Shields","Loop"],"picked":"Self Repair","floor":2},{"not_picked":["BootSequence","Gash"],"picked":"Conserve Battery","floor":5},{"not_picked":["Sunder","Chill"],"picked":"Ball Lightning","floor":7},{"not_picked":["Double Energy","Hologram"],"picked":"Streamline","floor":8},{"not_picked":["Steam","Sweeping Beam"],"picked":"Hello World","floor":10},{"not_picked":["Stack","Streamline"],"picked":"Coolheaded","floor":12},{"not_picked":["Reboot","Steam"],"picked":"Glacier","floor":13},{"not_picked":["Sunder","Rebound","Chaos"],"picked":"SKIP","floor":14},{"not_picked":["Multi-Cast","All For One"],"picked":"Echo Form","floor":16},{"not_picked":["Cold Snap","Tempest"],"picked":"Melter","floor":18},{"not_picked":["Stack+1","Streamline+1"],"picked":"Hologram","floor":19},{"not_picked":["Hello World+1","Sweeping Beam+1"],"picked":"Consume+1","floor":21}],"player_experience":212114,"relics_obtained":[{"floor":8,"key":"Bag of Marbles"},{"floor":9,"key":"Potion Belt"},{"floor":10,"key":"Bronze Scales"}],"event_choices":[{"damage_healed":0,"gold_gain":0,"player_choice":"Success","damage_taken":12,"relics_obtained":["Strawberry"],"max_hp_gain":0,"max_hp_loss":0,"event_name":"Scrap Ooze","floor":4,"gold_loss":0},{"damage_healed":0,"gold_gain":0,"player_choice":"Read","damage_taken":0,"max_hp_gain":0,"max_hp_loss":0,"event_name":"The Library","floor":22,"gold_loss":0,"cards_obtained":["Doom and Gloom"]}],"is_beta":false,"boss_relics":[{"not_picked":["Fusion Hammer","Black Star"],"picked":"Lizard Tail"}],"items_purged_floors":[3,20],"is_endless":false,"potions_floor_spawned":[1,5,7,10,12,16,18,21],"killed_by":"Book of Stabbing","ascension_level":11}