{"gold_per_floor":[111,122,138,56,56,56,71,133,133,133,133,133,152,162,162,262,262,281,281,281,298,317,317,317,317,395,410,325,343,360,376,376,376],"floor_reached":33,"playtime":3543,"items_purged":[],"score":241,"play_id":"dd791b28-812b-4b6d-9f6d-e68402697b39","local_time":"20180720202820","is_ascension_mode":false,"campfire_choices":[{"floor":6,"key":"REST"},{"floor":11,"key":"REST"},{"data":"Caltrops","floor":15,"key":"SMITH"},{"floor":23,"key":"REST"},{"floor":25,"key":"REST"},{"floor":32,"key":"REST"}],"neow_cost":"","seed_source_timestamp":0,"circlet_count":0,"master_deck":["Defend_G+1","Defend_G+1","Defend_G+1","Defend_G+1","Defend_G+1","Strike_G+1","Strike_G+1","Strike_G+1","Strike_G+1","Strike_G+1","Survivor","Neutralize","Deadly Poison","Noxious Fumes+1","Underhanded Strike","Adrenaline","Masterful Stab","Caltrops+1","Quick Slash","Dash","Glass Knife","Dagger Throw","Bouncing Flask","Poisoned Stab","Leg Sweep","Die Die Die","Flying Knee","Deflect","Flying Knee","Flechettes","Dodge and Roll+1","Sucker Punch+1","Bullet Time"],"special_seed":0,"relics":["Ring of the Snake","Ninja Scroll","Mercury Hourglass","Orrery","Darkstone Periapt","Matryoshka"],"potions_floor_usage":[8,16,21,33,33],"damage_taken":[{"damage":11,"enemies":"Jaw Worm","floor":1,"turns":6},{"damage":2,"enemies":"Cultist","floor":2,"turns":6},{"damage":2,"enemies":"Small Slimes","floor":3,"turns":4},{"damage":0,"enemies":"Looter","floor":7,"turns":4},{"damage":19,"enemies":"Lagavulin Event","floor":8,"turns":7},{"damage":0,"enemies":"Large Slime","floor":13,"turns":4},{"damage":3,"enemies":"Gremlin Gang","floor":14,"turns":3},{"damage":36,"enemies":"The Guardian","floor":16,"turns":9},{"damage":8,"enemies":"3 Byrds","floor":18,"turns":3},{"damage":13,"enemies":"Shell Parasite","floor":21,"turns":3},{"damage":19,"enemies":"Centurion and Healer","floor":22,"turns":7},{"damage":7,"enemies":"Snake Plant","floor":27,"turns":4},{"damage":9,"enemies":"3 Cultists","floor":29,"turns":5},{"damage":0,"enemies":"Snecko","floor":30,"turns":5},{"damage":18,"enemies":"Centurion and Healer","floor":31,"turns":5},{"damage":71,"enemies":"Champ","floor":33,"turns":11}],"seed_played":"-6816913177712175532","potions_obtained":[{"floor":3,"key":"SneckoOil"},{"floor":7,"key":"Weak Potion"},{"floor":13,"key":"SpeedPotion"},{"floor":14,"key":"SmokeBomb"},{"floor":18,"key":"AttackPotion"},{"floor":21,"key":"Weak Potion"},{"floor":30,"key":"SteroidPotion"}],"is_trial":false,"path_per_floor":["M","M","M","$","?","R","M","?","T","?","R","?","M","M","R","B",null,"M","?","?","M","M","R","?","R","T","M","?","M","M","M","R"],"character_chosen":"THE_SILENT","items_purchased":["Adrenaline"],"campfire_rested":5,"item_purchase_floors":[4],"current_hp_per_floor":[59,57,55,55,55,70,70,51,51,48,69,74,74,71,71,35,75,67,75,75,62,43,65,65,75,75,68,68,59,59,41,63,0],"gold":376,"neow_bonus":"","is_prod":false,"is_daily":false,"chose_seed":false,"campfire_upgraded":1,"win_rate":0.0,"timestamp":1532111300,"path_taken":["M","M","M","$","?","R","M","?","T","?","R","?","M","M","R","BOSS","M","?","?","?","M","R","?","R","T","M","?","?","M","M","R","BOSS"],"build_version":"2018-07-19v2","purchased_purges":0,"victory":false,"max_hp_per_floor":[70,70,70,70,70,70,70,70,70,70,70,75,75,75,75,75,75,75,75,75,75,75,75,75,75,75,75,75,75,75,75,75,75],"card_choices":[{"not_picked":["Poisoned Stab","Dagger Spray"],"picked":"Deadly Poison","floor":1},{"not_picked":["Underhanded Strike","Infinite Blades"],"picked":"Noxious Fumes","floor":2},{"not_picked":["Riddle With Holes","Outmaneuver"],"picked":"Underhanded Strike","floor":3},{"not_picked":["Slice","Deadly Poison"],"picked":"Masterful Stab","floor":7},{"not_picked":["Quick Slash","Acrobatics"],"picked":"Caltrops","floor":8},{"not_picked":["Heel Hook","Dagger Throw"],"picked":"Quick Slash","floor":13},{"not_picked":["Underhanded Strike","Prepared"],"picked":"Dash","floor":14},{"not_picked":["Night Terror","Tools of the Trade"],"picked":"Glass Knife","floor":16},{"not_picked":["Outmaneuver","Underhanded Strike"],"picked":"Dagger Throw","floor":17},{"not_picked":["Dagger Throw","Predator"],"picked":"Bouncing Flask","floor":17},{"not_picked":["Flying Knee","Backflip"],"picked":"Poisoned Stab","floor":17},{"not_picked":["Deadly Poison","Masterful Stab"],"picked":"Leg Sweep","floor":17},{"not_picked":["Footwork","Outmaneuver"],"picked":"Die Die Die","floor":17},{"not_picked":["Choke","Acrobatics"],"picked":"Flying Knee","floor":18},{"not_picked":["Underhanded Strike","Slice"],"picked":"Deflect","floor":21},{"not_picked":["Expertise","Outmaneuver"],"picked":"Flying Knee","floor":22},{"not_picked":["Choke","Deflect+1"],"picked":"Flechettes","floor":27},{"not_picked":["Sucker Punch","Slice"],"picked":"Dodge and Roll+1","floor":29},{"not_picked":["Quick Slash","Dagger Throw"],"picked":"Sucker Punch+1","floor":30},{"not_picked":["Slice","Dagger Spray"],"picked":"Bullet Time","floor":31}],"player_experience":16956,"relics_obtained":[{"floor":8,"key":"Ninja Scroll"},{"floor":9,"key":"Mercury Hourglass"},{"floor":26,"key":"Darkstone Periapt"}],"event_choices":[{"event_name":"Accursed Blacksmith","player_choice":"Forge","floor":5,"damage_taken":0},{"event_name":"Dead Adventurer","player_choice":"Searched \u00272\u0027 times","floor":8,"damage_taken":0},{"event_name":"Scrap Ooze","player_choice":"unsuccessful","floor":10,"damage_taken":3},{"event_name":"Big Fish","player_choice":"Donut","floor":12,"damage_taken":0},{"event_name":"Wheel of Change","player_choice":"Full Heal","floor":19,"damage_taken":0},{"event_name":"Beggar","player_choice":"Ignored","floor":20,"damage_taken":0},{"event_name":"Back to Basics","player_choice":"Simplicity","floor":24,"damage_taken":0},{"event_name":"Addict","player_choice":"Obtained Relic","floor":28,"damage_taken":0}],"is_beta":false,"boss_relics":[{"not_picked":["Ring of the Serpent","Velvet Choker"],"picked":"Orrery"}],"items_purged_floors":[],"is_endless":false,"potions_floor_spawned":[3,7,13,14,18,21,30],"killed_by":"Champ","ascension_level":0}