{"gold_per_floor":[114,127,202,215,215,246,246,274,274,274,293,293,293,316,316,446,446,471,471],"floor_reached":19,"playtime":1042,"items_purged":[],"score":283,"play_id":"8cd059d3-adec-4e6d-a5a9-24ff0d86841b","local_time":"20190201123416","is_ascension_mode":true,"campfire_choices":[{"data":"Go for the Eyes","floor":7,"key":"SMITH"},{"floor":13,"key":"REST"},{"floor":15,"key":"REST"}],"neow_cost":"NONE","seed_source_timestamp":739941858203600,"circlet_count":0,"master_deck":["AscendersBane","Strike_B","Strike_B","Strike_B","Strike_B","Defend_B","Defend_B","Defend_B","Defend_B","Zap+1","Dualcast","Cold Snap","Go for the Eyes+1","Streamline+1","Sweeping Beam","Blizzard","Cold Snap+1","Self Repair","Echo Form","Loop"],"relics":["Cracked Core","Art of War","Shuriken","Molten Egg 2","Golden Idol","Black Star"],"potions_floor_usage":[6,6,16],"damage_taken":[{"damage":0,"enemies":"Small Slimes","floor":1,"turns":3},{"damage":3,"enemies":"2 Louse","floor":2,"turns":2},{"damage":0,"enemies":"Jaw Worm","floor":4,"turns":3},{"damage":7,"enemies":"Lagavulin","floor":6,"turns":5},{"damage":14,"enemies":"Gremlin Nob","floor":8,"turns":4},{"damage":8,"enemies":"2 Fungi Beasts","floor":11,"turns":2},{"damage":15,"enemies":"3 Louse","floor":14,"turns":2},{"damage":14,"enemies":"The Guardian","floor":16,"turns":10},{"damage":60,"enemies":"2 Thieves","floor":18,"turns":4},{"damage":23,"enemies":"Masked Bandits","floor":19,"turns":2}],"seed_played":"2569431144221369882","potions_obtained":[{"floor":2,"key":"Weak Potion"},{"floor":4,"key":"FocusPotion"},{"floor":14,"key":"FearPotion"}],"is_trial":false,"path_per_floor":["M","M","?","M","?","E","R","E","T","?","M","?","R","M","R","B",null,"M","?"],"character_chosen":"DEFECT","items_purchased":[],"campfire_rested":2,"item_purchase_floors":[],"current_hp_per_floor":[68,65,54,54,54,47,47,33,33,33,25,25,45,30,50,43,63,17,0],"gold":471,"neow_bonus":"UPGRADE_CARD","is_prod":false,"is_daily":false,"chose_seed":false,"campfire_upgraded":1,"win_rate":0,"timestamp":1549024456,"path_taken":["M","M","?","M","?","E","R","E","T","?","M","?","R","M","R","BOSS","M","?"],"build_version":"2019-01-23","purchased_purges":0,"victory":false,"max_hp_per_floor":[75,75,75,75,75,75,75,75,75,75,75,69,69,69,69,69,69,69,69],"card_choices":[{"not_picked":["Heatsinks","Redo"],"picked":"Cold Snap","floor":1},{"not_picked":["Conserve Battery","Barrage"],"picked":"Go for the Eyes","floor":2},{"not_picked":["Stack","Tempest"],"picked":"Streamline","floor":4},{"not_picked":["Skim","Consume"],"picked":"Sweeping Beam","floor":6},{"not_picked":["Tempest","Beam Cell"],"picked":"Blizzard","floor":8},{"not_picked":["Hologram","Stack"],"picked":"Cold Snap+1","floor":11},{"not_picked":["All For One+1","Melter+1"],"picked":"Self Repair","floor":14},{"not_picked":["Amplify","Hyperbeam+1"],"picked":"Echo Form","floor":16},{"not_picked":["Sweeping Beam+1","Compile Driver+1"],"picked":"Loop","floor":18}],"player_experience":224839,"relics_obtained":[{"floor":6,"key":"Art of War"},{"floor":8,"key":"Shuriken"},{"floor":9,"key":"Molten Egg 2"}],"event_choices":[{"damage_healed":0,"gold_gain":75,"player_choice":"Gather Gold","damage_taken":11,"max_hp_gain":0,"max_hp_loss":0,"event_name":"World of Goop","floor":3,"gold_loss":0},{"damage_healed":0,"gold_gain":0,"player_choice":"Grow","damage_taken":0,"max_hp_gain":0,"max_hp_loss":0,"event_name":"Living Wall","floor":5,"gold_loss":0,"cards_upgraded":["Streamline"]},{"damage_healed":0,"gold_gain":0,"player_choice":"Ignored","damage_taken":0,"max_hp_gain":0,"max_hp_loss":0,"event_name":"Shining Light","floor":10,"gold_loss":0},{"damage_healed":0,"gold_gain":0,"player_choice":"Lose Max HP","damage_taken":0,"relics_obtained":["Golden Idol"],"max_hp_gain":0,"max_hp_loss":6,"event_name":"Golden Idol","floor":12,"gold_loss":0},{"damage_healed":0,"gold_gain":0,"player_choice":"Fought Bandits","damage_taken":0,"max_hp_gain":0,"max_hp_loss":0,"event_name":"Masked Bandits","floor":19,"gold_loss":0}],"is_beta":false,"boss_relics":[{"not_picked":["Fusion Hammer","Runic Dome"],"picked":"Black Star"}],"items_purged_floors":[],"is_endless":false,"potions_floor_spawned":[2,4,14],"killed_by":"Masked Bandits","ascension_level":12}