{"gold_per_floor":[114,149,164,215,215,265,265,295,295,310,310,360,360,360,360,480,480,515,515,555,123,158,8,8,38,38,93,93,108,108,143,143,268,318,353,393,93,128,88,118,133,133,133,148,163,178,208,223,223,223],"floor_reached":50,"playtime":3448,"items_purged":[],"score":739,"play_id":"bcf0b1b6-b3fa-472a-b664-1868ee052ae8","local_time":"20190202220500","daily_mods":["Shiny","Colorless Cards","Lethality"],"is_ascension_mode":false,"campfire_choices":[{"floor":7,"key":"REST"},{"data":"After Image","floor":11,"key":"SMITH"},{"data":"Bullet Time","floor":13,"key":"SMITH"},{"data":"Well Laid Plans","floor":15,"key":"SMITH"},{"data":"Apotheosis","floor":24,"key":"SMITH"},{"data":"Dramatic Entrance","floor":32,"key":"SMITH"},{"data":"Malaise","floor":49,"key":"SMITH"}],"neow_cost":"","seed_source_timestamp":0,"circlet_count":0,"master_deck":["Venomology","Corpse Explosion","Malaise+1","Phantasmal Killer","Die Die Die","Adrenaline","Envenom","Doppelganger","Burst","Wraith Form v2","Tools of the Trade","Night Terror","Unload","After Image+1","Bullet Time+1","Storm of Steel","Glass Knife","A Thousand Cuts","Thinking Ahead","Metamorphosis","Master of Strategy","Magnetism","Chrysalis","Transmutation+1","HandOfGreed","Mayhem","Apotheosis+1","Secret Weapon","Panache","Violence","Secret Technique","The Bomb","Sadistic Nature","Madness","Well Laid Plans+1","Deflect","Blind","Dramatic Entrance+1","Glass Knife+1","Chrysalis","Mind Blast+1","Glass Knife+1","Noxious Fumes+1","Shame","A Thousand Cuts+1","Adrenaline"],"special_seed":17929,"relics":["Ring of the Snake","Turnip","Vajra","Molten Egg 2","Bottled Lightning","Oddly Smooth Stone","Black Star","PreservedInsect","Lee\u0027s Waffle","Happy Flower","Bag of Marbles","Regal Pillow","Potion Belt","Frozen Egg 2","Ninja Scroll","Ancient Tea Set","Tiny House","Du-Vu Doll","Bag of Preparation","Mercury Hourglass","Ornamental Fan","Bottled Tornado","Tough Bandages"],"potions_floor_usage":[10,10,12,16,25,27,33,33,33,36,41,46,48,50,50,50,50,50],"damage_taken":[{"damage":0,"enemies":"2 Louse","floor":1,"turns":2},{"damage":0,"enemies":"Cultist","floor":2,"turns":2},{"damage":13,"enemies":"Small Slimes","floor":3,"turns":2},{"damage":8,"enemies":"3 Sentries","floor":6,"turns":3},{"damage":5,"enemies":"Gremlin Nob","floor":8,"turns":3},{"damage":0,"enemies":"Blue Slaver","floor":10,"turns":1},{"damage":0,"enemies":"3 Sentries","floor":12,"turns":6},{"damage":23,"enemies":"The Guardian","floor":16,"turns":7},{"damage":5,"enemies":"Chosen","floor":18,"turns":4},{"damage":12,"enemies":"Shell Parasite","floor":20,"turns":2},{"damage":15,"enemies":"Centurion and Healer","floor":22,"turns":5},{"damage":0,"enemies":"Slavers","floor":25,"turns":1},{"damage":0,"enemies":"Gremlin Leader","floor":27,"turns":2},{"damage":0,"enemies":"Shelled Parasite and Fungi","floor":29,"turns":3},{"damage":0,"enemies":"Cultist and Chosen","floor":31,"turns":2},{"damage":7,"enemies":"Champ","floor":33,"turns":4},{"damage":0,"enemies":"Orb Walker","floor":35,"turns":1},{"damage":5,"enemies":"3 Darklings","floor":36,"turns":4},{"damage":0,"enemies":"Jaw Worm Horde","floor":38,"turns":2},{"damage":0,"enemies":"Nemesis","floor":40,"turns":1},{"damage":0,"enemies":"Maw","floor":41,"turns":4},{"damage":0,"enemies":"Spire Growth","floor":44,"turns":2},{"damage":0,"enemies":"Sphere and 2 Shapes","floor":45,"turns":1},{"damage":0,"enemies":"Transient","floor":46,"turns":5},{"damage":0,"enemies":"Reptomancer","floor":47,"turns":1},{"damage":0,"enemies":"Writhing Mass","floor":48,"turns":1},{"damage":77,"enemies":"Time Eater","floor":50,"turns":7}],"seed_played":"1821043760548627163","potions_obtained":[{"floor":3,"key":"AttackPotion"},{"floor":8,"key":"Swift Potion"},{"floor":10,"key":"SpeedPotion"},{"floor":12,"key":"Strength Potion"},{"floor":20,"key":"Regen Potion"},{"floor":25,"key":"Block Potion"},{"floor":29,"key":"AttackPotion"},{"floor":34,"key":"AttackPotion"},{"floor":39,"key":"FairyPotion"},{"floor":39,"key":"AttackPotion"},{"floor":39,"key":"SkillPotion"},{"floor":40,"key":"Ancient Potion"}],"is_trial":false,"path_per_floor":["M","M","M","?","$","E","R","E","T","M","R","E","R","?","R","B",null,"M","?","M","$","M","$","R","E","T","E","?","M","?","M","R","B",null,"M","M","$","M","?","E","M","$","T","M","M","M","E","M","R","B"],"character_chosen":"THE_SILENT","items_purchased":["PreservedInsect","Lee\u0027s Waffle","Mind Blast+1","Happy Flower","Du-Vu Doll"],"campfire_rested":1,"item_purchase_floors":[21,21,21,23,37],"current_hp_per_floor":[70,70,57,57,57,49,70,65,65,65,65,65,65,65,65,42,70,65,65,53,77,62,62,62,62,62,62,62,62,62,62,62,55,82,82,77,77,77,77,77,77,77,77,77,77,77,77,77,77,0],"gold":223,"neow_bonus":"","is_prod":false,"is_daily":true,"chose_seed":false,"campfire_upgraded":6,"win_rate":0,"timestamp":1549112700,"path_taken":["M","M","M","?","$","E","R","E","T","M","R","E","R","?","R","BOSS","M","?","?","$","M","$","R","E","T","E","?","M","?","M","R","BOSS","M","M","$","M","?","E","M","$","T","M","M","M","E","M","R","BOSS"],"build_version":"2019-01-23","purchased_purges":0,"victory":false,"max_hp_per_floor":[70,70,70,70,70,70,70,70,70,70,70,70,70,70,70,70,70,70,70,70,77,77,77,77,77,77,77,77,77,77,77,77,77,82,82,82,82,82,82,82,82,82,82,82,82,82,82,82,82,82],"card_choices":[{"not_picked":["Outmaneuver","Flash of Steel"],"picked":"Madness","floor":1},{"not_picked":["Blade Dance","Deep Breath"],"picked":"Well Laid Plans","floor":2},{"not_picked":["Dodge and Roll","Bane"],"picked":"Deflect","floor":3},{"not_picked":["Quick Slash","Crippling Poison"],"picked":"Blind","floor":6},{"not_picked":["Forethought","Deep Breath"],"picked":"Dramatic Entrance","floor":8},{"not_picked":["Underhanded Strike+1","Prepared","Dagger Throw+1"],"picked":"SKIP","floor":10},{"not_picked":["Good Instincts","Underhanded Strike+1","Sucker Punch+1"],"picked":"SKIP","floor":12},{"not_picked":["Phantasmal Killer","Corpse Explosion"],"picked":"Glass Knife+1","floor":16},{"not_picked":["Dagger Spray+1","Acrobatics+1","Underhanded Strike+1"],"picked":"SKIP","floor":18},{"not_picked":["Poisoned Stab+1","Dagger Spray+1","Trip"],"picked":"SKIP","floor":20},{"not_picked":["PiercingWail","Phantasmal Killer","Flying Knee+1"],"picked":"SKIP","floor":22},{"not_picked":["Trip","Sucker Punch+1","Dodge and Roll"],"picked":"SKIP","floor":25},{"not_picked":["Caltrops","Riddle With Holes+1"],"picked":"Glass Knife+1","floor":27},{"not_picked":["Impatience","Riddle With Holes+1","Blade Dance"],"picked":"SKIP","floor":29},{"not_picked":["Calculated Gamble","Deflect","Backflip"],"picked":"SKIP","floor":31},{"not_picked":["Wraith Form v2+1","Venomology"],"picked":"A Thousand Cuts+1","floor":33},{"not_picked":["Concentrate","Dagger Spray+1"],"picked":"Adrenaline","floor":35},{"not_picked":["Reflex+1","Deflect+1","Dagger Spray+1"],"picked":"SKIP","floor":36},{"not_picked":["Dagger Throw+1","Underhanded Strike+1","Infinite Blades+1"],"picked":"SKIP","floor":38},{"not_picked":["Calculated Gamble+1","Masterful Stab+1","Backflip+1"],"picked":"SKIP","floor":40},{"not_picked":["Jack Of All Trades+1","Dagger Throw+1","Poisoned Stab+1"],"picked":"SKIP","floor":41},{"not_picked":["Acrobatics","Deflect","Sucker Punch+1"],"picked":"SKIP","floor":44},{"not_picked":["Prepared+1","Calculated Gamble+1","Good Instincts"],"picked":"SKIP","floor":45},{"not_picked":["Dagger Spray+1","Deadly Poison","Quick Slash+1"],"picked":"SKIP","floor":46},{"not_picked":["Distraction+1","Blade Dance+1","Unload+1"],"picked":"SKIP","floor":47},{"not_picked":["Bane+1","Sucker Punch+1","Quick Slash+1"],"picked":"SKIP","floor":48}],"player_experience":161586,"relics_obtained":[{"floor":6,"key":"Turnip"},{"floor":8,"key":"Vajra"},{"floor":9,"key":"Molten Egg 2"},{"floor":12,"key":"Bottled Lightning"},{"floor":25,"key":"Bag of Marbles"},{"floor":25,"key":"Regal Pillow"},{"floor":26,"key":"Potion Belt"},{"floor":27,"key":"Frozen Egg 2"},{"floor":27,"key":"Ninja Scroll"},{"floor":40,"key":"Bag of Preparation"},{"floor":40,"key":"Mercury Hourglass"},{"floor":43,"key":"Ornamental Fan"},{"floor":47,"key":"Bottled Tornado"},{"floor":47,"key":"Tough Bandages"}],"event_choices":[{"damage_healed":0,"gold_gain":51,"player_choice":"Gained Gold","damage_taken":0,"max_hp_gain":0,"max_hp_loss":0,"event_name":"Golden Wing","floor":4,"gold_loss":0},{"damage_healed":0,"gold_gain":0,"player_choice":"Gave Potion","damage_taken":0,"relics_obtained":["Oddly Smooth Stone"],"max_hp_gain":0,"max_hp_loss":0,"event_name":"WeMeetAgain","floor":14,"gold_loss":0},{"damage_healed":0,"gold_gain":0,"cards_transformed":["Grand Finale"],"player_choice":"Transformed","damage_taken":0,"max_hp_gain":0,"max_hp_loss":0,"event_name":"Transmorgrifier","floor":19,"gold_loss":0,"cards_obtained":["Chrysalis"]},{"damage_healed":0,"gold_gain":0,"player_choice":"Read","damage_taken":0,"max_hp_gain":0,"max_hp_loss":0,"event_name":"The Library","floor":28,"gold_loss":0,"cards_obtained":["Noxious Fumes"]},{"damage_healed":0,"gold_gain":0,"player_choice":"Stole Relic","damage_taken":0,"relics_obtained":["Ancient Tea Set"],"max_hp_gain":0,"max_hp_loss":0,"event_name":"Addict","floor":30,"gold_loss":0,"cards_obtained":["Shame"]},{"damage_healed":0,"gold_gain":0,"player_choice":"Bought 3 Potions","damage_taken":0,"max_hp_gain":0,"max_hp_loss":0,"event_name":"The Woman in Blue","floor":39,"gold_loss":0}],"is_beta":false,"boss_relics":[{"not_picked":["Fusion Hammer","Runic Pyramid"],"picked":"Black Star"},{"not_picked":["Ring of the Serpent","Orrery"],"picked":"Tiny House"}],"items_purged_floors":[],"is_endless":false,"potions_floor_spawned":[3,8,10,12,20,25,29,40,41,46,47],"killed_by":"Time Eater","ascension_level":0}