{"gold_per_floor":[115,128,128,203,223,263,263,263,263,263,284,264,304,42,42,170,170,191,212,8,8,24,24,65,65,65,80,80,113,137,158,158,284,284,305,305,87,112,132,145,145,145,197,231,246,265,265,19,19,19],"floor_reached":51,"playtime":2493,"items_purged":[],"score":845,"play_id":"634a8d56-ad99-46a6-af1e-28ac72f705b5","local_time":"20190114141548","is_ascension_mode":true,"campfire_choices":[{"data":"Dualcast","floor":8,"key":"SMITH"},{"floor":10,"key":"REST"},{"data":"Go for the Eyes","floor":15,"key":"SMITH"},{"data":"Sunder","floor":23,"key":"SMITH"},{"data":"Beam Cell","floor":25,"key":"SMITH"},{"data":"Melter","floor":28,"key":"SMITH"},{"data":"Echo Form","floor":32,"key":"SMITH"},{"data":"FTL","floor":41,"key":"SMITH"},{"data":"Lockon","floor":47,"key":"SMITH"},{"floor":49,"key":"REST"}],"neow_cost":"NONE","seed_source_timestamp":3247503030419805,"circlet_count":0,"master_deck":["Defend_B","Defend_B","Defend_B","Defend_B","Zap+1","Dualcast+1","Melter+1","Ball Lightning+1","Ball Lightning","Steam+1","Go for the Eyes+1","Beam Cell+1","Ball Lightning+1","Reinforced Body+1","Sunder+1","Beam Cell+1","Sweeping Beam","Ball Lightning","Conserve Battery+1","Coolheaded+1","Echo Form+1","Thunder Strike+1","Tempest+1","Skim+1","FTL+1","Lockon+1","Static Discharge+1"],"relics":["Cracked Core","Golden Idol","Kunai","Toxic Egg 2","Pear","MealTicket","Astrolabe","Whetstone","Vajra","Bronze Scales","Pantograph","Empty Cage","Omamori","Potion Belt","Orichalcum","Strawberry"],"potions_floor_usage":[44,50,50,50,50],"damage_taken":[{"damage":0,"enemies":"Small Slimes","floor":1,"turns":2},{"damage":2,"enemies":"Jaw Worm","floor":2,"turns":2},{"damage":1,"enemies":"Cultist","floor":5,"turns":3},{"damage":9,"enemies":"3 Sentries","floor":6,"turns":6},{"damage":1,"enemies":"Looter","floor":11,"turns":2},{"damage":13,"enemies":"Lagavulin","floor":13,"turns":5},{"damage":19,"enemies":"Slime Boss","floor":16,"turns":8},{"damage":6,"enemies":"Chosen","floor":18,"turns":3},{"damage":12,"enemies":"2 Thieves","floor":19,"turns":3},{"damage":0,"enemies":"Centurion and Healer","floor":22,"turns":5},{"damage":7,"enemies":"Book of Stabbing","floor":24,"turns":4},{"damage":15,"enemies":"Snake Plant","floor":27,"turns":3},{"damage":10,"enemies":"Gremlin Leader","floor":29,"turns":4},{"damage":0,"enemies":"Cultist and Chosen","floor":30,"turns":4},{"damage":0,"enemies":"Sentry and Sphere","floor":31,"turns":4},{"damage":26,"enemies":"Champ","floor":33,"turns":8},{"damage":16,"enemies":"3 Darklings","floor":35,"turns":3},{"damage":3,"enemies":"Orb Walker","floor":38,"turns":3},{"damage":23,"enemies":"Spire Growth","floor":39,"turns":4},{"damage":0,"enemies":"Sphere and 2 Shapes","floor":40,"turns":2},{"damage":20,"enemies":"Reptomancer","floor":44,"turns":5},{"damage":0,"enemies":"Transient","floor":45,"turns":5},{"damage":6,"enemies":"4 Shapes","floor":46,"turns":5},{"damage":57,"enemies":"Awakened One","floor":50,"turns":8}],"seed_played":"-2873632836979717687","potions_obtained":[{"floor":5,"key":"GamblersBrew"},{"floor":6,"key":"Block Potion"},{"floor":12,"key":"Ancient Potion"},{"floor":22,"key":"Explosive Potion"},{"floor":24,"key":"Dexterity Potion"},{"floor":30,"key":"LiquidBronze"},{"floor":39,"key":"Energy Potion"}],"is_trial":false,"path_per_floor":["M","M","?","?","M","E","?","R","T","R","M","?","E","$","R","B",null,"M","M","$","?","M","R","E","R","T","M","R","E","M","M","R","B",null,"M","?","$","M","M","M","R","?","T","E","M","M","R","$","R","B",null],"character_chosen":"DEFECT","items_purchased":["MealTicket","Beam Cell","Whetstone","Sweeping Beam","Tempest+1","Omamori","Energy Potion","Strawberry","Explosive Potion"],"campfire_rested":2,"item_purchase_floors":[14,14,20,20,37,37,48,48,48],"current_hp_per_floor":[75,73,55,44,43,34,34,34,34,56,55,55,52,52,52,33,85,79,67,82,95,95,95,88,88,88,73,73,63,63,63,63,62,95,79,79,94,91,68,68,68,68,68,48,48,42,42,64,94,45],"gold":19,"neow_bonus":"UPGRADE_CARD","is_prod":false,"is_daily":false,"chose_seed":false,"campfire_upgraded":8,"win_rate":0,"timestamp":1547471748,"path_taken":["M","M","?","?","M","E","?","R","T","R","?","?","E","?","R","BOSS","M","M","$","?","M","R","E","R","T","M","R","E","?","M","R","BOSS","M","?","$","?","M","M","R","?","T","E","M","M","R","$","R","BOSS"],"build_version":"2019-01-10","purchased_purges":0,"victory":true,"max_hp_per_floor":[75,75,75,75,75,75,75,75,75,75,75,75,85,85,85,85,85,85,85,85,95,95,95,95,95,95,95,95,95,95,95,95,95,95,95,95,95,95,95,95,95,95,95,95,95,95,95,102,102,102],"card_choices":[{"not_picked":["Leap","Compile Driver"],"picked":"Melter","floor":1},{"not_picked":["Chaos","Streamline"],"picked":"Ball Lightning","floor":2},{"not_picked":["Coolheaded","Turbo"],"picked":"Ball Lightning","floor":5},{"not_picked":["Compile Driver","Steam Power","Rebound"],"picked":"SKIP","floor":6},{"not_picked":["Hello World","Streamline"],"picked":"Steam+1","floor":11},{"not_picked":["Glacier+1","Steam+1"],"picked":"Go for the Eyes","floor":13},{"not_picked":["Amplify+1","Creative AI"],"picked":"Seek+1","floor":16},{"not_picked":["Sweeping Beam","Compile Driver"],"picked":"Sunder","floor":18},{"not_picked":["Doom and Gloom","Genetic Algorithm+1"],"picked":"Beam Cell","floor":19},{"not_picked":["Darkness+1","Aggregate+1"],"picked":"Ball Lightning","floor":22},{"not_picked":["Gash","Redo+1","Consume+1"],"picked":"SKIP","floor":24},{"not_picked":["Gash","Redo+1","Consume+1"],"picked":"SKIP","floor":24},{"not_picked":["Genetic Algorithm+1","Redo+1"],"picked":"Conserve Battery+1","floor":27},{"not_picked":["Conserve Battery+1","Steam+1","Melter"],"picked":"SKIP","floor":29},{"not_picked":["Sweeping Beam","Beam Cell+1"],"picked":"Coolheaded+1","floor":30},{"not_picked":["Reprogram+1","Streamline"],"picked":"Echo Form","floor":31},{"not_picked":["Meteor Strike","Fission+1"],"picked":"Thunder Strike","floor":33},{"not_picked":["Go for the Eyes","Genetic Algorithm+1","Beam Cell"],"picked":"SKIP","floor":35},{"not_picked":["Chill+1","Coolheaded+1","Conserve Battery+1"],"picked":"SKIP","floor":38},{"not_picked":["Ball Lightning+1","Tempest+1"],"picked":"Skim+1","floor":39},{"not_picked":["Compile Driver","Rainbow+1"],"picked":"FTL","floor":40},{"not_picked":["Fusion+1","Coolheaded+1","BootSequence+1"],"picked":"SKIP","floor":44},{"not_picked":["Hologram+1","Ball Lightning+1"],"picked":"Lockon","floor":45},{"not_picked":["Leap+1","Gash"],"picked":"Static Discharge+1","floor":46}],"player_experience":733880,"relics_obtained":[{"floor":6,"key":"Kunai"},{"floor":9,"key":"Toxic Egg 2"},{"floor":13,"key":"Pear"},{"floor":24,"key":"Vajra"},{"floor":26,"key":"Bronze Scales"},{"floor":29,"key":"Pantograph"},{"floor":43,"key":"Potion Belt"},{"floor":44,"key":"Orichalcum"}],"event_choices":[{"damage_healed":0,"gold_gain":0,"player_choice":"Take Damage","damage_taken":18,"relics_obtained":["Golden Idol"],"max_hp_gain":0,"max_hp_loss":0,"event_name":"Golden Idol","floor":3,"gold_loss":0},{"damage_healed":0,"gold_gain":75,"player_choice":"Gather Gold","damage_taken":11,"max_hp_gain":0,"max_hp_loss":0,"event_name":"World of Goop","floor":4,"gold_loss":0},{"damage_healed":0,"gold_gain":0,"player_choice":"Ignored","damage_taken":0,"max_hp_gain":0,"max_hp_loss":0,"event_name":"Liars Game","floor":7,"gold_loss":0},{"damage_healed":0,"gold_gain":0,"player_choice":"Bought 1 Potion","damage_taken":0,"max_hp_gain":0,"max_hp_loss":0,"event_name":"The Woman in Blue","floor":12,"gold_loss":0},{"cards_removed":["Seek"],"damage_healed":3,"gold_gain":0,"player_choice":"Offered Rare","damage_taken":0,"max_hp_gain":10,"max_hp_loss":0,"event_name":"Bonfire Elementals","floor":21,"gold_loss":0},{"damage_healed":0,"gold_gain":0,"player_choice":"Forge","damage_taken":0,"max_hp_gain":0,"max_hp_loss":0,"event_name":"Accursed Blacksmith","floor":36,"gold_loss":0,"cards_upgraded":["Thunder Strike"]},{"damage_healed":0,"gold_gain":0,"player_choice":"Ignored","damage_taken":0,"max_hp_gain":0,"max_hp_loss":0,"event_name":"Tomb of Lord Red Mask","floor":42,"gold_loss":0}],"is_beta":false,"boss_relics":[{"not_picked":["Runic Pyramid","Lizard Tail"],"picked":"Astrolabe"},{"not_picked":["Pandora\u0027s Box","FrozenCore"],"picked":"Empty Cage"}],"items_purged_floors":[],"is_endless":false,"potions_floor_spawned":[5,6,22,24,27,30,39,40],"ascension_level":2}