{"gold_per_floor":[111,186,361,57,72,72,106,106,106,116,116,147,159,190,190,286,286,301,501,209,225,243,243,256,256,327,337,337,355,83,101,101,101],"floor_reached":33,"playtime":1090,"items_purged":["Doubt"],"score":307,"play_id":"7bc30bfd-9f32-4667-a52d-11287c0c562d","local_time":"20181215112811","is_ascension_mode":true,"campfire_choices":[{"data":"Spot Weakness","floor":6,"key":"SMITH"},{"data":"Perfected Strike","floor":11,"key":"SMITH"},{"floor":15,"key":"REST"},{"floor":23,"key":"REST"},{"floor":25,"key":"REST"},{"floor":32,"key":"REST"}],"neow_cost":"NONE","seed_source_timestamp":87470383588997,"circlet_count":0,"master_deck":["Strike_R","Strike_R","Strike_R","Strike_R","Strike_R","Defend_R","Defend_R","Defend_R","Defend_R","Bash","Twin Strike","Spot Weakness","Spot Weakness+1","Perfected Strike+1","Perfected Strike","Bludgeon","Heavy Blade+1","Spot Weakness","Perfected Strike+1"],"relics":["Burning Blood","Ancient Tea Set","Red Skull","Anchor","Kunai","PreservedInsect","StoneCalendar","Lizard Tail","Ice Cream","Dodecahedron","MealTicket"],"potions_floor_usage":[12,14,16,22,33],"damage_taken":[{"damage":0,"enemies":"Small Slimes","floor":1,"turns":3},{"damage":6,"enemies":"Jaw Worm","floor":5,"turns":2},{"damage":21,"enemies":"3 Sentries","floor":7,"turns":7},{"damage":0,"enemies":"Cultist","floor":10,"turns":3},{"damage":36,"enemies":"Lagavulin","floor":12,"turns":5},{"damage":0,"enemies":"Large Slime","floor":13,"turns":4},{"damage":0,"enemies":"Gremlin Nob","floor":14,"turns":2},{"damage":24,"enemies":"Hexaghost","floor":16,"turns":7},{"damage":20,"enemies":"2 Thieves","floor":18,"turns":4},{"damage":32,"enemies":"3 Byrds","floor":21,"turns":5},{"damage":14,"enemies":"Centurion and Healer","floor":22,"turns":6},{"damage":20,"enemies":"Sentry and Sphere","floor":24,"turns":4},{"damage":21,"enemies":"3 Cultists","floor":27,"turns":5},{"damage":19,"enemies":"Cultist and Chosen","floor":29,"turns":5},{"damage":25,"enemies":"Sentry and Sphere","floor":31,"turns":4},{"damage":101,"enemies":"Automaton","floor":33,"turns":6}],"seed_played":"-2932458212061795383","potions_obtained":[{"floor":7,"key":"Regen Potion"},{"floor":13,"key":"SteroidPotion"},{"floor":14,"key":"Block Potion"},{"floor":21,"key":"SkillPotion"},{"floor":22,"key":"Swift Potion"},{"floor":27,"key":"Ancient Potion"}],"is_trial":false,"path_per_floor":["M","?","?","$","M","R","E","?","T","M","R","E","M","E","R","B",null,"M","?","$","M","M","R","M","R","T","M","?","M","$","M","R","B"],"character_chosen":"IRONCLAD","items_purchased":["Spot Weakness","Red Skull","Ice Cream","MealTicket","Spot Weakness"],"campfire_rested":4,"item_purchase_floors":[4,4,20,30,30],"current_hp_per_floor":[80,69,69,69,69,69,54,54,54,60,60,39,45,51,75,57,80,66,66,66,40,32,56,42,66,66,51,51,38,38,19,43,0],"gold":101,"neow_bonus":"RANDOM_COMMON_RELIC","is_prod":false,"is_daily":false,"chose_seed":false,"campfire_upgraded":2,"win_rate":0,"timestamp":1544869691,"path_taken":["M","?","?","$","M","R","E","?","T","M","R","E","M","E","R","BOSS","M","?","$","M","M","R","M","R","T","?","?","M","$","M","R","BOSS"],"build_version":"2018-12-13","purchased_purges":1,"victory":false,"max_hp_per_floor":[80,80,80,80,80,80,80,80,80,80,80,80,80,80,80,80,80,80,80,80,80,80,80,80,80,80,80,80,80,80,80,80,80],"card_choices":[{"not_picked":["True Grit","Anger"],"picked":"Twin Strike","floor":1},{"not_picked":["Heavy Blade","Headbutt"],"picked":"Spot Weakness","floor":5},{"not_picked":["Hemokinesis","Flex","Shockwave"],"picked":"SKIP","floor":7},{"not_picked":["Clash","Cleave"],"picked":"Perfected Strike","floor":10},{"not_picked":["Bloodletting","Intimidate","Hemokinesis"],"picked":"SKIP","floor":12},{"not_picked":["Clothesline","Feel No Pain"],"picked":"Perfected Strike","floor":13},{"not_picked":["Feel No Pain","True Grit","Cleave"],"picked":"SKIP","floor":14},{"not_picked":["Exhume","Feed"],"picked":"Bludgeon","floor":16},{"not_picked":["True Grit","Flex+1"],"picked":"Heavy Blade+1","floor":18},{"not_picked":["Armaments+1","Burning Pact","Clothesline"],"picked":"SKIP","floor":21},{"not_picked":["Twin Strike","Clothesline+1","Flex"],"picked":"SKIP","floor":22},{"not_picked":["Searing Blow","Warcry+1","Carnage+1"],"picked":"SKIP","floor":24},{"not_picked":["Bludgeon","Corruption","Reckless Charge"],"picked":"SKIP","floor":27},{"not_picked":["True Grit+1","Flame Barrier","Iron Wave+1"],"picked":"SKIP","floor":29},{"not_picked":["Havoc","Disarm+1"],"picked":"Perfected Strike+1","floor":31}],"player_experience":179078,"relics_obtained":[{"floor":7,"key":"Anchor"},{"floor":9,"key":"Kunai"},{"floor":12,"key":"PreservedInsect"},{"floor":14,"key":"StoneCalendar"},{"floor":26,"key":"Dodecahedron"}],"event_choices":[{"damage_healed":0,"gold_gain":75,"player_choice":"Gather Gold","damage_taken":11,"max_hp_gain":0,"max_hp_loss":0,"event_name":"World of Goop","floor":2,"gold_loss":0},{"damage_healed":0,"gold_gain":175,"player_choice":"AGREE","damage_taken":0,"max_hp_gain":0,"max_hp_loss":0,"event_name":"Liars Game","floor":3,"gold_loss":0,"cards_obtained":["Doubt"]},{"damage_healed":0,"gold_gain":0,"player_choice":"Ignored","damage_taken":0,"max_hp_gain":0,"max_hp_loss":0,"event_name":"Shining Light","floor":8,"gold_loss":0},{"damage_healed":0,"gold_gain":200,"player_choice":"Gold","damage_taken":0,"max_hp_gain":0,"max_hp_loss":0,"event_name":"Wheel of Change","floor":19,"gold_loss":0},{"damage_healed":0,"gold_gain":0,"player_choice":"Ignored","damage_taken":0,"max_hp_gain":0,"max_hp_loss":0,"event_name":"Beggar","floor":28,"gold_loss":0}],"is_beta":false,"boss_relics":[{"not_picked":["Astrolabe","Philosopher\u0027s Stone"],"picked":"Lizard Tail"}],"items_purged_floors":[4],"is_endless":false,"potions_floor_spawned":[7,13,14,21,22,27],"killed_by":"Automaton","ascension_level":1}