{"gold_per_floor":[115,135,149,149,149,149,174,186,273,235,259,9,9,27,27,126,126,142,122,140,14,27,27,27,27,81,101,101,127,127,60,60,156,156,169,169,180,180,235,235],"floor_reached":40,"playtime":1771,"items_purged":[],"score":427,"play_id":"271337e0-2139-4968-9162-b5bff6151a72","local_time":"20181229134928","is_ascension_mode":false,"campfire_choices":[{"data":"Perfected Strike","floor":6,"key":"SMITH"},{"data":"Defend_R","floor":15,"key":"SMITH"},{"data":"Mind Blast","floor":23,"key":"SMITH"},{"floor":28,"key":"REST"},{"data":"Defend_R","floor":30,"key":"SMITH"},{"floor":32,"key":"REST"}],"neow_cost":"NONE","seed_source_timestamp":9227401035627,"circlet_count":0,"master_deck":["Strike_R","Strike_R","Strike_R","Strike_R","Strike_R","Defend_R+1","Defend_R","Defend_R+1","Bash","Perfected Strike+1","Battle Trance","Twin Strike","Dropkick","Disarm","Wild Strike","Twin Strike","Rampage","Impervious","Blood for Blood","Flame Barrier","Mind Blast+1","True Grit","Iron Wave","Feel No Pain","Headbutt","Body Slam+1","Armaments","Demon Form","Uppercut+1","Madness","Madness","Perfected Strike","Flex"],"relics":["Burning Blood","Happy Flower","MawBank","The Courier","Mercury Hourglass","Busted Crown","Question Card","Pen Nib","Letter Opener","Runic Cube","Peace Pipe"],"potions_floor_usage":[7,16,20,33,33,40],"damage_taken":[{"damage":1,"enemies":"Cultist","floor":1,"turns":4},{"damage":2,"enemies":"2 Louse","floor":2,"turns":3},{"damage":2,"enemies":"Small Slimes","floor":3,"turns":4},{"damage":16,"enemies":"3 Sentries","floor":7,"turns":7},{"damage":2,"enemies":"2 Fungi Beasts","floor":11,"turns":4},{"damage":0,"enemies":"Looter","floor":14,"turns":1},{"damage":41,"enemies":"The Guardian","floor":16,"turns":8},{"damage":8,"enemies":"3 Byrds","floor":18,"turns":4},{"damage":18,"enemies":"2 Thieves","floor":20,"turns":3},{"damage":22,"enemies":"Centurion and Healer","floor":22,"turns":4},{"damage":10,"enemies":"Cultist and Chosen","floor":27,"turns":4},{"damage":30,"enemies":"Slavers","floor":29,"turns":4},{"damage":92,"enemies":"Champ","floor":33,"turns":14},{"damage":8,"enemies":"3 Shapes","floor":35,"turns":3},{"damage":8,"enemies":"Orb Walker","floor":37,"turns":2},{"damage":29,"enemies":"2 Orb Walkers","floor":39,"turns":4},{"damage":73,"enemies":"Giant Head","floor":40,"turns":8}],"seed_played":"-6351046031311605054","potions_obtained":[{"floor":1,"key":"Block Potion"},{"floor":7,"key":"SpeedPotion"},{"floor":14,"key":"Block Potion"},{"floor":18,"key":"Fruit Juice"},{"floor":19,"key":"EssenceOfSteel"},{"floor":22,"key":"LiquidBronze"},{"floor":27,"key":"EssenceOfSteel"},{"floor":39,"key":"Fire Potion"}],"is_trial":false,"path_per_floor":["M","M","M","?","?","R","E","?","T","?","M","$","?","M","R","B",null,"M","?","M","$","M","R","?","$","T","M","R","E","R","$","R","B",null,"M","?","M","?","?","E"],"character_chosen":"IRONCLAD","items_purchased":["Wild Strike","Twin Strike","Mercury Hourglass","Mind Blast","True Grit","Iron Wave","Metallicize","Armaments"],"campfire_rested":2,"item_purchase_floors":[12,12,12,21,21,21,31,31],"current_hp_per_floor":[88,88,88,88,70,70,60,60,60,60,64,64,69,75,75,40,93,91,91,84,84,68,68,68,68,68,64,93,69,69,69,98,12,98,96,84,82,82,59,0],"gold":235,"neow_bonus":"TEN_PERCENT_HP_BONUS","is_prod":false,"is_daily":false,"chose_seed":false,"campfire_upgraded":4,"win_rate":0,"timestamp":1546087768,"path_taken":["M","?","M","?","?","R","E","?","T","?","M","$","?","?","R","BOSS","M","?","M","?","M","R","?","$","T","?","R","E","R","$","R","BOSS","M","?","M","?","?","E"],"build_version":"2018-12-20","purchased_purges":0,"victory":false,"max_hp_per_floor":[88,88,88,88,88,88,88,88,88,88,88,88,93,93,93,93,93,93,93,98,98,98,98,98,98,98,98,98,98,98,98,98,98,98,98,98,98,98,98,98],"card_choices":[{"not_picked":["Pummel","Warcry"],"picked":"Perfected Strike","floor":1},{"not_picked":["Warcry","Inflame"],"picked":"Battle Trance","floor":2},{"not_picked":["Body Slam","Uppercut"],"picked":"Twin Strike","floor":3},{"not_picked":["Pummel","Headbutt"],"picked":"Dropkick","floor":7},{"not_picked":["Power Through","Fire Breathing"],"picked":"Disarm","floor":11},{"not_picked":["Seeing Red","Infernal Blade"],"picked":"Rampage","floor":14},{"not_picked":["Berserk","Double Tap"],"picked":"Impervious","floor":16},{"not_picked":[],"picked":"Blood for Blood","floor":18},{"not_picked":[],"picked":"Flame Barrier","floor":20},{"not_picked":[],"picked":"Feel No Pain","floor":22},{"not_picked":["Anger"],"picked":"Headbutt","floor":27},{"not_picked":["Sword Boomerang"],"picked":"Body Slam+1","floor":29},{"not_picked":["Brutality"],"picked":"Demon Form","floor":33},{"not_picked":["Havoc"],"picked":"Uppercut+1","floor":35},{"not_picked":["Sword Boomerang+1"],"picked":"Perfected Strike","floor":37},{"not_picked":["Metallicize+1"],"picked":"Flex","floor":39}],"player_experience":66004,"relics_obtained":[{"floor":7,"key":"MawBank"},{"floor":9,"key":"The Courier"},{"floor":26,"key":"Pen Nib"},{"floor":29,"key":"Letter Opener"},{"floor":39,"key":"Peace Pipe"}],"event_choices":[{"damage_healed":0,"gold_gain":0,"player_choice":"Ignored","damage_taken":0,"max_hp_gain":0,"max_hp_loss":0,"event_name":"Golden Idol","floor":4,"gold_loss":0},{"damage_healed":0,"gold_gain":0,"player_choice":"Success","damage_taken":18,"relics_obtained":["Happy Flower"],"max_hp_gain":0,"max_hp_loss":0,"event_name":"Scrap Ooze","floor":5,"gold_loss":0},{"damage_healed":0,"gold_gain":0,"player_choice":"Ignored","damage_taken":0,"max_hp_gain":0,"max_hp_loss":0,"event_name":"Liars Game","floor":8,"gold_loss":0},{"cards_removed":["Defend_R"],"damage_healed":0,"gold_gain":0,"player_choice":"Card Removal","damage_taken":0,"max_hp_gain":0,"max_hp_loss":0,"event_name":"The Cleric","floor":10,"gold_loss":50},{"damage_healed":0,"gold_gain":0,"player_choice":"Donut","damage_taken":0,"max_hp_gain":5,"max_hp_loss":0,"event_name":"Big Fish","floor":13,"gold_loss":0},{"damage_healed":0,"gold_gain":0,"player_choice":"Bought 1 Potion","damage_taken":0,"max_hp_gain":0,"max_hp_loss":0,"event_name":"The Woman in Blue","floor":19,"gold_loss":0},{"damage_healed":0,"gold_gain":0,"player_choice":"Gave Potion","damage_taken":0,"relics_obtained":["Question Card"],"max_hp_gain":0,"max_hp_loss":0,"event_name":"WeMeetAgain","floor":24,"gold_loss":0},{"damage_healed":0,"gold_gain":0,"player_choice":"Embrace Madness","damage_taken":12,"max_hp_gain":0,"max_hp_loss":0,"event_name":"Winding Halls","floor":36,"gold_loss":0,"cards_obtained":["Madness","Madness"]},{"cards_removed":["Metallicize"],"damage_healed":0,"gold_gain":0,"player_choice":"Removed Power","damage_taken":0,"max_hp_gain":0,"max_hp_loss":0,"event_name":"Falling","floor":38,"gold_loss":0},{"damage_healed":0,"gold_gain":0,"player_choice":"Fight","damage_taken":0,"max_hp_gain":0,"max_hp_loss":0,"event_name":"Mysterious Sphere","floor":39,"gold_loss":0}],"is_beta":false,"boss_relics":[{"not_picked":["Snecko Eye","Astrolabe"],"picked":"Busted Crown"},{"not_picked":["Empty Cage","Eternal Feather"],"picked":"Runic Cube"}],"items_purged_floors":[],"is_endless":false,"potions_floor_spawned":[1,7,14,18,22,27,29,39],"killed_by":"Giant Head","ascension_level":0}