{"gold_per_floor":[109,184,184,203,215,248,248,248,248,281,299,326,337,347,347,446,446,458,475,77,95,95,95,127,127,178,35,35,35,47,100,100,100],"floor_reached":33,"playtime":1523,"items_purged":["Strike_R"],"score":285,"play_id":"127ab6dc-db53-454d-beb2-1a5f5fb7e63c","local_time":"20190105170904","is_ascension_mode":false,"campfire_choices":[{"data":"Rampage","floor":15,"key":"SMITH"},{"data":"Body Slam","floor":23,"key":"SMITH"},{"data":"Bash","floor":25,"key":"SMITH"},{"floor":32,"key":"REST"}],"neow_cost":"NONE","seed_source_timestamp":675246545702904,"circlet_count":0,"master_deck":["Strike_R+1","Strike_R+1","Strike_R+1","Defend_R+1","Defend_R+1","Defend_R+1","Defend_R+1","Bash+1","Sword Boomerang","Body Slam+1","Cleave","Iron Wave+1","Iron Wave","True Grit+1","Shrug It Off+1","Infernal Blade+1","Rampage+1","Berserk+1","Offering+1","True Grit+1","Shockwave+1","Inflame+1","Armaments+1","Writhe","Spot Weakness+1","Bludgeon"],"relics":["Burning Blood","Toxic Egg 2","Happy Flower","Anchor","Frozen Egg 2","Velvet Choker","Kunai","Boot","Bag of Preparation","Smiling Mask","Vajra","Oddly Smooth Stone"],"potions_floor_usage":[6,16,16,16,24,33],"damage_taken":[{"damage":0,"enemies":"Small Slimes","floor":1,"turns":4},{"damage":6,"enemies":"Cultist","floor":4,"turns":3},{"damage":0,"enemies":"2 Louse","floor":5,"turns":3},{"damage":14,"enemies":"Gremlin Nob","floor":6,"turns":3},{"damage":29,"enemies":"3 Sentries","floor":10,"turns":9},{"damage":2,"enemies":"Large Slime","floor":11,"turns":7},{"damage":26,"enemies":"Gremlin Nob","floor":12,"turns":5},{"damage":0,"enemies":"Gremlin Gang","floor":13,"turns":3},{"damage":0,"enemies":"2 Fungi Beasts","floor":14,"turns":3},{"damage":21,"enemies":"Slime Boss","floor":16,"turns":9},{"damage":28,"enemies":"Chosen","floor":18,"turns":5},{"damage":15,"enemies":"Shell Parasite","floor":19,"turns":6},{"damage":8,"enemies":"Centurion and Healer","floor":21,"turns":5},{"damage":32,"enemies":"Slavers","floor":24,"turns":4},{"damage":3,"enemies":"Snake Plant","floor":30,"turns":2},{"damage":64,"enemies":"Collector","floor":33,"turns":6}],"seed_played":"-2680953985259531455","potions_obtained":[{"floor":1,"key":"Ancient Potion"},{"floor":4,"key":"Weak Potion"},{"floor":5,"key":"Fire Potion"},{"floor":11,"key":"FearPotion"},{"floor":12,"key":"Explosive Potion"},{"floor":18,"key":"AttackPotion"},{"floor":30,"key":"AttackPotion"}],"is_trial":false,"path_per_floor":["M","?","?","M","M","E","?","?","T","E","M","E","M","M","R","B",null,"M","M","$","M","?","R","E","R","T","$","?","?","M","T","R","B"],"character_chosen":"IRONCLAD","items_purchased":["Kunai","Inflame+1","Vajra"],"campfire_rested":1,"item_purchase_floors":[20,20,27],"current_hp_per_floor":[88,77,88,88,88,80,80,80,80,57,61,41,47,53,53,38,88,66,57,57,55,55,55,29,29,29,29,29,29,32,32,58,0],"gold":100,"neow_bonus":"TEN_PERCENT_HP_BONUS","is_prod":false,"is_daily":false,"chose_seed":false,"campfire_upgraded":3,"win_rate":0,"timestamp":1546726144,"path_taken":["M","?","?","?","M","E","?","?","T","E","M","E","M","?","R","BOSS","M","M","$","M","?","R","E","R","T","$","?","?","?","?","R","BOSS"],"build_version":"2019-01-03v4","purchased_purges":1,"victory":false,"max_hp_per_floor":[88,88,88,88,88,88,88,88,88,88,88,88,88,88,88,88,88,88,88,88,88,88,88,88,88,88,88,88,88,88,88,88,88],"card_choices":[{"not_picked":["Uppercut","Sever Soul"],"picked":"Sword Boomerang","floor":1},{"not_picked":["Carnage","True Grit"],"picked":"Body Slam","floor":4},{"not_picked":["Warcry","Feel No Pain"],"picked":"Cleave","floor":5},{"not_picked":["Seeing Red","Sever Soul"],"picked":"Iron Wave","floor":6},{"not_picked":["Fiend Fire","Anger"],"picked":"True Grit+1","floor":10},{"not_picked":["Fire Breathing","Heavy Blade"],"picked":"Shrug It Off+1","floor":11},{"not_picked":["Sword Boomerang","Rupture"],"picked":"Infernal Blade+1","floor":12},{"not_picked":["Uppercut","Flame Barrier+1"],"picked":"Rampage","floor":13},{"not_picked":["Pommel Strike","Hemokinesis"],"picked":"Berserk+1","floor":14},{"not_picked":["Impervious+1","Reaper"],"picked":"Offering+1","floor":16},{"not_picked":["Sword Boomerang","Headbutt"],"picked":"True Grit+1","floor":18},{"not_picked":["Flex+1","Anger"],"picked":"Shockwave+1","floor":19},{"not_picked":["Pommel Strike","Twin Strike"],"picked":"Armaments+1","floor":21},{"not_picked":["Anger","Rupture+1"],"picked":"Spot Weakness+1","floor":24},{"not_picked":["Body Slam","Perfected Strike+1"],"picked":"Bludgeon","floor":30}],"player_experience":37024,"relics_obtained":[{"floor":6,"key":"Toxic Egg 2"},{"floor":9,"key":"Happy Flower"},{"floor":10,"key":"Anchor"},{"floor":12,"key":"Frozen Egg 2"},{"floor":24,"key":"Bag of Preparation"},{"floor":26,"key":"Smiling Mask"},{"floor":31,"key":"Oddly Smooth Stone"}],"event_choices":[{"damage_healed":0,"gold_gain":75,"player_choice":"Gather Gold","damage_taken":11,"max_hp_gain":0,"max_hp_loss":0,"event_name":"World of Goop","floor":2,"gold_loss":0},{"damage_healed":11,"gold_gain":0,"player_choice":"Full Heal","damage_taken":0,"max_hp_gain":0,"max_hp_loss":0,"event_name":"Wheel of Change","floor":3,"gold_loss":0},{"damage_healed":0,"gold_gain":0,"player_choice":"Ignored","damage_taken":0,"max_hp_gain":0,"max_hp_loss":0,"event_name":"Liars Game","floor":7,"gold_loss":0},{"cards_removed":["Strike_R"],"damage_healed":0,"gold_gain":0,"player_choice":"Took Card","damage_taken":0,"max_hp_gain":0,"max_hp_loss":0,"event_name":"NoteForYourself","floor":8,"gold_loss":0,"cards_obtained":["Iron Wave"]},{"damage_healed":0,"gold_gain":0,"player_choice":"Opened","damage_taken":0,"relics_obtained":["Boot"],"max_hp_gain":0,"max_hp_loss":0,"event_name":"The Mausoleum","floor":22,"gold_loss":0,"cards_obtained":["Writhe"]},{"damage_healed":0,"gold_gain":0,"player_choice":"Simplicity","damage_taken":0,"max_hp_gain":0,"max_hp_loss":0,"event_name":"Back to Basics","floor":28,"gold_loss":0,"cards_upgraded":["Strike_R","Strike_R","Strike_R","Defend_R","Defend_R","Defend_R","Defend_R"]},{"damage_healed":0,"gold_gain":0,"player_choice":"Upgraded","damage_taken":0,"max_hp_gain":0,"max_hp_loss":0,"event_name":"Upgrade Shrine","floor":29,"gold_loss":0,"cards_upgraded":["Iron Wave"]}],"is_beta":false,"boss_relics":[{"not_picked":["Runic Cube","Mark of Pain"],"picked":"Velvet Choker"}],"items_purged_floors":[20],"is_endless":false,"potions_floor_spawned":[1,4,5,11,12,18,30],"killed_by":"Collector","ascension_level":0}