{"gold_per_floor":[117,128,128,128,140,159,159,9,55,71,98,63,92,103,103,200,200,214,214,264,278,81,81,98,98],"floor_reached":25,"playtime":1103,"items_purged":["Strike_R"],"score":309,"play_id":"24070266-ed50-43ca-88a1-7d2c747d058c","local_time":"20190123203934","is_ascension_mode":true,"campfire_choices":[{"floor":7,"key":"REST"},{"floor":15,"key":"REST"},{"floor":23,"key":"REST"}],"neow_cost":"PERCENT_DAMAGE","seed_source_timestamp":606775983427700,"circlet_count":0,"master_deck":["Strike_R","Defend_R","Defend_R","Defend_R","Defend_R","Bash","Demon Form","Shrug It Off","Entrench","Uppercut","Shrug It Off","Iron Wave","Pommel Strike","Heavy Blade","Metallicize","Warcry","Exhume","Shrug It Off+1","Disarm+1","Spot Weakness+1","Cleave","Corruption+1","Warcry"],"relics":["Burning Blood","Omamori","Regal Pillow","Bag of Marbles","Mummified Hand","Astrolabe","ClockworkSouvenir"],"potions_floor_usage":[11,13,25],"damage_taken":[{"damage":14,"enemies":"Jaw Worm","floor":1,"turns":4},{"damage":9,"enemies":"2 Louse","floor":2,"turns":3},{"damage":15,"enemies":"Cultist","floor":5,"turns":5},{"damage":29,"enemies":"Lots of Slimes","floor":6,"turns":5},{"damage":5,"enemies":"Blue Slaver","floor":10,"turns":6},{"damage":24,"enemies":"3 Sentries","floor":11,"turns":10},{"damage":12,"enemies":"Gremlin Nob","floor":13,"turns":5},{"damage":6,"enemies":"Looter","floor":14,"turns":3},{"damage":51,"enemies":"The Guardian","floor":16,"turns":11},{"damage":49,"enemies":"2 Thieves","floor":18,"turns":5},{"damage":34,"enemies":"3 Byrds","floor":21,"turns":6},{"damage":24,"enemies":"Shelled Parasite and Fungi","floor":24,"turns":7},{"damage":45,"enemies":"Slavers","floor":25,"turns":4}],"seed_played":"-2491119277901889119","potions_obtained":[{"floor":1,"key":"Ancient Potion"},{"floor":6,"key":"Strength Potion"},{"floor":13,"key":"GamblersBrew"},{"floor":16,"key":"Ancient Potion"},{"floor":24,"key":"SkillPotion"}],"is_trial":false,"path_per_floor":["M","M","?","?","M","M","R","$","T","M","E","$","E","M","R","B",null,"M","?","?","M","$","R","M","E"],"character_chosen":"IRONCLAD","items_purchased":["Iron Wave","Block Potion","Metallicize","ClockworkSouvenir"],"campfire_rested":3,"item_purchase_floors":[8,8,12,22],"current_hp_per_floor":[43,40,45,45,36,13,38,38,38,39,21,21,15,15,55,10,66,23,51,51,23,23,63,45,0],"gold":98,"neow_bonus":"THREE_RARE_CARDS","is_prod":false,"is_daily":false,"chose_seed":false,"campfire_upgraded":0,"win_rate":0,"timestamp":1548275974,"path_taken":["M","M","?","?","M","M","R","$","T","?","E","?","E","M","R","BOSS","M","?","?","M","$","R","M","E"],"build_version":"2019-01-23","purchased_purges":1,"victory":false,"max_hp_per_floor":[80,80,85,85,85,85,85,85,85,85,85,85,85,85,85,85,85,85,85,85,85,85,85,85,85],"card_choices":[{"not_picked":["Juggernaut","Reaper"],"picked":"Demon Form","floor":0},{"not_picked":["Warcry","Clothesline"],"picked":"Shrug It Off","floor":1},{"not_picked":["Shrug It Off","Headbutt"],"picked":"Entrench","floor":2},{"not_picked":["Sword Boomerang","Pommel Strike"],"picked":"Uppercut","floor":5},{"not_picked":["Combust","Havoc"],"picked":"Shrug It Off","floor":6},{"not_picked":["Demon Form","Combust"],"picked":"Pommel Strike","floor":10},{"not_picked":["Dropkick","Fire Breathing"],"picked":"Heavy Blade","floor":11},{"not_picked":["Rupture","Havoc"],"picked":"Warcry","floor":13},{"not_picked":["Heavy Blade","Headbutt","Pommel Strike"],"picked":"SKIP","floor":14},{"not_picked":["Berserk","Juggernaut"],"picked":"Exhume","floor":16},{"not_picked":["Havoc","Pommel Strike"],"picked":"Cleave","floor":18},{"not_picked":["Searing Blow","Ghostly Armor+1"],"picked":"Corruption+1","floor":21},{"not_picked":["Perfected Strike+1","Hemokinesis"],"picked":"Warcry","floor":24}],"player_experience":157571,"relics_obtained":[{"floor":9,"key":"Regal Pillow"},{"floor":11,"key":"Bag of Marbles"},{"floor":13,"key":"Mummified Hand"}],"event_choices":[{"damage_healed":0,"gold_gain":0,"player_choice":"Donut","damage_taken":0,"max_hp_gain":5,"max_hp_loss":0,"event_name":"Big Fish","floor":3,"gold_loss":0},{"damage_healed":0,"gold_gain":0,"player_choice":"Gave Potion","damage_taken":0,"relics_obtained":["Omamori"],"max_hp_gain":0,"max_hp_loss":0,"event_name":"WeMeetAgain","floor":4,"gold_loss":0},{"damage_healed":28,"gold_gain":0,"player_choice":"Heal","damage_taken":0,"max_hp_gain":0,"max_hp_loss":0,"event_name":"The Library","floor":19,"gold_loss":0},{"damage_healed":0,"gold_gain":100,"player_choice":"Bet on Murderer","damage_taken":0,"max_hp_gain":0,"max_hp_loss":0,"event_name":"The Joust","floor":20,"gold_loss":50}],"is_beta":false,"boss_relics":[{"not_picked":["Lizard Tail","Tiny House"],"picked":"Astrolabe"}],"items_purged_floors":[8],"is_endless":false,"potions_floor_spawned":[1,6,13,16,24],"killed_by":"Slavers","ascension_level":9}