{"gold_per_floor":[118,135,154,57,57,89,89,107,107,123,23,55,69,69,69,69],"floor_reached":16,"playtime":644,"items_purged":["Strike_R","Strike_R"],"score":112,"play_id":"3bf1fa9f-a1ec-4f79-b181-e055ed1ae594","local_time":"20190112202154","is_ascension_mode":false,"campfire_choices":[{"data":"Pommel Strike","floor":7,"key":"SMITH"},{"floor":15,"key":"REST"}],"neow_cost":"NONE","seed_source_timestamp":102990912601100,"circlet_count":0,"master_deck":["Strike_R","Strike_R","Defend_R","Defend_R","Defend_R","Defend_R","Bash+1","Pommel Strike+1","Shrug It Off","Dropkick"],"relics":["Burning Blood","Champion Belt","Calipers","Shovel"],"potions_floor_usage":[16,16,16],"damage_taken":[{"damage":6,"enemies":"Cultist","floor":1,"turns":3},{"damage":5,"enemies":"2 Louse","floor":2,"turns":3},{"damage":9,"enemies":"Small Slimes","floor":3,"turns":3},{"damage":50,"enemies":"Lagavulin","floor":6,"turns":7},{"damage":4,"enemies":"3 Louse","floor":8,"turns":3},{"damage":9,"enemies":"Blue Slaver","floor":10,"turns":4},{"damage":28,"enemies":"3 Sentries","floor":12,"turns":12},{"damage":8,"enemies":"Lots of Slimes","floor":13,"turns":7},{"damage":33,"enemies":"Hexaghost","floor":16,"turns":12}],"seed_played":"-2713342603727047045","potions_obtained":[{"floor":2,"key":"Swift Potion"},{"floor":6,"key":"Fire Potion"},{"floor":8,"key":"LiquidBronze"}],"is_trial":false,"path_per_floor":["M","M","M","$","?","E","R","M","T","M","$","E","M","?","R","B"],"character_chosen":"IRONCLAD","items_purchased":["Shrug It Off"],"campfire_rested":1,"item_purchase_floors":[4],"current_hp_per_floor":[80,80,77,77,77,33,33,35,35,32,32,10,8,8,32,0],"gold":69,"neow_bonus":"UPGRADE_CARD","is_prod":false,"is_daily":false,"chose_seed":false,"campfire_upgraded":1,"win_rate":0,"timestamp":1547324514,"path_taken":["M","?","M","$","?","E","R","M","T","M","$","E","?","?","R","BOSS"],"build_version":"2019-01-10","purchased_purges":2,"victory":false,"max_hp_per_floor":[80,80,80,80,80,80,80,80,80,80,80,80,80,80,80,80],"card_choices":[{"not_picked":["Body Slam","Heavy Blade"],"picked":"Pommel Strike","floor":1},{"not_picked":["Flex","Warcry","Wild Strike"],"picked":"SKIP","floor":2},{"not_picked":["Evolve","Fiend Fire","Perfected Strike"],"picked":"SKIP","floor":3},{"not_picked":["Berserk","Havoc","Dual Wield"],"picked":"SKIP","floor":6},{"not_picked":["Cleave","Body Slam","Headbutt"],"picked":"SKIP","floor":8},{"not_picked":["Cleave","Body Slam","Headbutt"],"picked":"SKIP","floor":8},{"not_picked":["Havoc","Fire Breathing","Evolve"],"picked":"SKIP","floor":10},{"not_picked":["Berserk","Corruption"],"picked":"Dropkick","floor":12},{"not_picked":["Heavy Blade","Wild Strike","Anger"],"picked":"SKIP","floor":13}],"player_experience":104212,"relics_obtained":[{"floor":6,"key":"Champion Belt"},{"floor":9,"key":"Calipers"},{"floor":12,"key":"Shovel"}],"event_choices":[{"cards_removed":["Strike_R"],"damage_healed":0,"gold_gain":0,"player_choice":"Offered Basic","damage_taken":0,"max_hp_gain":0,"max_hp_loss":0,"event_name":"Bonfire Elementals","floor":5,"gold_loss":0},{"damage_healed":0,"gold_gain":0,"player_choice":"Ignored","damage_taken":0,"max_hp_gain":0,"max_hp_loss":0,"event_name":"Liars Game","floor":14,"gold_loss":0}],"is_beta":false,"boss_relics":[],"items_purged_floors":[4,11],"is_endless":false,"potions_floor_spawned":[2,6,8,12,13],"killed_by":"Hexaghost","ascension_level":0}