{"gold_per_floor":[119,219,229,239,254,254,280,280,280,3,23,23,38,38,38,135,135,150,170,170,46,46,46],"floor_reached":23,"playtime":815,"items_purged":[],"score":306,"play_id":"c3026441-9627-40bc-b866-4b2fbb86c840","local_time":"20190120200238","is_ascension_mode":true,"campfire_choices":[{"data":"Armaments","floor":6,"key":"SMITH"},{"data":"Limit Break","floor":8,"key":"SMITH"},{"data":"Perfected Strike","floor":15,"key":"SMITH"}],"neow_cost":"NONE","seed_source_timestamp":955885295612741,"circlet_count":0,"master_deck":["AscendersBane","Strike_R","Strike_R","Strike_R","Strike_R","Strike_R","Defend_R","Defend_R","Defend_R","Defend_R","Bash","Limit Break+1","Perfected Strike","Twin Strike","Armaments+1","Inflame","True Grit","Perfected Strike+1","Pommel Strike","Inflame","Double Tap","Metallicize","Metallicize","Metallicize","Shrug It Off","Decay"],"relics":["Burning Blood","Dream Catcher","Blood Vial","Meat on the Bone","Peace Pipe","Runic Pyramid"],"potions_floor_usage":[7,7,18,23],"damage_taken":[{"damage":18,"enemies":"Jaw Worm","floor":1,"turns":4},{"damage":6,"enemies":"Cultist","floor":3,"turns":3},{"damage":6,"enemies":"Small Slimes","floor":4,"turns":2},{"damage":12,"enemies":"Looter","floor":5,"turns":3},{"damage":6,"enemies":"3 Sentries","floor":7,"turns":7},{"damage":6,"enemies":"3 Louse","floor":11,"turns":4},{"damage":4,"enemies":"2 Fungi Beasts","floor":13,"turns":3},{"damage":50,"enemies":"Slime Boss","floor":16,"turns":9},{"damage":32,"enemies":"3 Byrds","floor":18,"turns":6},{"damage":11,"enemies":"Spheric Guardian","floor":19,"turns":3},{"damage":61,"enemies":"Book of Stabbing","floor":23,"turns":6}],"seed_played":"1225872011858198478","potions_obtained":[{"floor":3,"key":"Dexterity Potion"},{"floor":4,"key":"Energy Potion"},{"floor":7,"key":"Dexterity Potion"},{"floor":16,"key":"Regen Potion"},{"floor":18,"key":"GamblersBrew"}],"is_trial":false,"path_per_floor":["M","?","M","M","M","R","E","R","T","$","M","T","M","$","R","B",null,"M","M","?","$","?","E"],"character_chosen":"IRONCLAD","items_purchased":["Perfected Strike","Meat on the Bone","Metallicize","Shrug It Off"],"campfire_rested":0,"item_purchase_floors":[10,10,21,21],"current_hp_per_floor":[60,60,60,60,54,54,54,54,54,54,56,56,60,60,60,30,68,59,56,56,56,56,0],"gold":46,"neow_bonus":"ONE_RANDOM_RARE_CARD","is_prod":false,"is_daily":false,"chose_seed":false,"campfire_upgraded":3,"win_rate":0,"timestamp":1548010958,"path_taken":["M","?","M","M","?","R","E","R","T","?","M","?","?","$","R","BOSS","M","M","?","$","?","E"],"build_version":"2019-01-17v2","purchased_purges":0,"victory":false,"max_hp_per_floor":[80,80,80,80,80,80,80,80,80,80,80,80,80,80,80,80,80,80,80,80,80,80,80],"card_choices":[{"not_picked":["Anger","Reckless Charge"],"picked":"Perfected Strike","floor":1},{"not_picked":["Flex","Shrug It Off"],"picked":"Twin Strike","floor":3},{"not_picked":["Exhume","Twin Strike"],"picked":"Armaments","floor":4},{"not_picked":["Twin Strike","Bloodletting"],"picked":"Inflame","floor":5},{"not_picked":["Anger","Blood for Blood"],"picked":"True Grit","floor":7},{"not_picked":["Havoc","Anger"],"picked":"Pommel Strike","floor":11},{"not_picked":["Rupture","Armaments"],"picked":"Inflame","floor":13},{"not_picked":["Exhume","Fiend Fire"],"picked":"Double Tap","floor":16},{"not_picked":["Reckless Charge","Second Wind"],"picked":"Metallicize","floor":18},{"not_picked":["Armaments","Evolve","Headbutt"],"picked":"SKIP","floor":19}],"player_experience":276241,"relics_obtained":[{"floor":7,"key":"Dream Catcher"},{"floor":9,"key":"Blood Vial"},{"floor":12,"key":"Peace Pipe"}],"event_choices":[{"damage_healed":0,"gold_gain":100,"player_choice":"Gold","damage_taken":0,"max_hp_gain":0,"max_hp_loss":0,"event_name":"Wheel of Change","floor":2,"gold_loss":0},{"damage_healed":0,"gold_gain":0,"player_choice":"Read","damage_taken":0,"max_hp_gain":0,"max_hp_loss":0,"event_name":"The Library","floor":20,"gold_loss":0,"cards_obtained":["Metallicize"]},{"damage_healed":0,"gold_gain":0,"player_choice":"Smashed Altar","damage_taken":0,"max_hp_gain":0,"max_hp_loss":0,"event_name":"Forgotten Altar","floor":22,"gold_loss":0,"cards_obtained":["Decay"]}],"is_beta":false,"boss_relics":[{"not_picked":["Pandora\u0027s Box","Mark of Pain"],"picked":"Runic Pyramid"}],"items_purged_floors":[],"is_endless":false,"potions_floor_spawned":[3,4,5,7,16,18],"killed_by":"Book of Stabbing","ascension_level":12}