{"gold_per_floor":[117,117,132,144,163,163,179,179,203,203,203],"floor_reached":11,"playtime":459,"items_purged":[],"score":78,"play_id":"9c207b09-6044-4654-984e-30d69f1ba469","local_time":"20190125144703","is_ascension_mode":true,"campfire_choices":[{"data":"Reflex","floor":6,"key":"SMITH"},{"data":"Crippling Poison","floor":10,"key":"SMITH"}],"neow_cost":"NONE","seed_source_timestamp":5838229328432,"circlet_count":0,"master_deck":["Defend_G","Defend_G","Defend_G","Defend_G","Defend_G","Strike_G","Strike_G","Strike_G","Strike_G","Strike_G","Survivor","Neutralize","Reflex+1","Crippling Poison+1","PiercingWail","Cloak And Dagger"],"relics":["HoveringKite","Bottled Lightning","Orichalcum"],"potions_floor_usage":[3,5,7],"damage_taken":[{"damage":1,"enemies":"Cultist","floor":1,"turns":5},{"damage":4,"enemies":"2 Louse","floor":3,"turns":4},{"damage":8,"enemies":"Small Slimes","floor":4,"turns":5},{"damage":21,"enemies":"Red Slaver","floor":5,"turns":5},{"damage":0,"enemies":"Exordium Thugs","floor":7,"turns":5},{"damage":39,"enemies":"Lagavulin","floor":11,"turns":12}],"seed_played":"-7059856164944010475","potions_obtained":[{"floor":2,"key":"SkillPotion"},{"floor":2,"key":"Fruit Juice"},{"floor":2,"key":"Regen Potion"},{"floor":3,"key":"Regen Potion"},{"floor":5,"key":"Energy Potion"}],"is_trial":false,"path_per_floor":["M","?","M","M","M","R","M","T","T","R","E"],"character_chosen":"THE_SILENT","items_purchased":[],"campfire_rested":0,"item_purchase_floors":[],"current_hp_per_floor":[69,69,70,62,41,41,55,55,55,55,16],"gold":203,"neow_bonus":"BOSS_RELIC","is_prod":false,"is_daily":false,"chose_seed":false,"campfire_upgraded":2,"win_rate":0,"timestamp":1548445623,"path_taken":["M","?","?","M","M","R","M","?","T","R","E"],"build_version":"2019-01-23","purchased_purges":0,"victory":false,"max_hp_per_floor":[70,70,75,75,75,75,75,75,75,75,75],"card_choices":[{"not_picked":["Dagger Throw","Finisher"],"picked":"Reflex","floor":1},{"not_picked":["Escape Plan","Terror"],"picked":"Crippling Poison","floor":3},{"not_picked":["Finisher","Bane"],"picked":"PiercingWail","floor":4},{"not_picked":["Slice","Backstab"],"picked":"Cloak And Dagger","floor":5},{"not_picked":["Dagger Throw","Dodge and Roll","Poisoned Stab"],"picked":"SKIP","floor":7}],"player_experience":137758,"relics_obtained":[{"floor":8,"key":"Bottled Lightning"},{"floor":9,"key":"Orichalcum"}],"event_choices":[{"damage_healed":0,"gold_gain":0,"player_choice":"Got Potions","damage_taken":0,"max_hp_gain":0,"max_hp_loss":0,"event_name":"Lab","floor":2,"gold_loss":0}],"is_beta":false,"boss_relics":[],"items_purged_floors":[],"is_endless":false,"potions_floor_spawned":[3,5],"killed_by":"Lagavulin","ascension_level":4}