{"gold_per_floor":[111,111,130,130,130,158,168,183,210,222,222,241,241,252,252,354,354,368,368,368,368,382,382,214,32,32,52,52],"floor_reached":28,"playtime":1698,"items_purged":["Decay","Writhe"],"score":245,"play_id":"407b3eab-87b5-4497-ac01-2414c805d436","local_time":"20190105203127","is_ascension_mode":false,"campfire_choices":[{"data":"Noxious Fumes","floor":11,"key":"SMITH"},{"data":"Outmaneuver","floor":13,"key":"SMITH"},{"floor":15,"key":"REST"},{"data":"Footwork","floor":23,"key":"SMITH"}],"neow_cost":"NONE","seed_source_timestamp":687213429215480,"circlet_count":0,"master_deck":["Defend_G","Defend_G","Defend_G","Defend_G","Defend_G","Strike_G","Strike_G+1","Strike_G+1","Strike_G","Survivor+1","Neutralize+1","Eviscerate","Outmaneuver+1","Strike_R","Reflex","Underhanded Strike","Underhanded Strike+1","Noxious Fumes+1","Underhanded Strike","Burst","Envenom","Footwork+1","Underhanded Strike","Footwork","Deadly Poison","Finesse","Caltrops"],"relics":["Ring of the Snake","Oddly Smooth Stone","Whetstone","Sozu","Happy Flower","Mercury Hourglass"],"potions_floor_usage":[8,16],"damage_taken":[{"damage":0,"enemies":"2 Louse","floor":1,"turns":2},{"damage":0,"enemies":"Cultist","floor":3,"turns":5},{"damage":50,"enemies":"Lagavulin","floor":6,"turns":11},{"damage":0,"enemies":"Jaw Worm","floor":7,"turns":7},{"damage":0,"enemies":"Lots of Slimes","floor":8,"turns":1},{"damage":0,"enemies":"Looter","floor":10,"turns":4},{"damage":0,"enemies":"2 Fungi Beasts","floor":12,"turns":2},{"damage":1,"enemies":"Blue Slaver","floor":14,"turns":4},{"damage":23,"enemies":"The Guardian","floor":16,"turns":13},{"damage":23,"enemies":"3 Byrds","floor":18,"turns":8},{"damage":21,"enemies":"Spheric Guardian","floor":22,"turns":8},{"damage":0,"enemies":"Snecko","floor":27,"turns":7},{"damage":34,"enemies":"Shelled Parasite and Fungi","floor":28,"turns":7}],"seed_played":"-1374208480379393125","potions_obtained":[{"floor":1,"key":"Explosive Potion"},{"floor":3,"key":"EntropicBrew"},{"floor":12,"key":"FearPotion"},{"floor":14,"key":"PowerPotion"}],"is_trial":false,"path_per_floor":["M","?","M","?","?","E","M","M","T","M","R","M","R","M","R","B",null,"M","?","?","?","M","R","$","$","T","M","M"],"character_chosen":"THE_SILENT","items_purchased":["Footwork","Deadly Poison","Finesse"],"campfire_rested":1,"item_purchase_floors":[24,24,25],"current_hp_per_floor":[77,77,77,62,62,12,12,12,12,12,12,12,12,11,34,11,77,54,54,54,54,33,33,33,33,33,33,0],"gold":52,"neow_bonus":"TEN_PERCENT_HP_BONUS","is_prod":false,"is_daily":false,"chose_seed":false,"campfire_upgraded":3,"win_rate":0,"timestamp":1546738287,"path_taken":["M","?","?","?","?","E","M","M","T","?","R","M","R","M","R","BOSS","M","?","?","?","M","R","?","$","T","?","M"],"build_version":"2019-01-03v4","purchased_purges":2,"victory":false,"max_hp_per_floor":[77,77,77,77,77,77,77,77,77,77,77,77,77,77,77,77,77,77,77,77,77,77,77,77,77,77,77,77],"card_choices":[{"not_picked":["Dagger Spray","Sucker Punch"],"picked":"Eviscerate","floor":1},{"not_picked":["Masterful Stab","Bane"],"picked":"Outmaneuver","floor":3},{"not_picked":["Infinite Blades","Acrobatics"],"picked":"Reflex","floor":6},{"not_picked":["Backstab","Choke"],"picked":"Underhanded Strike","floor":7},{"not_picked":["Blade Dance","Dagger Spray"],"picked":"Underhanded Strike","floor":8},{"not_picked":["PiercingWail","Deadly Poison"],"picked":"Noxious Fumes","floor":10},{"not_picked":["Deflect","Catalyst"],"picked":"Underhanded Strike","floor":12},{"not_picked":["Deadly Poison","Acrobatics"],"picked":"Burst","floor":14},{"not_picked":["Adrenaline","Bullet Time"],"picked":"Envenom","floor":16},{"not_picked":["Bouncing Flask","Flying Knee"],"picked":"Footwork","floor":18},{"not_picked":["Poisoned Stab","Bane"],"picked":"Underhanded Strike","floor":22},{"not_picked":["Heel Hook","Underhanded Strike"],"picked":"Caltrops","floor":27}],"player_experience":39136,"relics_obtained":[{"floor":6,"key":"Oddly Smooth Stone"},{"floor":9,"key":"Whetstone"},{"floor":26,"key":"Mercury Hourglass"}],"event_choices":[{"damage_healed":0,"gold_gain":0,"player_choice":"Upgraded","damage_taken":0,"max_hp_gain":0,"max_hp_loss":0,"event_name":"Upgrade Shrine","floor":2,"gold_loss":0,"cards_upgraded":["Neutralize"]},{"damage_healed":0,"gold_gain":0,"player_choice":"Entered Light","damage_taken":15,"max_hp_gain":0,"max_hp_loss":0,"event_name":"Shining Light","floor":4,"gold_loss":0,"cards_upgraded":["Survivor","Strike_G"]},{"cards_removed":["Strike_G"],"damage_healed":0,"gold_gain":0,"player_choice":"Took Card","damage_taken":0,"max_hp_gain":0,"max_hp_loss":0,"event_name":"NoteForYourself","floor":5,"gold_loss":0,"cards_obtained":["Strike_R"]},{"damage_healed":0,"gold_gain":0,"player_choice":"Ignored","damage_taken":0,"max_hp_gain":0,"max_hp_loss":0,"event_name":"Ghosts","floor":19,"gold_loss":0},{"damage_healed":0,"gold_gain":0,"player_choice":"Smashed Altar","damage_taken":0,"max_hp_gain":0,"max_hp_loss":0,"event_name":"Forgotten Altar","floor":20,"gold_loss":0,"cards_obtained":["Decay"]},{"damage_healed":0,"gold_gain":0,"player_choice":"Opened","damage_taken":0,"relics_obtained":["Happy Flower"],"max_hp_gain":0,"max_hp_loss":0,"event_name":"The Mausoleum","floor":21,"gold_loss":0,"cards_obtained":["Writhe"]}],"is_beta":false,"boss_relics":[{"not_picked":["WristBlade","Runic Pyramid"],"picked":"Sozu"}],"items_purged_floors":[24,25],"is_endless":false,"potions_floor_spawned":[1,3,12,14,22,27],"killed_by":"Shelled Parasite and Fungi","ascension_level":0}