{"gold_per_floor":[118,135,85,98,30,30,49,49,49,49,74,94,94,129,129,227,227,245,6,23,23,37,37],"floor_reached":23,"playtime":1297,"items_purged":[],"score":201,"play_id":"03562b31-21e1-4092-9d79-89075429adbb","local_time":"20190202182542","is_ascension_mode":false,"campfire_choices":[{"data":"Capacitor","floor":6,"key":"SMITH"},{"floor":8,"key":"REST"},{"data":"Barrage","floor":13,"key":"SMITH"},{"floor":15,"key":"REST"}],"neow_cost":"NONE","seed_source_timestamp":254774697594577,"circlet_count":0,"master_deck":["Strike_B","Strike_B","Strike_B","Defend_B","Defend_B","Defend_B","Defend_B","Zap","Dualcast","Cold Snap","Steam Power","Capacitor+1","Conserve Battery","Core Surge","Barrage+1","Conserve Battery","Echo Form","Leap","Glacier+1"],"relics":["Cracked Core","Pantograph","Ornamental Fan","Turnip","Bag of Preparation","Inserter","Bottled Tornado"],"potions_floor_usage":[14,20,23],"damage_taken":[{"damage":7,"enemies":"Small Slimes","floor":1,"turns":3},{"damage":0,"enemies":"Cultist","floor":2,"turns":3},{"damage":9,"enemies":"Jaw Worm","floor":4,"turns":4},{"damage":21,"enemies":"Exordium Thugs","floor":7,"turns":5},{"damage":13,"enemies":"3 Sentries","floor":11,"turns":8},{"damage":5,"enemies":"2 Fungi Beasts","floor":12,"turns":3},{"damage":29,"enemies":"Gremlin Nob","floor":14,"turns":5},{"damage":5,"enemies":"The Guardian","floor":16,"turns":12},{"damage":13,"enemies":"Chosen","floor":18,"turns":6},{"damage":12,"enemies":"3 Byrds","floor":20,"turns":6},{"damage":11,"enemies":"Sentry and Sphere","floor":22,"turns":8},{"damage":65,"enemies":"Gremlin Leader","floor":23,"turns":9}],"seed_played":"1966260186291119170","potions_obtained":[{"floor":4,"key":"Regen Potion"},{"floor":12,"key":"Strength Potion"},{"floor":16,"key":"Regen Potion"},{"floor":20,"key":"Poison Potion"}],"is_trial":false,"path_per_floor":["M","M","?","M","$","R","M","R","T","?","E","M","R","E","R","B",null,"M","$","M","$","M","E"],"character_chosen":"DEFECT","items_purchased":["Capacitor","Bottled Tornado"],"campfire_rested":2,"item_purchase_floors":[5,19],"current_hp_per_floor":[75,75,75,66,66,66,45,69,69,69,56,51,51,22,46,66,82,69,69,71,71,60,0],"gold":37,"neow_bonus":"TEN_PERCENT_HP_BONUS","is_prod":false,"is_daily":false,"chose_seed":false,"campfire_upgraded":2,"win_rate":0,"timestamp":1549160742,"path_taken":["M","M","?","M","$","R","M","R","T","?","E","M","R","E","R","BOSS","M","$","M","$","?","E"],"build_version":"2019-01-23","purchased_purges":0,"victory":false,"max_hp_per_floor":[82,82,82,82,82,82,82,82,82,82,82,82,82,82,82,82,82,82,82,82,82,82,82],"card_choices":[{"not_picked":["Redo","Sweeping Beam"],"picked":"Cold Snap","floor":1},{"not_picked":["Melter","Streamline","Rebound"],"picked":"SKIP","floor":2},{"not_picked":["Streamline","Sweeping Beam"],"picked":"Steam Power","floor":4},{"not_picked":["Rainbow","Steam"],"picked":"Conserve Battery","floor":7},{"not_picked":["Beam Cell","Leap"],"picked":"Core Surge","floor":11},{"not_picked":["Ball Lightning","Conserve Battery"],"picked":"Barrage","floor":12},{"not_picked":["Streamline","Stack"],"picked":"Conserve Battery","floor":14},{"not_picked":["Buffer","Meteor Strike"],"picked":"Echo Form","floor":16},{"not_picked":["Force Field","Recycle","Redo"],"picked":"SKIP","floor":18},{"not_picked":["Go for the Eyes","Stack"],"picked":"Leap","floor":20},{"not_picked":["Heatsinks","Sweeping Beam"],"picked":"Glacier+1","floor":22}],"player_experience":180541,"relics_obtained":[{"floor":9,"key":"Pantograph"},{"floor":11,"key":"Turnip"},{"floor":14,"key":"Bag of Preparation"}],"event_choices":[{"cards_removed":["Strike_B"],"damage_healed":0,"gold_gain":0,"player_choice":"Card Removal","damage_taken":0,"max_hp_gain":0,"max_hp_loss":0,"event_name":"The Cleric","floor":3,"gold_loss":50},{"damage_healed":0,"gold_gain":0,"player_choice":"Gave Potion","damage_taken":0,"relics_obtained":["Ornamental Fan"],"max_hp_gain":0,"max_hp_loss":0,"event_name":"WeMeetAgain","floor":10,"gold_loss":0}],"is_beta":false,"boss_relics":[{"not_picked":["Busted Crown","White Beast Statue"],"picked":"Inserter"}],"items_purged_floors":[],"is_endless":false,"potions_floor_spawned":[4,12,16,20],"killed_by":"Gremlin Leader","ascension_level":0}