{"gold_per_floor":[112,131,306,231,306,336,336,362,413,428,459,459,491,504,504,504],"floor_reached":16,"playtime":1052,"items_purged":["Doubt"],"score":134,"play_id":"7eaaa368-c1dd-444e-96ea-fb36e4be8bcf","local_time":"20190111163733","is_ascension_mode":true,"campfire_choices":[{"data":"Neutralize","floor":7,"key":"SMITH"},{"floor":12,"key":"REST"},{"floor":15,"key":"REST"}],"neow_cost":"NONE","seed_source_timestamp":2703669548700,"circlet_count":0,"master_deck":["Defend_G","Defend_G","Defend_G","Defend_G","Defend_G+1","Strike_G","Strike_G","Strike_G","Strike_G","Survivor+1","Neutralize+1","Backflip","Dagger Spray","PiercingWail","Skewer","Well Laid Plans","Blur","Escape Plan"],"relics":["Ring of the Snake","War Paint","Lantern","Orichalcum","Mummified Hand","Ancient Tea Set"],"potions_floor_usage":[8,16,16],"damage_taken":[{"damage":0,"enemies":"Small Slimes","floor":1,"turns":3},{"damage":0,"enemies":"2 Louse","floor":2,"turns":4},{"damage":15,"enemies":"3 Sentries","floor":6,"turns":9},{"damage":24,"enemies":"Gremlin Nob","floor":8,"turns":5},{"damage":0,"enemies":"Cultist","floor":10,"turns":3},{"damage":18,"enemies":"3 Sentries","floor":11,"turns":10},{"damage":18,"enemies":"Lagavulin","floor":13,"turns":9},{"damage":2,"enemies":"Blue Slaver","floor":14,"turns":4},{"damage":25,"enemies":"Hexaghost","floor":16,"turns":17}],"seed_played":"3220453918683955762","potions_obtained":[{"floor":1,"key":"LiquidBronze"},{"floor":6,"key":"AttackPotion"},{"floor":13,"key":"Energy Potion"},{"floor":14,"key":"GhostInAJar"}],"is_trial":false,"path_per_floor":["M","M","?","$","?","E","R","E","T","M","E","R","E","M","R","B"],"character_chosen":"THE_SILENT","items_purchased":[],"campfire_rested":2,"item_purchase_floors":[],"current_hp_per_floor":[70,70,70,70,59,44,44,20,20,20,2,23,5,3,24,0],"gold":504,"neow_bonus":"REMOVE_CARD","is_prod":false,"is_daily":false,"chose_seed":false,"campfire_upgraded":1,"win_rate":0,"timestamp":1547224653,"path_taken":["M","M","?","$","?","E","R","E","T","M","E","R","E","M","R","BOSS"],"build_version":"2019-01-10","purchased_purges":1,"victory":false,"max_hp_per_floor":[70,70,70,70,70,70,70,70,70,70,70,70,70,70,70,70],"card_choices":[{"not_picked":["Dash","Prepared"],"picked":"Backflip","floor":1},{"not_picked":["Bane","Skewer"],"picked":"Dagger Spray","floor":2},{"not_picked":["Accuracy","Endless Agony","Blade Dance"],"picked":"SKIP","floor":6},{"not_picked":["Backflip","Prepared"],"picked":"PiercingWail","floor":8},{"not_picked":["Bane","Escape Plan"],"picked":"Skewer","floor":10},{"not_picked":["Dash","Poisoned Stab"],"picked":"Well Laid Plans","floor":11},{"not_picked":["Underhanded Strike","PiercingWail"],"picked":"Blur","floor":13},{"not_picked":["Heel Hook","Outmaneuver"],"picked":"Escape Plan","floor":14}],"player_experience":82702,"relics_obtained":[{"floor":6,"key":"War Paint"},{"floor":8,"key":"Lantern"},{"floor":9,"key":"Orichalcum"},{"floor":11,"key":"Mummified Hand"},{"floor":13,"key":"Ancient Tea Set"}],"event_choices":[{"damage_healed":0,"gold_gain":175,"player_choice":"AGREE","damage_taken":0,"max_hp_gain":0,"max_hp_loss":0,"event_name":"Liars Game","floor":3,"gold_loss":0,"cards_obtained":["Doubt"]},{"damage_healed":0,"gold_gain":75,"player_choice":"Gather Gold","damage_taken":11,"max_hp_gain":0,"max_hp_loss":0,"event_name":"World of Goop","floor":5,"gold_loss":0}],"is_beta":false,"boss_relics":[],"items_purged_floors":[4],"is_endless":false,"potions_floor_spawned":[1,6,13,14],"killed_by":"Hexaghost","ascension_level":1}