{"path_per_floor":["M","$","M","M","M","R","E","M","T","E","M","R","M","E","R","B",null,"M","M","$","?","M","E","M","E","T","$"],"character_chosen":"IRONCLAD","items_purchased":["Flame Barrier","Gambling Chip"],"gold_per_floor":[110,41,51,62,80,80,106,124,148,182,202,202,213,247,247,348,348,303,303,9,0,0,0,0,0,0,0,0],"floor_reached":28,"campfire_rested":1,"playtime":1887,"item_purchase_floors":[2,20],"current_hp_per_floor":[80,80,75,79,71,71,82,79,79,57,63,63,45,31,60,15,99,99,99,99,99,83,59,53,20,20,20,0],"items_purged":[],"gold":0,"score":321,"play_id":"69f033a9-3bb2-4486-81a0-7815a9223e1f","local_time":"20180616162542","is_prod":false,"is_daily":false,"chose_seed":false,"is_ascension_mode":true,"campfire_upgraded":2,"win_rate":0,"timestamp":1529159142,"campfire_choices":[{"data":"Inflame","floor":6,"key":"SMITH"},{"data":"Brutality","floor":12,"key":"SMITH"},{"floor":15,"key":"REST"}],"path_taken":["M","?","M","?","M","R","E","M","T","E","?","R","M","E","R","BOSS","M","M","?","?","M","E","M","E","T","$","E"],"build_version":"2018-06-14v2","seed_source_timestamp":744499256146016,"purchased_purges":0,"victory":false,"master_deck":["Strike_R","Strike_R","Strike_R","Strike_R","Strike_R+1","Defend_R","Defend_R","Defend_R","Defend_R","Bash","Inflame+1","Flame Barrier","Iron Wave","Cleave","Iron Wave","Brutality+1","Sentinel","Clothesline","Clothesline","Clash","Cleave+1","Limit Break","Shockwave+1","Fire Breathing+1","Iron Wave+1","Pommel Strike+1","Twin Strike+1"],"max_hp_per_floor":[80,80,80,80,80,80,99,99,99,99,99,99,99,99,99,99,99,99,99,99,99,99,99,99,99,99,99,99],"relics":["Burning Blood","Mango","Blood Vial","Bronze Scales","Ancient Tea Set","Ectoplasm","Gambling Chip","Whetstone","Pen Nib","Bag of Marbles"],"card_choices":[{"not_picked":["Heavy Blade","Sever Soul"],"picked":"Inflame","floor":1},{"not_picked":["Pommel Strike","Searing Blow"],"picked":"Iron Wave","floor":3},{"not_picked":["True Grit","Sword Boomerang"],"picked":"Cleave","floor":4},{"not_picked":["Havoc","Shrug It Off"],"picked":"Iron Wave","floor":5},{"not_picked":["Perfected Strike","Second Wind"],"picked":"Brutality","floor":7},{"not_picked":["True Grit","Wild Strike"],"picked":"Sentinel","floor":8},{"not_picked":["Wild Strike","True Grit"],"picked":"Clothesline","floor":10},{"not_picked":["Evolve","Dropkick"],"picked":"Clothesline","floor":11},{"not_picked":["Pommel Strike","True Grit"],"picked":"Clash","floor":13},{"not_picked":["True Grit","Whirlwind"],"picked":"Cleave","floor":14},{"not_picked":["Fiend Fire","Exhume"],"picked":"Limit Break","floor":16},{"not_picked":["Corruption","Anger"],"picked":"Shockwave+1","floor":18},{"not_picked":["Warcry","Havoc"],"picked":"Fire Breathing+1","floor":19},{"not_picked":["Bloodletting","Flex"],"picked":"Iron Wave+1","floor":22},{"not_picked":["Shrug It Off","Impervious","Corruption+1"],"picked":"SKIP","floor":23},{"not_picked":["Flex","Thunderclap"],"picked":"Pommel Strike+1","floor":24},{"not_picked":["Hemokinesis","Sentinel+1"],"picked":"Twin Strike+1","floor":25}],"player_experience":39659,"potions_floor_usage":[7,24],"damage_taken":[{"damage":2,"enemies":"Cultist","floor":1,"turns":5},{"damage":11,"enemies":"Jaw Worm","floor":3,"turns":4},{"damage":2,"enemies":"2 Louse","floor":4,"turns":3},{"damage":14,"enemies":"Exordium Thugs","floor":5,"turns":4},{"damage":14,"enemies":"3 Sentries","floor":7,"turns":7},{"damage":9,"enemies":"Exordium Wildlife","floor":8,"turns":4},{"damage":30,"enemies":"Gremlin Nob","floor":10,"turns":5},{"damage":2,"enemies":"2 Fungi Beasts","floor":11,"turns":3},{"damage":26,"enemies":"Gremlin Gang","floor":13,"turns":4},{"damage":22,"enemies":"3 Sentries","floor":14,"turns":6},{"damage":53,"enemies":"Hexaghost","floor":16,"turns":9},{"damage":6,"enemies":"2 Thieves","floor":18,"turns":4},{"damage":6,"enemies":"3 Byrds","floor":19,"turns":2},{"damage":22,"enemies":"Snecko","floor":22,"turns":6},{"damage":32,"enemies":"Gremlin Leader","floor":23,"turns":6},{"damage":14,"enemies":"Slaver and Parasite","floor":24,"turns":5},{"damage":41,"enemies":"Slavers","floor":25,"turns":4},{"damage":27,"enemies":"Gremlin Leader","floor":28,"turns":3}],"relics_obtained":[{"floor":7,"key":"Mango"},{"floor":9,"key":"Blood Vial"},{"floor":10,"key":"Bronze Scales"},{"floor":14,"key":"Ancient Tea Set"},{"floor":23,"key":"Whetstone"},{"floor":25,"key":"Pen Nib"},{"floor":26,"key":"Bag of Marbles"}],"event_choices":[{"event_name":"Masked Bandits","player_choice":"Paid Bandits 9 gold","floor":21,"damage_taken":0}],"boss_relics":[{"not_picked":["Black Blood","Eternal Feather"],"picked":"Ectoplasm"}],"items_purged_floors":[],"is_endless":false,"potions_floor_spawned":[1,5,8,11,16,22,25],"seed_played":"7170554377585706206","killed_by":"Gremlin Leader","ascension_level":1,"potions_obtained":[{"floor":1,"key":"Block Potion"},{"floor":5,"key":"Fruit Juice"},{"floor":8,"key":"Strength Potion"},{"floor":11,"key":"Strength Potion"},{"floor":25,"key":"Block Potion"}],"is_trial":false}