{"gold_per_floor":[114,134,134,154,10,10,28,38,38,72,72,72,105,128,128,128],"floor_reached":16,"playtime":487,"items_purged":[],"score":110,"play_id":"1b055401-6f61-4b6f-8ee8-b80ca67109f0","local_time":"20190127110123","is_ascension_mode":false,"campfire_choices":[{"floor":11,"key":"REST"},{"floor":15,"key":"REST"}],"neow_cost":"NONE","seed_source_timestamp":667083124955604,"circlet_count":0,"master_deck":["Strike_R","Strike_R","Strike_R","Strike_R","Defend_R","Defend_R","Defend_R","Defend_R","Bash","Shrug It Off"],"relics":["Burning Blood","NeowsBlessing","Smiling Mask","Juzu Bracelet","Shuriken","Lantern","Golden Idol","Strawberry","Happy Flower"],"potions_floor_usage":[10,16],"damage_taken":[{"damage":0,"enemies":"Cultist","floor":1,"turns":1},{"damage":0,"enemies":"Small Slimes","floor":2,"turns":1},{"damage":0,"enemies":"2 Louse","floor":4,"turns":1},{"damage":8,"enemies":"Gremlin Gang","floor":7,"turns":10},{"damage":13,"enemies":"Large Slime","floor":8,"turns":9},{"damage":32,"enemies":"Gremlin Nob","floor":10,"turns":5},{"damage":54,"enemies":"Lagavulin","floor":13,"turns":8},{"damage":46,"enemies":"The Guardian","floor":16,"turns":13}],"seed_played":"8121054590322774290","potions_obtained":[{"floor":1,"key":"Swift Potion"},{"floor":2,"key":"Dexterity Potion"},{"floor":4,"key":"SpeedPotion"}],"is_trial":false,"path_per_floor":["M","M","T","M","$","?","M","M","T","E","R","?","E","T","R","B"],"character_chosen":"IRONCLAD","items_purchased":["Juzu Bracelet"],"campfire_rested":2,"item_purchase_floors":[5],"current_hp_per_floor":[80,80,80,80,80,80,78,71,71,45,69,69,28,28,52,6],"gold":128,"neow_bonus":"THREE_ENEMY_KILL","is_prod":false,"is_daily":false,"chose_seed":false,"campfire_upgraded":0,"win_rate":0,"timestamp":1548599483,"path_taken":["M","?","?","M","$","?","M","M","T","E","R","?","E","?","R","BOSS"],"build_version":"2019-01-23","purchased_purges":0,"victory":false,"max_hp_per_floor":[80,80,80,80,80,80,80,80,80,80,80,74,81,81,81,81],"card_choices":[{"not_picked":["Inflame","Disarm","Reckless Charge"],"picked":"SKIP","floor":1},{"not_picked":["Twin Strike","Sever Soul","Headbutt"],"picked":"SKIP","floor":2},{"not_picked":["Clothesline","Sentinel","Body Slam"],"picked":"SKIP","floor":4},{"not_picked":["Clothesline","Exhume","Feel No Pain"],"picked":"SKIP","floor":7},{"not_picked":["Body Slam","Sword Boomerang","Anger"],"picked":"SKIP","floor":8},{"not_picked":["Battle Trance","Uppercut","Infernal Blade"],"picked":"SKIP","floor":10},{"not_picked":["Thunderclap","Second Wind"],"picked":"Shrug It Off","floor":13}],"player_experience":239401,"relics_obtained":[{"floor":3,"key":"Smiling Mask"},{"floor":9,"key":"Shuriken"},{"floor":10,"key":"Lantern"},{"floor":13,"key":"Strawberry"},{"floor":14,"key":"Happy Flower"}],"event_choices":[{"cards_removed":["Strike_R"],"damage_healed":0,"gold_gain":0,"player_choice":"Forget","damage_taken":0,"max_hp_gain":0,"max_hp_loss":0,"event_name":"Living Wall","floor":6,"gold_loss":0},{"damage_healed":0,"gold_gain":0,"player_choice":"Lose Max HP","damage_taken":0,"relics_obtained":["Golden Idol"],"max_hp_gain":0,"max_hp_loss":6,"event_name":"Golden Idol","floor":12,"gold_loss":0}],"is_beta":false,"boss_relics":[],"items_purged_floors":[],"is_endless":false,"potions_floor_spawned":[1,2,4],"killed_by":"The Guardian","ascension_level":0}