{"gold_per_floor":[109,109,109,119,44,79,79,98,123,43,43,43,63,95,95,190,190,208,224,256,156,169,203,203,223,269,269,669,699,699,715,715,810,810,827,927,568,580,580,580,606,606,606,617,617,617,617,73,73,73],"floor_reached":51,"playtime":1707,"items_purged":["Strike_R","Strike_R","Strike_R","Searing Blow","Iron Wave"],"score":869,"play_id":"2bdeaa88-e868-4bd9-85cb-921f4f8491fb","local_time":"20190125211221","is_ascension_mode":false,"campfire_choices":[{"data":"Rampage","floor":7,"key":"SMITH"},{"data":"Metallicize","floor":12,"key":"SMITH"},{"data":"Bash","floor":15,"key":"SMITH"},{"data":"Double Tap","floor":24,"key":"SMITH"},{"floor":27,"key":"REST"},{"data":"Rage","floor":32,"key":"SMITH"},{"data":"Dual Wield","floor":40,"key":"SMITH"},{"floor":45,"key":"REST"},{"data":"Dark Embrace","floor":49,"key":"SMITH"}],"neow_cost":"NONE","seed_source_timestamp":529707267438116,"circlet_count":0,"master_deck":["Bash+1","Rampage+1","Metallicize+1","Double Tap+1","Pommel Strike+1","Burning Pact+1","Headbutt+1","Shockwave","Exhume+1","Dual Wield+1","Dark Embrace+1"],"relics":["Burning Blood","Centennial Puzzle","Bag of Preparation","The Courier","Whetstone","PreservedInsect","Velvet Choker","Red Mask","Sundial","War Paint","Old Coin","Dodecahedron","Pantograph","Pandora\u0027s Box","FossilizedHelix","Juzu Bracelet","Pen Nib","Blood Vial","Bag of Marbles","Mummified Hand","Pear"],"potions_floor_usage":[23,23,36],"damage_taken":[{"damage":1,"enemies":"Cultist","floor":1,"turns":3},{"damage":11,"enemies":"Jaw Worm","floor":4,"turns":2},{"damage":39,"enemies":"3 Sentries","floor":6,"turns":9},{"damage":0,"enemies":"Small Slimes","floor":8,"turns":4},{"damage":1,"enemies":"Looter","floor":13,"turns":4},{"damage":14,"enemies":"Lagavulin","floor":14,"turns":5},{"damage":40,"enemies":"Slime Boss","floor":16,"turns":13},{"damage":5,"enemies":"Chosen","floor":18,"turns":3},{"damage":1,"enemies":"3 Byrds","floor":19,"turns":5},{"damage":20,"enemies":"Masked Bandits","floor":20,"turns":4},{"damage":15,"enemies":"Centurion and Healer","floor":22,"turns":4},{"damage":36,"enemies":"Slavers","floor":23,"turns":5},{"damage":3,"enemies":"Snecko","floor":25,"turns":3},{"damage":9,"enemies":"Colosseum Slavers","floor":28,"turns":2},{"damage":1,"enemies":"Colosseum Nobs","floor":28,"turns":2},{"damage":8,"enemies":"Gremlin Leader","floor":29,"turns":3},{"damage":9,"enemies":"Snake Plant","floor":31,"turns":2},{"damage":22,"enemies":"Automaton","floor":33,"turns":5},{"damage":3,"enemies":"3 Darklings","floor":35,"turns":3},{"damage":44,"enemies":"Mind Bloom Boss Battle","floor":36,"turns":3},{"damage":19,"enemies":"3 Shapes","floor":38,"turns":4},{"damage":12,"enemies":"Nemesis","floor":41,"turns":5},{"damage":16,"enemies":"Spire Growth","floor":44,"turns":3},{"damage":21,"enemies":"Donu and Deca","floor":50,"turns":4}],"seed_played":"-4696399989589700332","potions_obtained":[{"floor":1,"key":"Swift Potion"},{"floor":16,"key":"Block Potion"},{"floor":18,"key":"Swift Potion"},{"floor":20,"key":"Block Potion"},{"floor":23,"key":"Weak Potion"},{"floor":25,"key":"Poison Potion"},{"floor":44,"key":"Regen Potion"}],"is_trial":false,"path_per_floor":["M","?","?","M","$","E","R","M","T","$","?","R","M","E","R","B",null,"M","M","?","$","M","E","R","M","T","R","?","E","?","M","R","B",null,"M","?","$","M","?","R","E","?","T","M","R","?","?","$","R","B",null],"character_chosen":"IRONCLAD","items_purchased":["Juzu Bracelet","Pen Nib","Mummified Hand","Pear"],"campfire_rested":2,"item_purchase_floors":[37,37,48,48],"current_hp_per_floor":[80,85,85,80,80,47,47,53,53,53,53,53,58,50,50,16,85,85,85,71,71,62,32,32,35,35,60,62,60,60,57,57,66,85,85,47,47,34,34,34,28,28,28,20,44,44,44,54,54,66],"gold":73,"neow_bonus":"RANDOM_COMMON_RELIC","is_prod":false,"is_daily":false,"chose_seed":false,"campfire_upgraded":7,"win_rate":0,"timestamp":1548463341,"path_taken":["M","?","?","?","$","E","R","M","T","?","?","R","M","E","R","BOSS","M","M","?","$","M","E","R","M","T","R","?","E","?","M","R","BOSS","M","?","$","M","?","R","E","?","T","M","R","?","?","$","R","BOSS"],"build_version":"2019-01-23","purchased_purges":5,"victory":true,"max_hp_per_floor":[80,85,85,85,85,85,85,85,85,85,85,85,85,85,85,85,85,85,85,85,85,85,85,85,85,85,85,85,85,85,85,85,85,85,85,85,85,85,85,85,85,81,81,81,81,81,81,91,91,91],"card_choices":[{"not_picked":["Blood for Blood","Iron Wave"],"picked":"Rampage","floor":1},{"not_picked":["Thunderclap","Flex","Clothesline"],"picked":"SKIP","floor":4},{"not_picked":["Limit Break","Heavy Blade","Armaments"],"picked":"SKIP","floor":6},{"not_picked":["Body Slam","Feel No Pain"],"picked":"Metallicize","floor":8},{"not_picked":["Armaments","Clothesline","Searing Blow"],"picked":"SKIP","floor":13},{"not_picked":["Thunderclap","Impervious","Twin Strike"],"picked":"SKIP","floor":14},{"not_picked":["Bludgeon","Berserk"],"picked":"Double Tap","floor":16},{"not_picked":["Wild Strike","Perfected Strike","Flex"],"picked":"SKIP","floor":18},{"not_picked":["Second Wind+1","Infernal Blade+1"],"picked":"Pommel Strike+1","floor":19},{"not_picked":["Sentinel","Perfected Strike+1"],"picked":"Burning Pact","floor":20},{"not_picked":["Body Slam","Combust","Cleave"],"picked":"SKIP","floor":22},{"not_picked":["Havoc","Impervious","Entrench"],"picked":"SKIP","floor":23},{"not_picked":["Wild Strike+1","Havoc","Pummel"],"picked":"SKIP","floor":25},{"not_picked":["Fiend Fire","Clothesline"],"picked":"Headbutt+1","floor":29},{"not_picked":["Infernal Blade+1","Clothesline","Anger+1"],"picked":"SKIP","floor":31},{"not_picked":["Cleave","Pommel Strike","Anger"],"picked":"SKIP","floor":35},{"not_picked":["Clash+1","Seeing Red","Cleave+1"],"picked":"SKIP","floor":38},{"not_picked":["Reaper","Seeing Red","Cleave+1"],"picked":"SKIP","floor":41},{"not_picked":["Wild Strike+1","True Grit","Clothesline"],"picked":"SKIP","floor":44}],"player_experience":211204,"relics_obtained":[{"floor":6,"key":"The Courier"},{"floor":9,"key":"Whetstone"},{"floor":14,"key":"PreservedInsect"},{"floor":20,"key":"Red Mask"},{"floor":23,"key":"Sundial"},{"floor":26,"key":"War Paint"},{"floor":28,"key":"Old Coin"},{"floor":28,"key":"Dodecahedron"},{"floor":29,"key":"Pantograph"},{"floor":36,"key":"FossilizedHelix"},{"floor":41,"key":"Blood Vial"},{"floor":43,"key":"Bag of Marbles"}],"event_choices":[{"damage_healed":0,"gold_gain":0,"player_choice":"Donut","damage_taken":0,"max_hp_gain":5,"max_hp_loss":0,"event_name":"Big Fish","floor":2,"gold_loss":0},{"damage_healed":0,"gold_gain":0,"player_choice":"Gave Potion","damage_taken":0,"relics_obtained":["Bag of Preparation"],"max_hp_gain":0,"max_hp_loss":0,"event_name":"WeMeetAgain","floor":3,"gold_loss":0},{"damage_healed":0,"gold_gain":0,"player_choice":"Leave","damage_taken":0,"max_hp_gain":0,"max_hp_loss":0,"event_name":"The Cleric","floor":11,"gold_loss":0},{"damage_healed":0,"gold_gain":0,"player_choice":"Fought Bandits","damage_taken":0,"max_hp_gain":0,"max_hp_loss":0,"event_name":"Masked Bandits","floor":20,"gold_loss":0},{"damage_healed":0,"gold_gain":0,"player_choice":"Fight","damage_taken":0,"max_hp_gain":0,"max_hp_loss":0,"event_name":"Colosseum","floor":28,"gold_loss":0},{"damage_healed":0,"gold_gain":0,"player_choice":"Fought Nobs","damage_taken":0,"max_hp_gain":0,"max_hp_loss":0,"event_name":"Colosseum","floor":28,"gold_loss":0},{"damage_healed":0,"gold_gain":0,"player_choice":"Read","damage_taken":0,"max_hp_gain":0,"max_hp_loss":0,"event_name":"The Library","floor":30,"gold_loss":0,"cards_obtained":["Rage"]},{"damage_healed":0,"gold_gain":0,"player_choice":"Fight","damage_taken":0,"max_hp_gain":0,"max_hp_loss":0,"event_name":"MindBloom","floor":36,"gold_loss":0},{"damage_healed":0,"gold_gain":0,"cards_transformed":["Fiend Fire"],"player_choice":"Transformed","damage_taken":0,"max_hp_gain":0,"max_hp_loss":0,"event_name":"Transmorgrifier","floor":39,"gold_loss":0,"cards_obtained":["Dark Embrace"]},{"damage_healed":0,"gold_gain":0,"player_choice":"Max HP","damage_taken":0,"max_hp_gain":0,"max_hp_loss":4,"event_name":"Winding Halls","floor":42,"gold_loss":0},{"damage_healed":0,"gold_gain":0,"player_choice":"Upgraded","damage_taken":0,"max_hp_gain":0,"max_hp_loss":0,"event_name":"Upgrade Shrine","floor":46,"gold_loss":0,"cards_upgraded":["Exhume"]},{"cards_removed":["Rage"],"damage_healed":0,"gold_gain":0,"player_choice":"Removed Skill","damage_taken":0,"max_hp_gain":0,"max_hp_loss":0,"event_name":"Falling","floor":47,"gold_loss":0}],"is_beta":false,"boss_relics":[{"not_picked":["Black Blood","Coffee Dripper"],"picked":"Velvet Choker"},{"not_picked":["Fusion Hammer","Orrery"],"picked":"Pandora\u0027s Box"}],"items_purged_floors":[5,10,21,37,48],"is_endless":false,"potions_floor_spawned":[1,16,18,20,23,25,31,44],"ascension_level":0}