{"gold_per_floor":[114,129,54,329,342,370,270,270,270,270,270,283,13,28,28,127,127,141,66,66,83,8,8,8,8,8,21,35,35],"floor_reached":29,"playtime":777,"items_purged":["Strike_R","Regret","Strike_R","Strike_R"],"score":223,"play_id":"4f6875fe-05ca-4f7a-a786-6d815aba4c64","local_time":"20190126203307","is_ascension_mode":false,"campfire_choices":[{"floor":8,"key":"REST"},{"data":"Demon Form","floor":15,"key":"SMITH"},{"floor":24,"key":"REST"}],"neow_cost":"NONE","seed_source_timestamp":614691719802184,"circlet_count":0,"master_deck":["Strike_R","Strike_R","Defend_R","Defend_R","Bash","Demon Form+1","Twin Strike+1","Sword Boomerang"],"relics":["Burning Blood","NeowsBlessing","Kunai","Pen Nib","Membership Card","White Beast Statue","Regal Pillow"],"potions_floor_usage":[16,21,21,29,29],"damage_taken":[{"damage":0,"enemies":"Jaw Worm","floor":1,"turns":1},{"damage":0,"enemies":"Cultist","floor":2,"turns":1},{"damage":0,"enemies":"2 Louse","floor":5,"turns":1},{"damage":69,"enemies":"3 Sentries","floor":6,"turns":14},{"damage":10,"enemies":"Blue Slaver","floor":12,"turns":6},{"damage":8,"enemies":"Large Slime","floor":14,"turns":6},{"damage":36,"enemies":"Hexaghost","floor":16,"turns":8},{"damage":10,"enemies":"Chosen","floor":18,"turns":4},{"damage":46,"enemies":"3 Byrds","floor":21,"turns":6},{"damage":20,"enemies":"Snecko","floor":27,"turns":4},{"damage":35,"enemies":"Cultist and Chosen","floor":28,"turns":6},{"damage":14,"enemies":"Slavers","floor":29,"turns":2}],"seed_played":"4306534441961316245","potions_obtained":[{"floor":5,"key":"Weak Potion"},{"floor":12,"key":"Weak Potion"},{"floor":16,"key":"Block Potion"},{"floor":18,"key":"Dexterity Potion"},{"floor":21,"key":"Ancient Potion"},{"floor":27,"key":"Dexterity Potion"},{"floor":28,"key":"Poison Potion"}],"is_trial":false,"path_per_floor":["M","M","$","?","M","E","$","R","T","?","?","M","$","M","R","B",null,"M","?","$","M","$","?","R","$","T","M","M","E"],"character_chosen":"IRONCLAD","items_purchased":["Membership Card"],"campfire_rested":2,"item_purchase_floors":[13],"current_hp_per_floor":[80,80,80,80,80,17,17,41,41,67,67,63,63,61,61,31,80,76,76,76,36,36,36,60,60,60,46,17,3],"gold":35,"neow_bonus":"THREE_ENEMY_KILL","is_prod":false,"is_daily":false,"chose_seed":false,"campfire_upgraded":1,"win_rate":0,"timestamp":1548547387,"path_taken":["M","M","$","?","?","E","$","R","T","?","?","M","?","M","R","BOSS","M","?","$","M","$","?","R","?","T","M","M","E"],"build_version":"2019-01-23","purchased_purges":4,"victory":false,"max_hp_per_floor":[80,80,80,80,80,80,80,80,80,80,80,80,80,80,80,80,80,80,80,80,80,80,80,80,80,80,80,80,80],"card_choices":[{"not_picked":["Heavy Blade","Clash","Hemokinesis"],"picked":"SKIP","floor":1},{"not_picked":["Wild Strike","Clash","Havoc"],"picked":"SKIP","floor":2},{"not_picked":["Shockwave","Perfected Strike","Twin Strike"],"picked":"SKIP","floor":5},{"not_picked":["Heavy Blade","Headbutt","Infernal Blade"],"picked":"SKIP","floor":6},{"not_picked":["Pommel Strike","Thunderclap","Metallicize"],"picked":"SKIP","floor":12},{"not_picked":["True Grit","Flex"],"picked":"Demon Form","floor":14},{"not_picked":["Clash","Clothesline","Second Wind"],"picked":"SKIP","floor":18},{"not_picked":["Heavy Blade","Infernal Blade"],"picked":"Twin Strike+1","floor":21},{"not_picked":["Iron Wave+1","Demon Form","Wild Strike+1"],"picked":"SKIP","floor":27},{"not_picked":["Body Slam+1","Clash"],"picked":"Sword Boomerang","floor":28}],"player_experience":235521,"relics_obtained":[{"floor":6,"key":"Kunai"},{"floor":9,"key":"Pen Nib"},{"floor":26,"key":"Regal Pillow"}],"event_choices":[{"damage_healed":0,"gold_gain":275,"player_choice":"Desecrate","damage_taken":0,"max_hp_gain":0,"max_hp_loss":0,"event_name":"Golden Shrine","floor":4,"gold_loss":0,"cards_obtained":["Regret"]},{"damage_healed":26,"gold_gain":0,"player_choice":"Banana","damage_taken":0,"max_hp_gain":0,"max_hp_loss":0,"event_name":"Big Fish","floor":10,"gold_loss":0},{"cards_removed":["Defend_R"],"damage_healed":0,"gold_gain":0,"player_choice":"Forget","damage_taken":0,"max_hp_gain":0,"max_hp_loss":0,"event_name":"Living Wall","floor":11,"gold_loss":0},{"cards_removed":["Defend_R"],"damage_healed":0,"gold_gain":0,"player_choice":"Gave Gold","damage_taken":0,"max_hp_gain":0,"max_hp_loss":0,"event_name":"Beggar","floor":19,"gold_loss":75}],"is_beta":false,"boss_relics":[{"not_picked":["Sozu","Cursed Key"],"picked":"White Beast Statue"}],"items_purged_floors":[3,7,13,22],"is_endless":false,"potions_floor_spawned":[5,12,16,18,21,27,28],"killed_by":"Slavers","ascension_level":0}