{"gold_per_floor":[115,125,140,151,151,151,177,190,190,215,215,229,9,9,9,114,114,97,112,37,54,74,102,102,114,114,114,114,131,131],"floor_reached":30,"playtime":1384,"items_purged":["Strike_B"],"score":277,"play_id":"99c287ce-a779-4033-a191-1d1e38647bb1","local_time":"20190109215950","is_ascension_mode":true,"campfire_choices":[{"data":"Hyperbeam","floor":6,"key":"SMITH"},{"floor":15,"key":"REST"},{"floor":24,"key":"REST"},{"floor":28,"key":"REST"}],"neow_cost":"NONE","seed_source_timestamp":43216677199903,"circlet_count":0,"master_deck":["Strike_B","Defend_B","Defend_B+1","Defend_B","Defend_B","Zap","Dualcast","Hyperbeam+1","Go for the Eyes","Redo","Rebound","Genetic Algorithm","Seek+1","Beam Cell","Heatsinks","Coolheaded","Machine Learning","Steam","Hologram","Blizzard+1","Leap","Leap","Tempest+1","Stack+1"],"relics":["FrozenCore","Mummified Hand","War Paint","Orichalcum","The Courier","Toxic Egg 2","Nloth\u0027s Gift"],"potions_floor_usage":[16,23],"damage_taken":[{"damage":6,"enemies":"Jaw Worm","floor":1,"turns":4},{"damage":0,"enemies":"Cultist","floor":2,"turns":4},{"damage":12,"enemies":"Small Slimes","floor":3,"turns":2},{"damage":6,"enemies":"Red Slaver","floor":4,"turns":3},{"damage":17,"enemies":"3 Sentries","floor":7,"turns":3},{"damage":1,"enemies":"2 Fungi Beasts","floor":8,"turns":3},{"damage":25,"enemies":"Gremlin Nob","floor":10,"turns":4},{"damage":0,"enemies":"Blue Slaver","floor":12,"turns":3},{"damage":31,"enemies":"Hexaghost","floor":16,"turns":12},{"damage":19,"enemies":"2 Thieves","floor":18,"turns":4},{"damage":10,"enemies":"Shell Parasite","floor":19,"turns":5},{"damage":4,"enemies":"Centurion and Healer","floor":21,"turns":9},{"damage":18,"enemies":"3 Cultists","floor":22,"turns":4},{"damage":21,"enemies":"Slavers","floor":23,"turns":5},{"damage":4,"enemies":"Snake Plant","floor":25,"turns":6},{"damage":25,"enemies":"Centurion and Healer","floor":29,"turns":8},{"damage":36,"enemies":"Gremlin Leader","floor":30,"turns":7}],"seed_played":"8132721771602712183","potions_obtained":[{"floor":4,"key":"SpeedPotion"},{"floor":7,"key":"Swift Potion"},{"floor":10,"key":"FocusPotion"},{"floor":19,"key":"Fire Potion"},{"floor":25,"key":"FairyPotion"}],"is_trial":false,"path_per_floor":["M","M","M","M","?","R","E","M","T","E","?","M","$","?","R","B",null,"M","M","?","M","M","E","R","M","T","?","R","M","E"],"character_chosen":"DEFECT","items_purchased":["Happy Flower"],"campfire_rested":3,"item_purchase_floors":[13],"current_hp_per_floor":[69,69,57,51,56,56,39,38,38,13,13,13,13,13,37,6,80,61,51,51,47,29,8,32,28,28,28,52,27,0],"gold":131,"neow_bonus":"ONE_RANDOM_RARE_CARD","is_prod":false,"is_daily":false,"chose_seed":false,"campfire_upgraded":1,"win_rate":0,"timestamp":1547067590,"path_taken":["M","M","M","M","?","R","E","M","T","E","?","?","$","?","R","BOSS","M","M","?","M","M","E","R","M","T","?","R","M","E"],"build_version":"2019-01-03v4","purchased_purges":1,"victory":false,"max_hp_per_floor":[75,75,75,75,80,80,80,80,80,80,80,80,80,80,80,80,80,80,80,80,80,80,80,80,80,80,80,80,80,80],"card_choices":[{"not_picked":["Gash","Loop"],"picked":"Go for the Eyes","floor":1},{"not_picked":["Streamline","Stack"],"picked":"Redo","floor":2},{"not_picked":["Stack","Darkness"],"picked":"Rebound","floor":3},{"not_picked":["Gash","Sweeping Beam","Cold Snap"],"picked":"SKIP","floor":4},{"not_picked":["Tempest","Leap"],"picked":"Genetic Algorithm","floor":7},{"not_picked":["Conserve Battery","Sweeping Beam"],"picked":"Seek","floor":8},{"not_picked":["Coolheaded","Aggregate"],"picked":"Beam Cell","floor":10},{"not_picked":["Turbo","Barrage"],"picked":"Coolheaded","floor":12},{"not_picked":["Fission","Seek"],"picked":"Machine Learning","floor":16},{"not_picked":["Fusion","Streamline"],"picked":"Steam","floor":18},{"not_picked":["Streamline","Gash"],"picked":"Hologram","floor":19},{"not_picked":["Coolheaded+1","Barrage"],"picked":"Blizzard+1","floor":21},{"not_picked":["Compile Driver","Beam Cell"],"picked":"Leap","floor":22},{"not_picked":["Turbo","Chill"],"picked":"Leap","floor":23},{"not_picked":["Turbo","Beam Cell+1"],"picked":"Tempest+1","floor":25},{"not_picked":["Hyperbeam","Rebound"],"picked":"Stack+1","floor":29}],"player_experience":161917,"relics_obtained":[{"floor":7,"key":"Mummified Hand"},{"floor":9,"key":"War Paint"},{"floor":10,"key":"Orichalcum"},{"floor":23,"key":"The Courier"},{"floor":26,"key":"Toxic Egg 2"}],"event_choices":[{"damage_healed":0,"gold_gain":0,"player_choice":"Donut","damage_taken":0,"max_hp_gain":5,"max_hp_loss":0,"event_name":"Big Fish","floor":5,"gold_loss":0},{"damage_healed":0,"gold_gain":0,"cards_transformed":["Strike_B"],"player_choice":"Transformed","damage_taken":0,"max_hp_gain":0,"max_hp_loss":0,"event_name":"Transmorgrifier","floor":11,"gold_loss":0,"cards_obtained":["Heatsinks"]},{"damage_healed":0,"gold_gain":0,"player_choice":"Leave","damage_taken":0,"max_hp_gain":0,"max_hp_loss":0,"event_name":"FaceTrader","floor":14,"gold_loss":0},{"cards_removed":["Strike_B"],"damage_healed":0,"gold_gain":0,"player_choice":"Gave Gold","damage_taken":0,"max_hp_gain":0,"max_hp_loss":0,"event_name":"Beggar","floor":20,"gold_loss":75},{"damage_healed":0,"gold_gain":0,"player_choice":"Traded Relic","damage_taken":0,"relics_obtained":["Nloth\u0027s Gift"],"max_hp_gain":0,"max_hp_loss":0,"event_name":"N\u0027loth","floor":27,"relics_lost":["Happy Flower"],"gold_loss":0}],"is_beta":false,"boss_relics":[{"not_picked":["Cursed Key","Astrolabe"],"picked":"FrozenCore"}],"items_purged_floors":[13],"is_endless":false,"potions_floor_spawned":[4,7,10,19,21,25,29],"killed_by":"Gremlin Leader","ascension_level":1}