{"gold_per_floor":[215,104,104,104,118,150,207,207,207,207,217,217,227,247,247,350,400,418,170,221,221,269,299,299,314,314,345,345,395,270,284,284,386,386,396,412,427,35,58,58,33,62,62,75,100,100,120,135,135,135],"floor_reached":51,"playtime":1192,"items_purged":["Strike_R","Strike_R","Strike_R","Strike_R+1"],"score":838,"play_id":"de32b8f6-8b57-4198-b095-9678d8871846","local_time":"20190130220815","is_ascension_mode":false,"campfire_choices":[{"data":"Whirlwind","floor":8,"key":"SMITH"},{"data":"Bash","floor":15,"key":"SMITH"},{"floor":24,"key":"REST"},{"floor":28,"key":"REST"},{"data":"Defend_R","floor":32,"key":"SMITH"},{"data":"Limit Break","floor":40,"key":"SMITH"},{"floor":49,"key":"REST"}],"neow_cost":"NONE","seed_source_timestamp":90884639841801,"circlet_count":0,"master_deck":["Defend_R","Defend_R+1","Bash+1","Whirlwind+1","Demon Form+1","Limit Break+1"],"relics":["Burning Blood","Meat on the Bone","Tiny Chest","Bottled Lightning","Pantograph","Tiny House","Omamori","Regal Pillow","Red Skull","Self Forming Clay","Darkstone Periapt","Letter Opener","Empty Cage","Membership Card","Paper Frog","PreservedInsect","Lantern","Champion Belt","Ancient Tea Set"],"potions_floor_usage":[6,16,16,23,33,36,42,50,50],"damage_taken":[{"damage":1,"enemies":"Jaw Worm","floor":1,"turns":3},{"damage":0,"enemies":"Small Slimes","floor":5,"turns":3},{"damage":31,"enemies":"Gremlin Nob","floor":6,"turns":5},{"damage":1,"enemies":"Cultist","floor":11,"turns":3},{"damage":6,"enemies":"Exordium Thugs","floor":13,"turns":3},{"damage":1,"enemies":"2 Fungi Beasts","floor":14,"turns":3},{"damage":58,"enemies":"Hexaghost","floor":16,"turns":6},{"damage":17,"enemies":"Shell Parasite","floor":18,"turns":6},{"damage":25,"enemies":"Gremlin Leader","floor":23,"turns":5},{"damage":15,"enemies":"Chosen","floor":25,"turns":5},{"damage":50,"enemies":"Book of Stabbing","floor":27,"turns":5},{"damage":10,"enemies":"Snecko","floor":31,"turns":3},{"damage":34,"enemies":"Collector","floor":33,"turns":8},{"damage":14,"enemies":"3 Darklings","floor":35,"turns":4},{"damage":35,"enemies":"Orb Walker","floor":36,"turns":5},{"damage":21,"enemies":"Spire Growth","floor":37,"turns":4},{"damage":35,"enemies":"Giant Head","floor":42,"turns":6},{"damage":22,"enemies":"Transient","floor":44,"turns":5},{"damage":0,"enemies":"4 Shapes","floor":47,"turns":1},{"damage":12,"enemies":"3 Darklings","floor":48,"turns":3},{"damage":56,"enemies":"Awakened One","floor":50,"turns":5}],"seed_played":"5778510017316156502","potions_obtained":[{"floor":1,"key":"FearPotion"},{"floor":5,"key":"Ancient Potion"},{"floor":6,"key":"AttackPotion"},{"floor":11,"key":"Dexterity Potion"},{"floor":17,"key":"SteroidPotion"},{"floor":18,"key":"AttackPotion"},{"floor":31,"key":"Poison Potion"},{"floor":33,"key":"SpeedPotion"},{"floor":36,"key":"SteroidPotion"},{"floor":42,"key":"Dexterity Potion"},{"floor":48,"key":"Energy Potion"}],"is_trial":false,"path_per_floor":["M","$","?","?","M","E","T","R","T","?","M","?","M","M","R","B",null,"M","$","T","?","T","E","R","M","T","E","R","?","$","M","R","B",null,"M","M","M","$","T","R","$","E","T","M","T","?","M","M","R","B",null],"character_chosen":"IRONCLAD","items_purchased":["Whirlwind","Omamori","Membership Card","Paper Frog","SteroidPotion"],"campfire_rested":3,"item_purchase_floors":[2,19,38,38,41],"current_hp_per_floor":[80,80,73,73,79,54,54,54,54,36,53,53,53,58,58,40,85,74,74,74,74,74,55,85,76,76,44,84,84,84,80,80,57,85,77,60,57,57,57,57,57,40,40,36,36,36,54,60,85,47],"gold":135,"neow_bonus":"HUNDRED_GOLD","is_prod":false,"is_daily":false,"chose_seed":false,"campfire_upgraded":4,"win_rate":0,"timestamp":1548898695,"path_taken":["M","$","?","?","?","E","?","R","T","?","M","?","M","M","R","BOSS","M","$","?","?","?","E","R","M","T","E","R","?","$","M","R","BOSS","M","M","M","$","?","R","$","E","T","M","?","?","?","M","R","BOSS"],"build_version":"2019-01-23","purchased_purges":4,"victory":true,"max_hp_per_floor":[80,80,80,80,80,80,80,80,80,80,80,80,80,80,80,80,85,85,85,85,85,85,85,85,85,85,85,85,85,85,85,85,85,85,85,85,85,85,85,85,85,85,85,85,85,85,85,85,85,85],"card_choices":[{"not_picked":["Sever Soul","Thunderclap","Rage"],"picked":"SKIP","floor":1},{"not_picked":["True Grit","Iron Wave"],"picked":"Demon Form","floor":5},{"not_picked":["Heavy Blade","Rage","Exhume"],"picked":"SKIP","floor":6},{"not_picked":["Rupture","Sword Boomerang","Body Slam"],"picked":"SKIP","floor":11},{"not_picked":["Second Wind","Twin Strike","Body Slam"],"picked":"SKIP","floor":13},{"not_picked":["Thunderclap","Sword Boomerang","Pommel Strike"],"picked":"SKIP","floor":14},{"not_picked":["Rampage","Intimidate","Dropkick+1"],"picked":"SKIP","floor":18},{"not_picked":["Cleave","Flex+1","Twin Strike"],"picked":"SKIP","floor":23},{"not_picked":["Flex","Fire Breathing","Clothesline"],"picked":"SKIP","floor":25},{"not_picked":["Twin Strike","Thunderclap+1","Iron Wave"],"picked":"SKIP","floor":27},{"not_picked":["Armaments","Thunderclap","Perfected Strike"],"picked":"SKIP","floor":31},{"not_picked":["Juggernaut","Impervious"],"picked":"Limit Break","floor":33},{"not_picked":["Searing Blow+1","Warcry+1","Shockwave"],"picked":"SKIP","floor":35},{"not_picked":["Armaments","Pommel Strike+1","Flex"],"picked":"SKIP","floor":36},{"not_picked":["Rampage","Armaments","Anger+1"],"picked":"SKIP","floor":37},{"not_picked":["Infernal Blade","Sever Soul+1","Body Slam"],"picked":"SKIP","floor":42},{"not_picked":["Inflame","Twin Strike","Clash+1"],"picked":"SKIP","floor":44},{"not_picked":["Wild Strike","Shrug It Off+1","Cleave"],"picked":"SKIP","floor":47},{"not_picked":["Juggernaut","Shrug It Off","Sever Soul+1"],"picked":"SKIP","floor":48}],"player_experience":281560,"relics_obtained":[{"floor":6,"key":"Meat on the Bone"},{"floor":7,"key":"Tiny Chest"},{"floor":9,"key":"Bottled Lightning"},{"floor":20,"key":"Regal Pillow"},{"floor":22,"key":"Red Skull"},{"floor":23,"key":"Self Forming Clay"},{"floor":26,"key":"Darkstone Periapt"},{"floor":27,"key":"Letter Opener"},{"floor":39,"key":"PreservedInsect"},{"floor":42,"key":"Lantern"},{"floor":43,"key":"Champion Belt"},{"floor":45,"key":"Ancient Tea Set"}],"event_choices":[{"cards_removed":["Defend_R"],"damage_healed":0,"gold_gain":0,"player_choice":"Card Removal","damage_taken":7,"max_hp_gain":0,"max_hp_loss":0,"event_name":"Golden Wing","floor":3,"gold_loss":0},{"damage_healed":0,"gold_gain":0,"player_choice":"Bought 0 Potions","damage_taken":0,"max_hp_gain":0,"max_hp_loss":0,"event_name":"The Woman in Blue","floor":4,"gold_loss":0},{"damage_healed":0,"gold_gain":0,"player_choice":"Success","damage_taken":18,"relics_obtained":["Pantograph"],"max_hp_gain":0,"max_hp_loss":0,"event_name":"Scrap Ooze","floor":10,"gold_loss":0},{"damage_healed":0,"gold_gain":0,"player_choice":"Upgraded","damage_taken":0,"max_hp_gain":0,"max_hp_loss":0,"event_name":"Upgrade Shrine","floor":12,"gold_loss":0,"cards_upgraded":["Demon Form"]},{"damage_healed":0,"gold_gain":0,"player_choice":"Ignored","damage_taken":0,"max_hp_gain":0,"max_hp_loss":0,"event_name":"Vampires","floor":21,"gold_loss":0},{"damage_healed":0,"gold_gain":100,"player_choice":"Bet on Murderer","damage_taken":0,"max_hp_gain":0,"max_hp_loss":0,"event_name":"The Joust","floor":29,"gold_loss":50},{"damage_healed":0,"gold_gain":0,"player_choice":"Leave","damage_taken":0,"max_hp_gain":0,"max_hp_loss":0,"event_name":"FaceTrader","floor":46,"gold_loss":0}],"is_beta":false,"boss_relics":[{"not_picked":["Sozu","Orrery"],"picked":"Tiny House"},{"not_picked":["Lizard Tail","Runic Dome"],"picked":"Empty Cage"}],"items_purged_floors":[2,19,30,38],"is_endless":false,"potions_floor_spawned":[1,5,6,11,18,31,33,36,42,48],"ascension_level":0}