{"gold_per_floor":[113,113,132,178,192,164,164,192,217,217,49,65,65,65,65,165,165,182,192,209,63,63,63],"floor_reached":23,"playtime":1015,"items_purged":["Zap"],"score":201,"play_id":"83cdac96-ca74-4a98-94e2-8a11f366f3d4","local_time":"20190113183933","is_ascension_mode":true,"campfire_choices":[{"data":"Capacitor","floor":7,"key":"SMITH"},{"floor":10,"key":"REST"},{"data":"Apotheosis","floor":13,"key":"SMITH"},{"data":"Glacier","floor":15,"key":"SMITH"}],"neow_cost":"NONE","seed_source_timestamp":281841756691053,"circlet_count":0,"master_deck":["Strike_B","Strike_B","Strike_B","Strike_B","Defend_B","Defend_B","Defend_B","Defend_B","Dualcast","Glacier+1","Coolheaded","Capacitor+1","Coolheaded","Coolheaded","Barrage","Apotheosis+1","Hologram","Seek","Self Repair+1","Barrage","Blizzard"],"relics":["Cracked Core","Orichalcum","Omamori","Regal Pillow","Vajra","Inserter"],"potions_floor_usage":[8,12],"damage_taken":[{"damage":0,"enemies":"Small Slimes","floor":1,"turns":4},{"damage":4,"enemies":"Cultist","floor":3,"turns":7},{"damage":5,"enemies":"Jaw Worm","floor":5,"turns":7},{"damage":2,"enemies":"Exordium Thugs","floor":6,"turns":5},{"damage":26,"enemies":"Gremlin Nob","floor":8,"turns":7},{"damage":1,"enemies":"2 Fungi Beasts","floor":12,"turns":5},{"damage":34,"enemies":"Slime Boss","floor":16,"turns":9},{"damage":0,"enemies":"Chosen","floor":18,"turns":4},{"damage":12,"enemies":"2 Thieves","floor":19,"turns":4},{"damage":6,"enemies":"Centurion and Healer","floor":20,"turns":10},{"damage":74,"enemies":"Gremlin Leader","floor":23,"turns":6}],"seed_played":"3238509433808526971","potions_obtained":[{"floor":1,"key":"Fire Potion"},{"floor":5,"key":"Block Potion"},{"floor":12,"key":"Poison Potion"},{"floor":18,"key":"PowerPotion"}],"is_trial":false,"path_per_floor":["M","?","M","T","M","M","R","E","T","R","$","M","R","?","R","B",null,"M","M","M","$","?","E"],"character_chosen":"DEFECT","items_purchased":["Apotheosis","Blizzard"],"campfire_rested":1,"item_purchase_floors":[11,21],"current_hp_per_floor":[75,75,71,71,66,64,64,38,38,75,75,74,74,74,74,40,75,75,63,67,67,67,0],"gold":63,"neow_bonus":"THREE_CARDS","is_prod":false,"is_daily":false,"chose_seed":false,"campfire_upgraded":3,"win_rate":0,"timestamp":1547401173,"path_taken":["M","?","?","?","M","M","R","E","T","R","$","M","R","?","R","BOSS","M","?","M","$","?","E"],"build_version":"2019-01-10","purchased_purges":1,"victory":false,"max_hp_per_floor":[75,75,75,75,75,75,75,75,75,75,75,75,75,75,75,75,75,75,75,75,75,75,75],"card_choices":[{"not_picked":["Leap","Beam Cell"],"picked":"Glacier","floor":0},{"not_picked":["Tempest","Scrape"],"picked":"Coolheaded","floor":1},{"not_picked":["Conserve Battery","Sweeping Beam"],"picked":"Capacitor","floor":3},{"not_picked":["Storm","Amplify"],"picked":"Coolheaded","floor":5},{"not_picked":["Double Energy","White Noise"],"picked":"Coolheaded","floor":6},{"not_picked":["Sweeping Beam","Static Discharge"],"picked":"Barrage","floor":8},{"not_picked":["Compile Driver","Reprogram"],"picked":"Hologram","floor":12},{"not_picked":["Thunder Strike","Fission"],"picked":"Seek","floor":16},{"not_picked":["Glacier","Beam Cell"],"picked":"Self Repair+1","floor":18},{"not_picked":["Compile Driver","Aggregate+1","Go for the Eyes"],"picked":"SKIP","floor":19},{"not_picked":["Capacitor","Heatsinks"],"picked":"Barrage","floor":20}],"player_experience":404330,"relics_obtained":[{"floor":4,"key":"Orichalcum"},{"floor":8,"key":"Omamori"},{"floor":9,"key":"Regal Pillow"},{"floor":14,"key":"Vajra"}],"event_choices":[{"damage_healed":0,"gold_gain":0,"player_choice":"1 cards matched","damage_taken":0,"max_hp_gain":0,"max_hp_loss":0,"event_name":"Match and Keep!","floor":2,"gold_loss":0,"cards_obtained":["Zap"]},{"damage_healed":0,"gold_gain":0,"player_choice":"Relic","damage_taken":0,"max_hp_gain":0,"max_hp_loss":0,"event_name":"Wheel of Change","floor":14,"gold_loss":0},{"cards_removed":["Zap"],"damage_healed":0,"gold_gain":0,"player_choice":"Offered Basic","damage_taken":0,"max_hp_gain":0,"max_hp_loss":0,"event_name":"Bonfire Elementals","floor":22,"gold_loss":0}],"is_beta":false,"boss_relics":[{"not_picked":["Coffee Dripper","Philosopher\u0027s Stone"],"picked":"Inserter"}],"items_purged_floors":[21],"is_endless":false,"potions_floor_spawned":[1,5,12,18],"killed_by":"Gremlin Leader","ascension_level":1}