{"gold_per_floor":[362,372,372,383,119,152,152,169,169,203,220,247,247,247,247,350,350,368,380,380,75,91,91,91,91,91,111,137,164,164],"floor_reached":30,"playtime":1994,"items_purged":["Normality","Strike_R"],"score":295,"play_id":"04f1aa0d-fbe0-4db5-bd86-c9e25bf8037d","local_time":"20190108181852","is_ascension_mode":true,"campfire_choices":[{"data":"Rampage","floor":7,"key":"SMITH"},{"data":"Armaments","floor":13,"key":"SMITH"},{"data":"Spot Weakness","floor":15,"key":"SMITH"},{"floor":24,"key":"REST"}],"neow_cost":"CURSE","seed_source_timestamp":165945781794400,"circlet_count":0,"master_deck":["Strike_R","Defend_R","Defend_R","Defend_R","Bash","Rampage+1","Uppercut","Pommel Strike","Ghostly Armor","Metallicize+1","Armaments+1","Spot Weakness+1","Limit Break","Perfected Strike+1","Wild Strike+1","Double Tap+1","True Grit","Inflame+1"],"relics":["Burning Blood","Orichalcum","Frozen Egg 2","Paper Frog","Dream Catcher","Regal Pillow","Astrolabe","HandDrill","Mummified Hand","Ornamental Fan","Red Skull"],"potions_floor_usage":[16,28,30],"damage_taken":[{"damage":8,"enemies":"2 Louse","floor":1,"turns":3},{"damage":12,"enemies":"Jaw Worm","floor":2,"turns":2},{"damage":1,"enemies":"Cultist","floor":4,"turns":3},{"damage":17,"enemies":"3 Sentries","floor":6,"turns":7},{"damage":10,"enemies":"Gremlin Gang","floor":8,"turns":5},{"damage":11,"enemies":"Gremlin Nob","floor":10,"turns":4},{"damage":7,"enemies":"Exordium Thugs","floor":11,"turns":4},{"damage":22,"enemies":"Lagavulin","floor":12,"turns":7},{"damage":27,"enemies":"The Guardian","floor":16,"turns":9},{"damage":0,"enemies":"Spheric Guardian","floor":18,"turns":3},{"damage":40,"enemies":"3 Byrds","floor":19,"turns":7},{"damage":18,"enemies":"Snecko","floor":22,"turns":6},{"damage":17,"enemies":"Cultist and Chosen","floor":27,"turns":6},{"damage":29,"enemies":"Gremlin Leader","floor":28,"turns":5},{"damage":39,"enemies":"Slavers","floor":30,"turns":4}],"seed_played":"589542822155515277","potions_obtained":[{"floor":2,"key":"PowerPotion"},{"floor":4,"key":"GamblersBrew"},{"floor":10,"key":"Dexterity Potion"},{"floor":12,"key":"Block Potion"},{"floor":20,"key":"PowerPotion"}],"is_trial":false,"path_per_floor":["M","M","?","M","$","E","R","M","T","E","M","E","R","?","R","B",null,"M","M","?","$","M","$","R","$","T","M","E","T","E"],"character_chosen":"IRONCLAD","items_purchased":["Ghostly Armor","Orichalcum","HandDrill"],"campfire_rested":1,"item_purchase_floors":[5,5,21],"current_hp_per_floor":[78,72,72,77,77,66,66,62,62,57,56,40,40,40,40,19,80,80,46,46,46,34,34,73,73,73,62,39,39,0],"gold":164,"neow_bonus":"TWO_FIFTY_GOLD","is_prod":false,"is_daily":false,"chose_seed":false,"campfire_upgraded":3,"win_rate":0,"timestamp":1546971532,"path_taken":["M","M","?","M","$","E","R","M","T","E","M","E","R","?","R","BOSS","M","M","?","$","M","$","R","$","T","?","E","?","E"],"build_version":"2019-01-03v4","purchased_purges":2,"victory":false,"max_hp_per_floor":[80,80,80,80,80,80,80,80,80,80,80,80,80,80,80,80,80,80,80,80,80,80,80,80,80,80,80,80,80,80],"card_choices":[{"not_picked":["Wild Strike","Headbutt"],"picked":"Rampage","floor":1},{"not_picked":["Entrench","Body Slam"],"picked":"Uppercut","floor":2},{"not_picked":["Burning Pact","Immolate"],"picked":"Pommel Strike","floor":4},{"not_picked":["Clash","Body Slam"],"picked":"Metallicize","floor":6},{"not_picked":["Corruption+1","Clash","Clothesline"],"picked":"SKIP","floor":8},{"not_picked":["Rupture+1","Clash"],"picked":"Armaments","floor":10},{"not_picked":["Body Slam","Sword Boomerang","Heavy Blade"],"picked":"SKIP","floor":11},{"not_picked":["Sever Soul","Ghostly Armor"],"picked":"Spot Weakness","floor":12},{"not_picked":["Impervious","Dark Embrace+1"],"picked":"Limit Break","floor":16},{"not_picked":["Bloodletting","Flex","Pommel Strike"],"picked":"SKIP","floor":18},{"not_picked":["Perfected Strike","Anger"],"picked":"True Grit","floor":19},{"not_picked":["Searing Blow","Anger+1","Feel No Pain+1"],"picked":"SKIP","floor":22},{"not_picked":["Twin Strike","Cleave"],"picked":"Inflame+1","floor":24},{"not_picked":["Warcry","Twin Strike","Entrench+1"],"picked":"SKIP","floor":27},{"not_picked":["Iron Wave","Body Slam","Seeing Red"],"picked":"SKIP","floor":28}],"player_experience":62377,"relics_obtained":[{"floor":6,"key":"Frozen Egg 2"},{"floor":9,"key":"Paper Frog"},{"floor":10,"key":"Dream Catcher"},{"floor":12,"key":"Regal Pillow"},{"floor":26,"key":"Mummified Hand"},{"floor":28,"key":"Ornamental Fan"},{"floor":29,"key":"Red Skull"}],"event_choices":[{"damage_healed":0,"gold_gain":0,"player_choice":"Ignored","damage_taken":0,"max_hp_gain":0,"max_hp_loss":0,"event_name":"Liars Game","floor":3,"gold_loss":0},{"cards_removed":["Strike_R"],"damage_healed":0,"gold_gain":0,"player_choice":"Purged","damage_taken":0,"max_hp_gain":0,"max_hp_loss":0,"event_name":"Purifier","floor":14,"gold_loss":0},{"damage_healed":0,"gold_gain":0,"player_choice":"Got Potions","damage_taken":0,"max_hp_gain":0,"max_hp_loss":0,"event_name":"Lab","floor":20,"gold_loss":0}],"is_beta":false,"boss_relics":[{"not_picked":["Black Star","Orrery"],"picked":"Astrolabe"}],"items_purged_floors":[5,21],"is_endless":false,"potions_floor_spawned":[2,4,10,12,27],"killed_by":"Slavers","ascension_level":2}