{"gold_per_floor":[109,11,22,197,209,209,270,289,312,312,331,349,368,378,378,475,475,495,395,405,405,424,457,457,471,496,496,371,381,400,400,400,400],"floor_reached":33,"playtime":2336,"items_purged":["Strike_R","Strike_R","Strike_R"],"score":287,"play_id":"f96883ab-d5fa-4480-8d62-a9918eba7ddd","local_time":"20180804105437","is_ascension_mode":true,"campfire_choices":[{"data":"Shrug It Off","floor":6,"key":"SMITH"},{"data":"Heavy Blade","floor":10,"key":"SMITH"},{"floor":15,"key":"REST"},{"floor":24,"key":"REST"},{"floor":27,"key":"REST"},{"floor":32,"key":"REST"}],"neow_cost":"","seed_source_timestamp":432765023203755,"circlet_count":0,"master_deck":["Strike_R+1","Strike_R","Defend_R","Defend_R","Defend_R","Defend_R","Bash","Shrug It Off+1","Shrug It Off","Inflame","Doubt","Rampage","Heavy Blade+1","Evolve","Demon Form","Shrug It Off","Ghostly Armor","Feed+1","Disarm","Fire Breathing","Flame Barrier+1"],"relics":["Burning Blood","Tiny Chest","Boot","Snecko Eye","Potion Belt","Whetstone"],"potions_floor_usage":[16,23,23,33,33],"damage_taken":[{"damage":3,"enemies":"Small Slimes","floor":1,"turns":3},{"damage":7,"enemies":"Cultist","floor":3,"turns":4},{"damage":4,"enemies":"2 Louse","floor":5,"turns":3},{"damage":14,"enemies":"3 Sentries","floor":7,"turns":9},{"damage":10,"enemies":"Large Slime","floor":8,"turns":8},{"damage":5,"enemies":"3 Louse","floor":11,"turns":4},{"damage":6,"enemies":"Red Slaver","floor":12,"turns":5},{"damage":26,"enemies":"Gremlin Gang","floor":13,"turns":5},{"damage":22,"enemies":"Large Slime","floor":14,"turns":7},{"damage":1,"enemies":"Slime Boss","floor":16,"turns":6},{"damage":24,"enemies":"Spheric Guardian","floor":18,"turns":6},{"damage":21,"enemies":"Shell Parasite","floor":20,"turns":5},{"damage":7,"enemies":"Snecko","floor":22,"turns":5},{"damage":30,"enemies":"Book of Stabbing","floor":23,"turns":7},{"damage":29,"enemies":"Snake Plant","floor":25,"turns":5},{"damage":22,"enemies":"Centurion and Healer","floor":29,"turns":7},{"damage":5,"enemies":"Snecko","floor":30,"turns":6},{"damage":50,"enemies":"Champ","floor":33,"turns":12}],"seed_played":"5650717441750481254","potions_obtained":[{"floor":3,"key":"EssenceOfSteel"},{"floor":5,"key":"AttackPotion"},{"floor":7,"key":"Block Potion"},{"floor":12,"key":"Energy Potion"},{"floor":16,"key":"SteroidPotion"},{"floor":23,"key":"SteroidPotion"},{"floor":30,"key":"Explosive Potion"}],"is_trial":false,"path_per_floor":["M","$","M","?","M","R","E","M","T","R","M","M","M","M","R","B",null,"M","$","M","?","M","E","R","M","T","R","$","M","M","?","R"],"character_chosen":"IRONCLAD","items_purchased":["Shrug It Off"],"campfire_rested":4,"item_purchase_floors":[2],"current_hp_per_floor":[80,80,79,79,80,80,72,68,68,68,69,69,49,33,57,62,80,62,62,47,32,31,7,32,9,9,34,34,18,23,23,49,0],"gold":400,"neow_bonus":"","is_prod":false,"is_daily":false,"chose_seed":false,"campfire_upgraded":2,"win_rate":0,"timestamp":1533351277,"path_taken":["M","$","M","?","M","R","E","M","T","R","M","M","M","M","R","BOSS","M","?","M","?","?","E","R","?","T","R","$","?","M","?","R","BOSS"],"build_version":"2018-08-02","purchased_purges":3,"victory":false,"max_hp_per_floor":[80,80,80,80,80,80,80,80,80,80,80,80,80,80,80,80,80,80,80,80,85,85,85,85,85,85,85,85,85,89,89,89,89],"card_choices":[{"not_picked":["True Grit","Cleave"],"picked":"Shrug It Off","floor":1},{"not_picked":["Intimidate","Ghostly Armor"],"picked":"Inflame","floor":3},{"not_picked":["Sever Soul","Warcry"],"picked":"Rampage","floor":5},{"not_picked":["Seeing Red","Body Slam","Flex"],"picked":"SKIP","floor":7},{"not_picked":["Body Slam","Havoc"],"picked":"Heavy Blade","floor":8},{"not_picked":["Iron Wave","Thunderclap"],"picked":"Evolve","floor":11},{"not_picked":["Shrug It Off","Flex"],"picked":"Demon Form","floor":12},{"not_picked":["Searing Blow","Twin Strike"],"picked":"Shrug It Off","floor":13},{"not_picked":["Wild Strike","Carnage"],"picked":"Ghostly Armor","floor":14},{"not_picked":["Berserk","Brutality"],"picked":"Feed","floor":16},{"not_picked":["Sword Boomerang","Body Slam"],"picked":"Disarm","floor":18},{"not_picked":["Body Slam","Pummel+1"],"picked":"Fire Breathing","floor":20},{"not_picked":["Iron Wave","Power Through+1","Body Slam"],"picked":"SKIP","floor":22},{"not_picked":["Pommel Strike+1","Ghostly Armor","Anger"],"picked":"SKIP","floor":23},{"not_picked":["Cleave+1","Disarm","Sword Boomerang"],"picked":"SKIP","floor":25},{"not_picked":["Intimidate+1","Feel No Pain","Anger"],"picked":"SKIP","floor":29},{"not_picked":["Twin Strike+1","Armaments"],"picked":"Flame Barrier+1","floor":30}],"player_experience":158214,"relics_obtained":[{"floor":7,"key":"Tiny Chest"},{"floor":9,"key":"Boot"},{"floor":23,"key":"Potion Belt"},{"floor":26,"key":"Whetstone"}],"event_choices":[{"event_name":"Liars Game","player_choice":"agreed","floor":4,"damage_taken":0},{"event_name":"Forgotten Altar","player_choice":"Shed Blood","floor":21,"damage_taken":0},{"event_name":"Vampires","player_choice":"Ignored","floor":31,"damage_taken":0}],"is_beta":false,"boss_relics":[{"not_picked":["Empty Cage","Astrolabe"],"picked":"Snecko Eye"}],"items_purged_floors":[2,19,28],"is_endless":false,"potions_floor_spawned":[3,5,7,12,13,16,20,23,30],"killed_by":"Champ","ascension_level":1}