{"gold_per_floor":[109,128,147,112,124,124,142,177,246,246,246,246,246,262,262,365,365,384,395,395,75,89,89,109,128,128,53,53,82,82,95,95,196,196,214,233,251,266,75,75,93,93,93,106,122,141,216,233,233,233,233,233,34,34],"floor_reached":54,"playtime":3031,"items_purged":["Regret","Defend_B","Strike_B"],"score":692,"play_id":"76f98aca-75f9-4110-bc91-da4129eafc0f","local_time":"20190202085921","is_ascension_mode":false,"campfire_choices":[{"data":"Defragment","floor":6.0,"key":"SMITH"},{"data":"Streamline","floor":10.0,"key":"SMITH"},{"data":"Conserve Battery","floor":12.0,"key":"SMITH"},{"floor":15.0,"key":"REST"},{"data":"Coolheaded","floor":23.0,"key":"SMITH"},{"floor":28.0,"key":"REST"},{"floor":32.0,"key":"REST"},{"data":"Loop","floor":40.0,"key":"SMITH"},{"floor":42.0,"key":"RECALL"},{"floor":49.0,"key":"REST"},{"data":"Go for the Eyes","floor":52.0,"key":"SMITH"}],"neow_cost":"NONE","seed_source_timestamp":0,"circlet_count":0,"master_deck":["Strike_B","Strike_B","Defend_B","Defend_B","Defend_B","Zap","Dualcast","Sweeping Beam","Chill","Streamline+1","Defragment+1","Conserve Battery+1","Streamline","Biased Cognition","Loop+1","Go for the Eyes+1","Coolheaded+1","Cold Snap","Gash+1","FTL+1","Reboot","Leap+1","Conserve Battery+1","Gash","Bandage Up","Self Repair+1","Loop"],"special_seed":0,"relics":["Cracked Core","Ancient Tea Set","Kunai","Singing Bowl","Mango","Cursed Key","Shuriken","Vajra","Nuclear Battery"],"potions_floor_usage":[54,54],"damage_taken":[{"damage":5.0,"enemies":"Small Slimes","floor":1.0,"turns":3.0},{"damage":0.0,"enemies":"2 Louse","floor":2.0,"turns":2.0},{"damage":1.0,"enemies":"Jaw Worm","floor":3.0,"turns":3.0},{"damage":8.0,"enemies":"Exordium Wildlife","floor":5.0,"turns":5.0},{"damage":2.0,"enemies":"Exordium Thugs","floor":7.0,"turns":3.0},{"damage":28.0,"enemies":"Lagavulin","floor":8.0,"turns":9.0},{"damage":3.0,"enemies":"Red Slaver","floor":14.0,"turns":2.0},{"damage":48.0,"enemies":"Hexaghost","floor":16.0,"turns":10.0},{"damage":8.0,"enemies":"Shell Parasite","floor":18.0,"turns":6.0},{"damage":10.0,"enemies":"Chosen","floor":19.0,"turns":4.0},{"damage":0.0,"enemies":"Shelled Parasite and Fungi","floor":22.0,"turns":5.0},{"damage":3.0,"enemies":"Snake Plant","floor":24.0,"turns":3.0},{"damage":6.0,"enemies":"Snecko","floor":25.0,"turns":5.0},{"damage":29.0,"enemies":"Slavers","floor":29.0,"turns":6.0},{"damage":3.0,"enemies":"Centurion and Healer","floor":31.0,"turns":5.0},{"damage":29.0,"enemies":"Champ","floor":33.0,"turns":15.0},{"damage":0.0,"enemies":"3 Darklings","floor":35.0,"turns":4.0},{"damage":2.0,"enemies":"3 Shapes","floor":36.0,"turns":5.0},{"damage":0.0,"enemies":"Sphere and 2 Shapes","floor":37.0,"turns":7.0},{"damage":15.0,"enemies":"Transient","floor":38.0,"turns":5.0},{"damage":0.0,"enemies":"4 Shapes","floor":41.0,"turns":6.0},{"damage":14.0,"enemies":"Jaw Worm Horde","floor":44.0,"turns":8.0},{"damage":4.0,"enemies":"Writhing Mass","floor":45.0,"turns":13.0},{"damage":2.0,"enemies":"4 Shapes","floor":46.0,"turns":8.0},{"damage":36.0,"enemies":"3 Darklings","floor":48.0,"turns":8.0},{"damage":99.0,"enemies":"Donu and Deca","floor":50.0,"turns":17.0},{"damage":119,"enemies":"Shield and Spear","floor":54,"turns":12}],"seed_played":"-7762607557199258578","potions_obtained":[{"floor":2.0,"key":"FocusPotion"},{"floor":5.0,"key":"FearPotion"},{"floor":8.0,"key":"LiquidBronze"},{"floor":18.0,"key":"Block Potion"},{"floor":33.0,"key":"FocusPotion"}],"is_trial":false,"path_per_floor":["M","M","M","$","M","R","M","E","T","R","?","R","?","M","R","B",null,"M","M","?","$","M","R","M","M","T","$","R","E","$","M","R","B",null,"M","M","M","M","$","R","M","R","T","M","M","M","?","M","R","B",null,"R","$","E"],"character_chosen":"DEFECT","items_purchased":["Defragment","Shuriken","Coolheaded","Cold Snap","Bandage Up","Loop"],"campfire_rested":4,"item_purchase_floors":[4,21,21,21,39,53],"current_hp_per_floor":[70,70,69,69,61,61,59,31,31,31,38,38,38,37,64,16,91,83,73,73,73,75,75,74,68,68,68,95,68,68,65,94,65,97,97,95,95,82,82,82,86,86,86,88,100,105,95,75,107,22,107,107,107,0],"gold":34,"neow_bonus":"RANDOM_COMMON_RELIC","is_prod":false,"is_daily":false,"chose_seed":false,"campfire_upgraded":6,"win_rate":0,"timestamp":1549069161,"path_taken":["M","M","M","$","M","R","M","E","T","R","?","R","?","?","R","BOSS","M","M","?","$","M","R","M","M","T","$","R","E","?","M","R","BOSS","M","M","M","M","$","R","M","R","T","M","M","M","?","M","R","BOSS","R","$","E"],"build_version":"2019-01-23","purchased_purges":3,"victory":false,"max_hp_per_floor":[75,75,75,75,75,75,75,75,75,75,89,89,89,91,91,91,91,91,91,91,91,93,93,95,95,95,95,95,97,97,97,97,97,97,97,97,97,99,99,99,99,99,99,101,103,105,105,107,107,107,107,107,107,107],"card_choices":[{"not_picked":["Gash","Rebound"],"picked":"Sweeping Beam","floor":1.0},{"not_picked":["Melter","Gash"],"picked":"Chill","floor":2.0},{"not_picked":["Consume","Stack"],"picked":"Streamline","floor":3.0},{"not_picked":["Meteor Strike","Leap"],"picked":"Conserve Battery","floor":5.0},{"not_picked":["Hologram","Compile Driver","Storm"],"picked":"SKIP","floor":7.0},{"not_picked":["All For One","Compile Driver"],"picked":"Streamline","floor":8.0},{"not_picked":["Steam","Scrape","Beam Cell"],"picked":"Singing Bowl","floor":14.0},{"not_picked":["Thunder Strike","Amplify"],"picked":"Biased Cognition","floor":16.0},{"not_picked":["Conserve Battery","Consume"],"picked":"Loop","floor":18.0},{"not_picked":["Steam+1","Skim"],"picked":"Go for the Eyes","floor":19.0},{"not_picked":["Doom and Gloom","Streamline","Beam Cell"],"picked":"Singing Bowl","floor":22.0},{"not_picked":["Hologram+1","Genetic Algorithm+1","Reprogram"],"picked":"Singing Bowl","floor":24.0},{"not_picked":["Conserve Battery","Recycle"],"picked":"Gash+1","floor":25.0},{"not_picked":["Stack","Recycle","Amplify"],"picked":"Singing Bowl","floor":29.0},{"not_picked":["Reinforced Body+1","Coolheaded"],"picked":"FTL+1","floor":31.0},{"not_picked":["Amplify","Meteor Strike"],"picked":"Reboot","floor":33.0},{"not_picked":["Aggregate","Steam"],"picked":"Leap+1","floor":35.0},{"not_picked":["Leap+1","Barrage+1"],"picked":"Conserve Battery+1","floor":36.0},{"not_picked":["Rebound+1","Blizzard"],"picked":"Gash","floor":37.0},{"not_picked":["Conserve Battery","Gash","Thunder Strike"],"picked":"Singing Bowl","floor":38.0},{"not_picked":["Leap+1","Gash+1"],"picked":"Self Repair+1","floor":41.0},{"not_picked":["Go for the Eyes","Rip and Tear+1","Streamline+1"],"picked":"Singing Bowl","floor":44.0},{"not_picked":["Turbo","Hello World+1","Rebound+1"],"picked":"Singing Bowl","floor":45.0},{"not_picked":["Sweeping Beam+1","Auto Shields","Reprogram+1"],"picked":"Singing Bowl","floor":46.0},{"not_picked":["Undo+1","Rebound","Ball Lightning+1"],"picked":"Singing Bowl","floor":48.0}],"player_experience":629195,"relics_obtained":[{"floor":8.0,"key":"Kunai"},{"floor":9.0,"key":"Singing Bowl"},{"floor":29.0,"key":"Vajra"}],"event_choices":[{"damage_healed":0.0,"max_hp_gain":0.0,"max_hp_loss":0.0,"gold_gain":0.0,"event_name":"Scrap Ooze","player_choice":"Success","floor":11.0,"gold_loss":0.0,"damage_taken":7.0,"relics_obtained":["Mango"]},{"damage_healed":0.0,"max_hp_gain":0.0,"max_hp_loss":0.0,"gold_gain":0.0,"event_name":"Shining Light","player_choice":"Ignored","floor":13.0,"gold_loss":0.0,"damage_taken":0.0},{"cards_removed":["Strike_B"],"damage_healed":0.0,"max_hp_gain":0.0,"max_hp_loss":0.0,"gold_gain":0.0,"event_name":"Bonfire Elementals","player_choice":"Offered Basic","floor":20.0,"gold_loss":0.0,"damage_taken":0.0},{"damage_healed":0.0,"max_hp_gain":0.0,"max_hp_loss":0.0,"gold_gain":75.0,"event_name":"FaceTrader","player_choice":"Touch","floor":47.0,"gold_loss":0.0,"damage_taken":10.0}],"is_beta":false,"boss_relics":[{"not_picked":["Philosopher\u0027s Stone","FrozenCore"],"picked":"Cursed Key"},{"not_picked":["Coffee Dripper","Tiny House"],"picked":"Nuclear Battery"}],"items_purged_floors":[27,39,53],"is_endless":false,"potions_floor_spawned":[2,5,8,18,24,33,36,38,44,45,48],"killed_by":"Shield and Spear","ascension_level":0}