{"gold_per_floor":[117,127,137,148,165,165,199,199,226,226,241,241,255,2,2,101,101,119,119,119,119,15,15,43,60,83,83,100,100,25,37,37,133,133,148,148,148,26,38,38,38],"floor_reached":41,"playtime":1917,"items_purged":["Strike_G"],"score":436,"play_id":"65beb647-e8b9-41e3-af90-0ad0f41e3a36","local_time":"20190202130947","is_ascension_mode":false,"campfire_choices":[{"floor":6,"key":"REST"},{"floor":8,"key":"REST"},{"data":"Well Laid Plans","floor":10,"key":"SMITH"},{"data":"Deadly Poison","floor":12,"key":"SMITH"},{"floor":15,"key":"REST"},{"data":"Footwork","floor":23,"key":"SMITH"},{"data":"Catalyst","floor":27,"key":"SMITH"},{"floor":29,"key":"RECALL"},{"floor":32,"key":"REST"},{"data":"Footwork","floor":40,"key":"SMITH"}],"neow_cost":"NONE","seed_source_timestamp":235218078043434,"circlet_count":0,"master_deck":["Defend_G","Defend_G","Defend_G","Defend_G","Defend_G","Strike_G","Survivor","Neutralize","Grand Finale","Backstab","Well Laid Plans+1","Terror","Backflip","Deadly Poison+1","Catalyst+1","Bouncing Flask","Footwork+1","Tools of the Trade","Envenom+1","Dash+1","Venomology+1","Blind+1","Dodge and Roll+1","Deadly Poison+1","Catalyst+1","Cloak And Dagger+1","Burst+1","Footwork+1","Bandage Up+1","Noxious Fumes","Bandage Up+1","Dodge and Roll+1"],"relics":["Ring of the Serpent","Shuriken","Snake Skull","Lantern","Astrolabe","Nilry\u0027s Codex","Strawberry","Toxic Egg 2","Anchor"],"potions_floor_usage":[24,24,25,31,31,31,33,41,41],"damage_taken":[{"damage":0,"enemies":"Cultist","floor":1,"turns":4},{"damage":3,"enemies":"Small Slimes","floor":2,"turns":4},{"damage":5,"enemies":"Jaw Worm","floor":3,"turns":4},{"damage":7,"enemies":"Blue Slaver","floor":4,"turns":2},{"damage":10,"enemies":"Red Slaver","floor":5,"turns":5},{"damage":39,"enemies":"Lagavulin","floor":7,"turns":7},{"damage":4,"enemies":"2 Fungi Beasts","floor":11,"turns":3},{"damage":1,"enemies":"Exordium Thugs","floor":13,"turns":5},{"damage":28,"enemies":"The Guardian","floor":16,"turns":7},{"damage":0,"enemies":"Spheric Guardian","floor":18,"turns":3},{"damage":18,"enemies":"Slavers","floor":24,"turns":5},{"damage":0,"enemies":"Chosen","floor":25,"turns":4},{"damage":8,"enemies":"Shelled Parasite and Fungi","floor":28,"turns":4},{"damage":0,"enemies":"Centurion and Healer","floor":31,"turns":5},{"damage":22,"enemies":"Champ","floor":33,"turns":4},{"damage":2,"enemies":"Orb Walker","floor":35,"turns":2},{"damage":7,"enemies":"3 Shapes","floor":39,"turns":4},{"damage":108,"enemies":"Reptomancer","floor":41,"turns":3}],"seed_played":"-5922848047359248739","potions_obtained":[{"floor":2,"key":"Explosive Potion"},{"floor":5,"key":"Fire Potion"},{"floor":7,"key":"Regen Potion"},{"floor":11,"key":"Energy Potion"},{"floor":24,"key":"FearPotion"},{"floor":25,"key":"Energy Potion"},{"floor":33,"key":"GamblersBrew"}],"is_trial":false,"path_per_floor":["M","M","M","M","M","R","E","R","T","R","M","R","M","$","R","B",null,"M","?","?","T","$","R","E","M","T","R","M","R","$","M","R","B",null,"M","?","?","$","M","R","E"],"character_chosen":"THE_SILENT","items_purchased":["Bouncing Flask","Footwork","Lantern","Blind+1","Dodge and Roll+1","Noxious Fumes","Bandage Up+1"],"campfire_rested":4,"item_purchase_floors":[14,14,14,22,22,38,38],"current_hp_per_floor":[70,67,62,55,45,66,27,48,48,48,44,44,43,43,64,36,70,70,54,61,61,61,61,58,58,58,58,50,50,50,50,73,51,77,75,75,70,70,69,69,0],"gold":38,"neow_bonus":"ONE_RANDOM_RARE_CARD","is_prod":false,"is_daily":false,"chose_seed":false,"campfire_upgraded":5,"win_rate":0,"timestamp":1549141787,"path_taken":["M","M","?","M","M","R","E","R","T","R","M","R","M","$","R","BOSS","M","?","?","?","?","R","E","M","T","R","M","R","$","?","R","BOSS","M","?","?","$","M","R","E"],"build_version":"2019-01-23","purchased_purges":1,"victory":false,"max_hp_per_floor":[70,70,70,70,70,70,70,70,70,70,70,70,70,70,70,70,70,70,70,77,77,77,77,77,77,77,77,77,77,77,77,77,77,77,77,77,77,77,77,77,77],"card_choices":[{"not_picked":["Backflip","Cloak And Dagger"],"picked":"Backstab","floor":1},{"not_picked":["Outmaneuver","Deflect"],"picked":"Well Laid Plans","floor":2},{"not_picked":["Cloak And Dagger","All Out Attack"],"picked":"Terror","floor":3},{"not_picked":["PiercingWail","Dagger Spray"],"picked":"Backflip","floor":4},{"not_picked":["Cloak And Dagger","Deflect","Eviscerate"],"picked":"SKIP","floor":5},{"not_picked":["Bane","Deadly Poison","Dagger Spray"],"picked":"SKIP","floor":7},{"not_picked":["Finisher","Sucker Punch"],"picked":"Deadly Poison","floor":11},{"not_picked":["Bullet Time","Poisoned Stab"],"picked":"Catalyst","floor":13},{"not_picked":["Adrenaline","Doppelganger"],"picked":"Tools of the Trade","floor":16},{"not_picked":["Choke+1","Quick Slash+1","Dodge and Roll"],"picked":"SKIP","floor":18},{"not_picked":["Choke","Endless Agony"],"picked":"Deadly Poison+1","floor":24},{"not_picked":["Bane","Endless Agony+1","Underhanded Strike"],"picked":"SKIP","floor":25},{"not_picked":["Endless Agony","Slice"],"picked":"Catalyst+1","floor":28},{"not_picked":["Tactician+1","Quick Slash"],"picked":"Cloak And Dagger+1","floor":31},{"not_picked":["Night Terror+1","Bullet Time+1"],"picked":"Burst+1","floor":33},{"not_picked":["Accuracy","Backflip+1"],"picked":"Footwork","floor":35},{"not_picked":["Discovery+1","Finesse+1"],"picked":"Bandage Up+1","floor":37},{"not_picked":["Acrobatics+1","Flying Knee+1"],"picked":"Dodge and Roll+1","floor":39}],"player_experience":163698,"relics_obtained":[{"floor":7,"key":"Shuriken"},{"floor":9,"key":"Snake Skull"},{"floor":19,"key":"Nilry\u0027s Codex"},{"floor":21,"key":"Toxic Egg 2"},{"floor":24,"key":"Anchor"}],"event_choices":[{"damage_healed":0,"gold_gain":0,"player_choice":"Obtained Book","damage_taken":16,"max_hp_gain":0,"max_hp_loss":0,"event_name":"Cursed Tome","floor":19,"gold_loss":0},{"damage_healed":0,"gold_gain":0,"player_choice":"Opened","damage_taken":0,"relics_obtained":["Strawberry"],"max_hp_gain":0,"max_hp_loss":0,"event_name":"The Mausoleum","floor":20,"gold_loss":0},{"damage_healed":0,"gold_gain":0,"player_choice":"Ignored","damage_taken":0,"max_hp_gain":0,"max_hp_loss":0,"event_name":"Tomb of Lord Red Mask","floor":36,"gold_loss":0},{"damage_healed":0,"gold_gain":0,"player_choice":"Memory 2","damage_taken":5,"max_hp_gain":0,"max_hp_loss":0,"event_name":"SensoryStone","floor":37,"gold_loss":0}],"is_beta":false,"boss_relics":[{"not_picked":["Coffee Dripper","Runic Dome"],"picked":"Astrolabe"},{"not_picked":["Sozu","Tiny House"],"picked":"Ring of the Serpent"}],"items_purged_floors":[30],"is_endless":false,"potions_floor_spawned":[2,5,7,11,13,24,25,33],"killed_by":"Reptomancer","ascension_level":0}