{"gold_per_floor":[215,215,232,106,118,118,148,166,166,166,201,67,80,80,80,175,175,193,193,68,81,100,100,190,207,207,207],"floor_reached":27,"playtime":1284,"items_purged":["Strike_R","Strike_R","Strike_R"],"score":234,"play_id":"fed37b12-bd5d-4fb4-80dc-5857707eb455","local_time":"20180805172250","is_ascension_mode":true,"campfire_choices":[{"data":"True Grit","floor":6,"key":"SMITH"},{"data":"Rampage","floor":10,"key":"SMITH"},{"floor":15,"key":"REST"},{"data":"Whirlwind","floor":23,"key":"SMITH"}],"neow_cost":"NONE","seed_source_timestamp":543513176279436,"circlet_count":0,"master_deck":["Strike_R","Strike_R","Defend_R","Defend_R","Defend_R","Defend_R","Bash","Cleave","Disarm","True Grit+1","Headbutt","Rampage+1","Whirlwind+1","Whirlwind","Offering","Inflame+1"],"relics":["Burning Blood","Singing Bowl","Ancient Tea Set","Ornamental Fan","Darkstone Periapt","Eternal Feather","Dodecahedron"],"potions_floor_usage":[13,16,27],"damage_taken":[{"damage":1,"enemies":"Small Slimes","floor":1,"turns":3},{"damage":2,"enemies":"2 Louse","floor":3,"turns":3},{"damage":6,"enemies":"Cultist","floor":5,"turns":3},{"damage":30,"enemies":"Gremlin Nob","floor":7,"turns":5},{"damage":6,"enemies":"Red Slaver","floor":8,"turns":4},{"damage":16,"enemies":"3 Sentries","floor":11,"turns":8},{"damage":12,"enemies":"Exordium Thugs","floor":13,"turns":5},{"damage":45,"enemies":"Hexaghost","floor":16,"turns":11},{"damage":9,"enemies":"3 Byrds","floor":18,"turns":4},{"damage":12,"enemies":"Chosen","floor":21,"turns":5},{"damage":27,"enemies":"Centurion and Healer","floor":22,"turns":6},{"damage":27,"enemies":"Snake Plant","floor":25,"turns":5},{"damage":36,"enemies":"Sentry and Sphere","floor":27,"turns":5}],"seed_played":"1613930272556043140","potions_obtained":[{"floor":5,"key":"Strength Potion"},{"floor":7,"key":"Explosive Potion"},{"floor":11,"key":"AttackPotion"},{"floor":16,"key":"Poison Potion"},{"floor":18,"key":"SneckoOil"},{"floor":25,"key":"SkillPotion"}],"is_trial":false,"path_per_floor":["M","?","M","$","M","R","E","M","T","R","E","$","M","$","R","B",null,"M","?","$","M","M","R","?","M","T"],"character_chosen":"IRONCLAD","items_purchased":["True Grit","Whirlwind"],"campfire_rested":1,"item_purchase_floors":[4,12],"current_hp_per_floor":[80,77,80,80,80,80,56,58,58,58,48,48,44,44,69,30,84,83,83,83,79,58,67,51,32,32,0],"gold":207,"neow_bonus":"HUNDRED_GOLD","is_prod":false,"is_daily":false,"chose_seed":false,"campfire_upgraded":3,"win_rate":0,"timestamp":1533460970,"path_taken":["M","?","M","$","M","R","E","M","T","R","E","$","M","?","R","BOSS","M","?","$","M","M","R","?","M","T","M"],"build_version":"2018-08-02","purchased_purges":3,"victory":false,"max_hp_per_floor":[80,80,80,80,80,80,80,82,82,82,82,82,84,84,84,84,84,86,86,86,88,88,88,88,90,90,90],"card_choices":[{"not_picked":["Havoc","Perfected Strike"],"picked":"Cleave","floor":1},{"not_picked":["Burning Pact","Seeing Red"],"picked":"Disarm","floor":3},{"not_picked":["Reckless Charge","Iron Wave"],"picked":"Headbutt","floor":5},{"not_picked":["Heavy Blade","Evolve"],"picked":"Rampage","floor":7},{"not_picked":["Fire Breathing","Reckless Charge","Wild Strike"],"picked":"Singing Bowl","floor":8},{"not_picked":["Wild Strike","Thunderclap"],"picked":"Whirlwind","floor":11},{"not_picked":["Rage","Intimidate","Clash"],"picked":"Singing Bowl","floor":13},{"not_picked":["Dark Embrace","Exhume"],"picked":"Offering","floor":16},{"not_picked":["Infernal Blade+1","Cleave","Armaments"],"picked":"Singing Bowl","floor":18},{"not_picked":["Armaments","Pommel Strike","Sever Soul"],"picked":"Singing Bowl","floor":21},{"not_picked":["Dual Wield","Sword Boomerang"],"picked":"Inflame+1","floor":22},{"not_picked":["Blood for Blood","Thunderclap","Ghostly Armor"],"picked":"Singing Bowl","floor":25}],"player_experience":197691,"relics_obtained":[{"floor":7,"key":"Ancient Tea Set"},{"floor":9,"key":"Ornamental Fan"},{"floor":11,"key":"Darkstone Periapt"},{"floor":26,"key":"Dodecahedron"}],"event_choices":[{"event_name":"Scrap Ooze","player_choice":"success","floor":2,"damage_taken":3},{"event_name":"Match and Keep!","player_choice":"0 cards matched","floor":19,"damage_taken":0},{"event_name":"Knowing Skull","player_choice":"GOLD ","floor":24,"damage_taken":0}],"is_beta":false,"boss_relics":[{"not_picked":["Philosopher\u0027s Stone","Cursed Key"],"picked":"Eternal Feather"}],"items_purged_floors":[4,12,20],"is_endless":false,"potions_floor_spawned":[5,7,11,16,18,25],"killed_by":"Sentry and Sphere","ascension_level":1}