{"gold_per_floor":[112,112,131,131,149,176,189,64,64,64,76,93,168,118,118,223,223,237,237,39,39,0,0,15,15,38,38,70,84,100,25,25,25],"floor_reached":33,"playtime":2092,"items_purged":["Strike_G","Defend_G+1"],"score":290,"play_id":"ff9be8db-a6cc-41c3-9685-8e26823200ba","local_time":"20190109013856","is_ascension_mode":false,"campfire_choices":[{"floor":10,"key":"REST"},{"floor":15,"key":"REST"},{"data":"Catalyst","floor":23,"key":"SMITH"},{"floor":25,"key":"RECALL"},{"data":"Footwork","floor":27,"key":"SMITH"},{"data":"Prepared","floor":32,"key":"SMITH"}],"neow_cost":"NONE","seed_source_timestamp":38114095822068,"circlet_count":0,"master_deck":["Defend_G","Defend_G","Defend_G+1","Defend_G","Survivor","Neutralize","Catalyst+1","Blur","Poisoned Stab","Bane","Escape Plan","Footwork+1","Prepared+1","Adrenaline","Die Die Die","Bite","Bite","Bite","Bite","Deflect+1"],"relics":["Ring of the Snake","Smiling Mask","Strawberry","Snake Skull","Busted Crown","TwistedFunnel","PreservedInsect","Meat on the Bone"],"potions_floor_usage":[6,16,33],"damage_taken":[{"damage":4,"enemies":"Jaw Worm","floor":1,"turns":6},{"damage":4,"enemies":"Cultist","floor":3,"turns":5},{"damage":0,"enemies":"2 Louse","floor":5,"turns":6},{"damage":18,"enemies":"Lagavulin","floor":6,"turns":12},{"damage":1,"enemies":"2 Fungi Beasts","floor":7,"turns":5},{"damage":0,"enemies":"Looter","floor":11,"turns":3},{"damage":23,"enemies":"Exordium Wildlife","floor":12,"turns":6},{"damage":6,"enemies":"The Guardian","floor":16,"turns":14},{"damage":0,"enemies":"Shell Parasite","floor":18,"turns":8},{"damage":0,"enemies":"3 Byrds","floor":24,"turns":3},{"damage":7,"enemies":"Book of Stabbing","floor":28,"turns":4},{"damage":4,"enemies":"Cultist and Chosen","floor":29,"turns":5},{"damage":2,"enemies":"Chosen and Byrds","floor":30,"turns":5},{"damage":80,"enemies":"Automaton","floor":33,"turns":12}],"seed_played":"2474974332331195989","potions_obtained":[{"floor":5,"key":"Block Potion"},{"floor":6,"key":"AttackPotion"},{"floor":11,"key":"Energy Potion"},{"floor":24,"key":"GamblersBrew"},{"floor":30,"key":"Ancient Potion"}],"is_trial":false,"path_per_floor":["M","?","M","?","M","E","M","$","T","R","M","M","?","$","R","B",null,"M","?","$","?","?","R","M","R","T","R","E","M","M","?","R","B"],"character_chosen":"THE_SILENT","items_purchased":["Footwork","TwistedFunnel"],"campfire_rested":2,"item_purchase_floors":[8,20],"current_hp_per_floor":[66,59,55,41,41,30,29,29,29,52,52,29,18,18,41,35,77,77,53,53,53,53,53,53,53,53,53,48,51,53,53,53,0],"gold":25,"neow_bonus":"RANDOM_COMMON_RELIC","is_prod":false,"is_daily":false,"chose_seed":false,"campfire_upgraded":3,"win_rate":0,"timestamp":1546990736,"path_taken":["M","?","?","?","M","E","M","$","T","R","M","M","?","$","R","BOSS","M","?","$","?","?","R","?","R","T","R","E","M","M","?","R","BOSS"],"build_version":"2019-01-03v4","purchased_purges":2,"victory":false,"max_hp_per_floor":[70,70,70,70,70,77,77,77,77,77,77,77,77,77,77,77,77,77,53,53,53,53,53,53,53,53,53,53,53,53,53,53,53],"card_choices":[{"not_picked":["Sucker Punch","Deflect"],"picked":"Catalyst","floor":1},{"not_picked":["Acrobatics","Slice"],"picked":"Blur","floor":3},{"not_picked":["Quick Slash","Deflect"],"picked":"Poisoned Stab","floor":5},{"not_picked":["Dagger Throw","Riddle With Holes"],"picked":"Bane","floor":6},{"not_picked":["Dagger Spray","Cloak And Dagger"],"picked":"Escape Plan","floor":7},{"not_picked":["Outmaneuver","Dagger Spray"],"picked":"Prepared","floor":11},{"not_picked":["Sucker Punch","Poisoned Stab"],"picked":"Adrenaline","floor":12},{"not_picked":["A Thousand Cuts","Grand Finale"],"picked":"Die Die Die","floor":16},{"not_picked":["Cloak And Dagger"],"picked":"SKIP","floor":18},{"not_picked":["Cloak And Dagger"],"picked":"SKIP","floor":24},{"not_picked":["Dodge and Roll"],"picked":"SKIP","floor":28},{"not_picked":[],"picked":"Deflect+1","floor":29},{"not_picked":["Blade Dance"],"picked":"SKIP","floor":30}],"player_experience":160666,"relics_obtained":[{"floor":6,"key":"Strawberry"},{"floor":9,"key":"Snake Skull"},{"floor":26,"key":"PreservedInsect"},{"floor":28,"key":"Meat on the Bone"}],"event_choices":[{"damage_healed":0,"gold_gain":0,"player_choice":"Damaged","damage_taken":7,"max_hp_gain":0,"max_hp_loss":0,"event_name":"Wheel of Change","floor":2,"gold_loss":0},{"damage_healed":0,"gold_gain":0,"player_choice":"Entered Light","damage_taken":14,"max_hp_gain":0,"max_hp_loss":0,"event_name":"Shining Light","floor":4,"gold_loss":0,"cards_upgraded":["Defend_G","Defend_G"]},{"damage_healed":0,"gold_gain":75,"player_choice":"Gather Gold","damage_taken":11,"max_hp_gain":0,"max_hp_loss":0,"event_name":"World of Goop","floor":13,"gold_loss":0},{"damage_healed":0,"gold_gain":0,"player_choice":"Became a vampire","damage_taken":0,"max_hp_gain":0,"max_hp_loss":24,"event_name":"Vampires","floor":19,"gold_loss":0,"cards_obtained":["Bite","Bite","Bite","Bite","Bite"]},{"damage_healed":0,"gold_gain":0,"player_choice":"Paid Fearfully","damage_taken":0,"max_hp_gain":0,"max_hp_loss":0,"event_name":"Masked Bandits","floor":22,"gold_loss":39},{"cards_removed":["Bite"],"damage_healed":0,"gold_gain":0,"player_choice":"Gave Gold","damage_taken":0,"max_hp_gain":0,"max_hp_loss":0,"event_name":"Beggar","floor":31,"gold_loss":75}],"is_beta":false,"boss_relics":[{"not_picked":["Runic Pyramid","Coffee Dripper"],"picked":"Busted Crown"}],"items_purged_floors":[8,14],"is_endless":false,"potions_floor_spawned":[5,6,11,24,30],"killed_by":"Automaton","ascension_level":0}