{"gold_per_floor":[111,111,111,286,31,31,31,57,81,156,166,166,166,191,191,316,316,331,381,22,42,60,60,60,85,111,127,160,160,178,178,178,178],"floor_reached":33,"playtime":858,"items_purged":[],"score":263,"play_id":"a5a2ab85-eb71-414e-b011-0584fa401d0f","local_time":"20190106110741","is_ascension_mode":false,"campfire_choices":[{"data":"Static Discharge","floor":6,"key":"SMITH"},{"floor":12,"key":"REST"},{"data":"Tempest","floor":15,"key":"SMITH"},{"floor":23,"key":"REST"},{"floor":29,"key":"REST"},{"floor":32,"key":"REST"}],"neow_cost":"NONE","seed_source_timestamp":903185204585516,"circlet_count":0,"master_deck":["Strike_B+1","Strike_B+1","Strike_B","Strike_B","Defend_B","Defend_B","Defend_B","Defend_B","Zap+1","Dualcast","Static Discharge+1","Doubt","Tempest+1","FTL+1","Injury","Conserve Battery","Creative AI","Ball Lightning+1","Rebound+1","Beam Cell+1","Loop","Normality","Ball Lightning+1","Ball Lightning+1","Leap","Leap"],"relics":["Cracked Core","Molten Egg 2","Whetstone","Bronze Scales","Golden Idol","Cursed Key","Runic Capacitor","Vajra","PreservedInsect","Bag of Preparation"],"potions_floor_usage":[27,28,28],"damage_taken":[{"damage":1,"enemies":"2 Louse","floor":1,"turns":4},{"damage":16,"enemies":"Lagavulin","floor":8,"turns":7},{"damage":8,"enemies":"Small Slimes","floor":11,"turns":2},{"damage":6,"enemies":"Jaw Worm","floor":14,"turns":2},{"damage":30,"enemies":"The Guardian","floor":16,"turns":9},{"damage":10,"enemies":"Chosen","floor":18,"turns":4},{"damage":11,"enemies":"Spheric Guardian","floor":21,"turns":4},{"damage":13,"enemies":"Snake Plant","floor":22,"turns":3},{"damage":19,"enemies":"3 Cultists","floor":25,"turns":4},{"damage":50,"enemies":"Shelled Parasite and Fungi","floor":27,"turns":3},{"damage":8,"enemies":"Gremlin Leader","floor":28,"turns":4},{"damage":14,"enemies":"Snake Plant","floor":30,"turns":2},{"damage":59,"enemies":"Automaton","floor":33,"turns":6}],"seed_played":"-4006537816688883757","potions_obtained":[{"floor":11,"key":"Explosive Potion"},{"floor":14,"key":"Ancient Potion"},{"floor":18,"key":"FearPotion"},{"floor":21,"key":"PowerPotion"},{"floor":25,"key":"Regen Potion"},{"floor":30,"key":"AttackPotion"}],"is_trial":false,"path_per_floor":["M","?","?","?","$","R","$","E","T","?","M","R","?","M","R","B",null,"M","?","$","M","M","R","$","M","T","M","E","R","M","?","R","B"],"character_chosen":"DEFECT","items_purchased":["Molten Egg 2","Runic Capacitor","Vajra"],"campfire_rested":4,"item_purchase_floors":[5,20,20],"current_hp_per_floor":[81,81,81,81,81,81,81,65,65,54,46,70,70,64,64,34,82,72,72,72,61,48,72,72,53,53,12,4,28,14,14,38,0],"gold":178,"neow_bonus":"TEN_PERCENT_HP_BONUS","is_prod":false,"is_daily":false,"chose_seed":false,"campfire_upgraded":2,"win_rate":0.0,"timestamp":1546769261,"path_taken":["M","?","?","?","$","R","$","E","T","?","?","R","?","M","R","BOSS","M","?","$","M","M","R","?","M","T","M","E","R","M","?","R","BOSS"],"build_version":"2019-01-03v4","purchased_purges":0,"victory":false,"max_hp_per_floor":[82,82,82,82,82,82,82,82,82,82,82,82,82,82,82,82,82,82,82,82,82,82,82,82,82,82,82,82,82,82,82,82,82],"card_choices":[{"not_picked":["Conserve Battery","Scrape"],"picked":"Static Discharge","floor":1},{"not_picked":["Turbo","Reprogram"],"picked":"Tempest","floor":8},{"not_picked":["Darkness","Stack"],"picked":"FTL+1","floor":11},{"not_picked":["Hologram","Doom and Gloom+1"],"picked":"Conserve Battery","floor":14},{"not_picked":["Buffer","Amplify"],"picked":"Creative AI","floor":16},{"not_picked":["Steam","Coolheaded"],"picked":"Ball Lightning+1","floor":18},{"not_picked":["Compile Driver+1","Turbo"],"picked":"Rebound+1","floor":21},{"not_picked":["Consume","Coolheaded"],"picked":"Beam Cell+1","floor":22},{"not_picked":["Compile Driver+1","Streamline+1"],"picked":"Loop","floor":25},{"not_picked":["Rebound+1","Go for the Eyes+1"],"picked":"Ball Lightning+1","floor":27},{"not_picked":["Buffer","Darkness"],"picked":"Ball Lightning+1","floor":28},{"not_picked":["Turbo","Stack"],"picked":"Leap","floor":30}],"player_experience":386566,"relics_obtained":[{"floor":8,"key":"Whetstone"},{"floor":9,"key":"Bronze Scales"},{"floor":26,"key":"PreservedInsect"},{"floor":28,"key":"Bag of Preparation"}],"event_choices":[{"damage_healed":0,"gold_gain":0,"player_choice":"Leave","damage_taken":0,"max_hp_gain":0,"max_hp_loss":0,"event_name":"The Cleric","floor":2,"gold_loss":0},{"damage_healed":0,"gold_gain":0,"player_choice":"Grow","damage_taken":0,"max_hp_gain":0,"max_hp_loss":0,"event_name":"Living Wall","floor":3,"gold_loss":0,"cards_upgraded":["Zap"]},{"damage_healed":0,"gold_gain":175,"player_choice":"AGREE","damage_taken":0,"max_hp_gain":0,"max_hp_loss":0,"event_name":"Liars Game","floor":4,"gold_loss":0,"cards_obtained":["Doubt"]},{"damage_healed":0,"gold_gain":75,"player_choice":"Gather Gold","damage_taken":11,"max_hp_gain":0,"max_hp_loss":0,"event_name":"World of Goop","floor":10,"gold_loss":0},{"damage_healed":0,"gold_gain":0,"player_choice":"Take Wound","damage_taken":0,"relics_obtained":["Golden Idol"],"max_hp_gain":0,"max_hp_loss":0,"event_name":"Golden Idol","floor":13,"gold_loss":0,"cards_obtained":["Injury"]},{"damage_healed":0,"gold_gain":100,"player_choice":"Bet on Murderer","damage_taken":0,"max_hp_gain":0,"max_hp_loss":0,"event_name":"The Joust","floor":19,"gold_loss":50},{"damage_healed":0,"gold_gain":0,"player_choice":"Copied","damage_taken":0,"max_hp_gain":0,"max_hp_loss":0,"event_name":"Duplicator","floor":31,"gold_loss":0,"cards_obtained":["Leap"]}],"is_beta":false,"boss_relics":[{"not_picked":["Calling Bell","FrozenCore"],"picked":"Cursed Key"}],"items_purged_floors":[],"is_endless":false,"potions_floor_spawned":[11,14,18,21,25,30],"killed_by":"Automaton","ascension_level":0}