{"path_per_floor":["M","$","M","M","M","R","M","?","T","R","?","R","$","?","R","B",null,"M","?","$","?","M","R","?","R","T","R","M","M","M"],"character_chosen":"IRONCLAD","items_purchased":["PowerPotion","Iron Wave","Blood Vial","Panacea"],"gold_per_floor":[115,67,86,98,110,110,127,187,187,187,187,187,163,163,163,293,293,309,309,73,73,93,93,93,93,120,120,136,146,159,159],"floor_reached":31,"campfire_rested":6,"playtime":2374,"item_purchase_floors":[2,13,20,20],"current_hp_per_floor":[75,75,71,72,52,76,75,32,32,56,80,80,80,60,80,40,80,32,32,32,32,14,38,38,62,67,80,48,55,31,0],"items_purged":[],"gold":159,"score":225,"play_id":"d8795c35-2566-4da3-ae3e-a992de39bc7f","local_time":"20180622235828","is_prod":false,"is_daily":false,"chose_seed":false,"is_ascension_mode":false,"campfire_upgraded":1,"win_rate":0.0,"timestamp":1529704708,"campfire_choices":[{"floor":6,"key":"REST"},{"floor":10,"key":"REST"},{"data":"Bash","floor":12,"key":"SMITH"},{"floor":15,"key":"REST"},{"floor":23,"key":"REST"},{"floor":25,"key":"REST"},{"floor":27,"key":"REST"}],"path_taken":["M","$","M","M","M","R","?","?","T","R","?","R","$","?","R","BOSS","M","?","$","?","M","R","?","R","T","R","M","M","?","E"],"build_version":"2018-06-21","seed_source_timestamp":51020019640350,"purchased_purges":0,"circlet_count":0,"victory":false,"master_deck":["Strike_R+1","Strike_R+1","Strike_R","Strike_R","Strike_R","Defend_R","Defend_R","Defend_R","Defend_R","Bash+1","Rampage","Twin Strike","Power Through","Whirlwind","Iron Wave","Reaper","Perfected Strike+1","Panacea","Whirlwind+1","Dual Wield","Combust","Perfected Strike"],"max_hp_per_floor":[80,80,80,80,80,80,80,80,80,80,80,80,80,80,80,80,80,80,80,80,80,80,80,80,80,80,80,80,80,80,80],"relics":["Black Blood","Bag of Preparation","Whetstone","Bloody Idol","Blood Vial","Vajra"],"card_choices":[{"not_picked":["Perfected Strike","Bloodletting"],"picked":"Rampage","floor":1},{"not_picked":["Battle Trance","Body Slam"],"picked":"Twin Strike","floor":3},{"not_picked":["Twin Strike","Pommel Strike","Anger"],"picked":"SKIP","floor":4},{"not_picked":["Armaments","Pummel"],"picked":"Power Through","floor":5},{"not_picked":["Body Slam","Perfected Strike","Uppercut"],"picked":"SKIP","floor":7},{"not_picked":["Dark Embrace","True Grit"],"picked":"Whirlwind","floor":8},{"not_picked":["Impervious","Brutality"],"picked":"Reaper","floor":16},{"not_picked":["Carnage+1","Sword Boomerang+1"],"picked":"Perfected Strike+1","floor":18},{"not_picked":["Warcry","Anger"],"picked":"Whirlwind+1","floor":22},{"not_picked":["Clash","Iron Wave"],"picked":"Dual Wield","floor":28},{"not_picked":["Twin Strike","Warcry"],"picked":"Combust","floor":29},{"not_picked":["Anger","Battle Trance"],"picked":"Perfected Strike","floor":30}],"player_experience":0,"potions_floor_usage":[5,16,16,16,31],"damage_taken":[{"damage":11,"enemies":"Cultist","floor":1,"turns":5},{"damage":10,"enemies":"Jaw Worm","floor":3,"turns":4},{"damage":5,"enemies":"Small Slimes","floor":4,"turns":3},{"damage":26,"enemies":"Exordium Thugs","floor":5,"turns":6},{"damage":7,"enemies":"3 Louse","floor":7,"turns":4},{"damage":49,"enemies":"Gremlin Nob","floor":8,"turns":6},{"damage":46,"enemies":"The Guardian","floor":16,"turns":10},{"damage":65,"enemies":"3 Byrds","floor":18,"turns":9},{"damage":30,"enemies":"Shell Parasite","floor":22,"turns":8},{"damage":55,"enemies":"Centurion and Healer","floor":28,"turns":7},{"damage":15,"enemies":"Cultist and Chosen","floor":29,"turns":6},{"damage":51,"enemies":"Chosen and Byrds","floor":30,"turns":6},{"damage":42,"enemies":"Gremlin Leader","floor":31,"turns":5}],"relics_obtained":[{"floor":8,"key":"Bag of Preparation"},{"floor":9,"key":"Whetstone"},{"floor":26,"key":"Vajra"}],"event_choices":[{"event_name":"Dead Adventurer","player_choice":"Searched \u00271\u0027 times","floor":8,"damage_taken":0},{"event_name":"Big Fish","player_choice":"Banana","floor":11,"damage_taken":0},{"event_name":"Golden Idol","player_choice":"Take Damage","floor":14,"damage_taken":0},{"event_name":"Ghosts","player_choice":"Ignored","floor":19,"damage_taken":0},{"event_name":"Beggar","player_choice":"Ignored","floor":21,"damage_taken":0},{"event_name":"Forgotten Altar","player_choice":"Gave Idol","floor":24,"damage_taken":0}],"boss_relics":[{"not_picked":["Snecko Eye","Ectoplasm"],"picked":"Black Blood"}],"items_purged_floors":[],"is_endless":false,"potions_floor_spawned":[3,4,5,8,28,29],"seed_played":"-7589918519994440371","killed_by":"Gremlin Leader","ascension_level":0,"potions_obtained":[{"floor":3,"key":"FearPotion"},{"floor":4,"key":"Dexterity Potion"},{"floor":5,"key":"Block Potion"},{"floor":8,"key":"SteroidPotion"},{"floor":28,"key":"Block Potion"},{"floor":29,"key":"Strength Potion"}],"is_trial":false}