{"gold_per_floor":[111,36,36,50,69,69,99,99,172,172,237,248,280,280,280,380,380,396,396,396,396,412,412,447,447,447,394,406,416,445,464,464,561,561,577,577,587,604,604,604,453,469,551,561,407,417,417,417,417,417],"floor_reached":51,"playtime":3174,"items_purged":["Strike_R"],"score":695,"play_id":"fc66311b-4a06-4a93-96d7-62445a949eb6","local_time":"20190125170942","is_ascension_mode":false,"campfire_choices":[{"data":"Cleave","floor":6.0,"key":"SMITH"},{"floor":8.0,"key":"REST"},{"data":"Iron Wave","floor":10.0,"key":"SMITH"},{"floor":15.0,"key":"REST"},{"data":"Body Slam","floor":23.0,"key":"SMITH"},{"floor":25.0,"key":"REST"},{"floor":32.0,"key":"REST"},{"floor":40.0,"key":"REST"},{"floor":47,"key":"REST"},{"floor":49,"key":"REST"}],"neow_cost":"NONE","seed_source_timestamp":0,"circlet_count":0,"master_deck":["Strike_R+1","Strike_R+1","Strike_R+1","Defend_R+1","Defend_R+1","Defend_R+1","Defend_R+1","Bash","Brutality","Cleave+1","Flame Barrier","Double Tap","Iron Wave+1","Body Slam+1","Pommel Strike","Spot Weakness+1","Impervious","Headbutt","Carnage","Shrug It Off+1","Barricade","Heavy Blade+1","Shrug It Off+1","Metallicize"],"special_seed":0,"relics":["Burning Blood","Smiling Mask","Bottled Tornado","Potion Belt","Omamori","Cursed Key","Oddly Smooth Stone","WingedGreaves","Red Skull","Velvet Choker","Lantern","Ornamental Fan","War Paint"],"potions_floor_usage":[46,50,50,50],"damage_taken":[{"damage":7.0,"enemies":"2 Louse","floor":1.0,"turns":3.0},{"damage":2.0,"enemies":"Small Slimes","floor":4.0,"turns":4.0},{"damage":0.0,"enemies":"Jaw Worm","floor":5.0,"turns":5.0},{"damage":49.0,"enemies":"Lagavulin","floor":7.0,"turns":7.0},{"damage":47.0,"enemies":"Lagavulin Event","floor":11.0,"turns":8.0},{"damage":0.0,"enemies":"2 Fungi Beasts","floor":12.0,"turns":3.0},{"damage":14.0,"enemies":"3 Sentries","floor":13.0,"turns":8.0},{"damage":37.0,"enemies":"Hexaghost","floor":16.0,"turns":12.0},{"damage":7.0,"enemies":"Shell Parasite","floor":18.0,"turns":6.0},{"damage":0.0,"enemies":"3 Byrds","floor":22.0,"turns":3.0},{"damage":44.0,"enemies":"Slavers","floor":24.0,"turns":7.0},{"damage":5.0,"enemies":"Centurion and Healer","floor":28.0,"turns":6.0},{"damage":24.0,"enemies":"Snake Plant","floor":29.0,"turns":5.0},{"damage":15.0,"enemies":"Book of Stabbing","floor":30.0,"turns":5.0},{"damage":16.0,"enemies":"Shelled Parasite and Fungi","floor":31.0,"turns":4.0},{"damage":51.0,"enemies":"Automaton","floor":33.0,"turns":11.0},{"damage":25.0,"enemies":"3 Darklings","floor":35.0,"turns":7.0},{"damage":28.0,"enemies":"Orb Walker","floor":37.0,"turns":4.0},{"damage":0.0,"enemies":"4 Shapes","floor":38.0,"turns":6.0},{"damage":15.0,"enemies":"Sphere and 2 Shapes","floor":42.0,"turns":5.0},{"damage":37.0,"enemies":"Spire Growth","floor":44.0,"turns":6.0},{"damage":0,"enemies":"Writhing Mass","floor":46,"turns":6},{"damage":68,"enemies":"Awakened One","floor":50,"turns":13}],"seed_played":"-8929212769386726296","potions_obtained":[{"floor":4.0,"key":"GamblersBrew"},{"floor":7.0,"key":"FearPotion"},{"floor":11.0,"key":"SteroidPotion"},{"floor":13.0,"key":"Dexterity Potion"},{"floor":16.0,"key":"LiquidBronze"},{"floor":18.0,"key":"PowerPotion"},{"floor":22.0,"key":"SkillPotion"},{"floor":29.0,"key":"PowerPotion"},{"floor":33.0,"key":"PowerPotion"},{"floor":37.0,"key":"Dexterity Potion"},{"floor":38.0,"key":"GamblersBrew"},{"floor":42.0,"key":"SpeedPotion"}],"is_trial":false,"path_per_floor":["M","$","?","M","M","R","E","R","T","R","?","M","E","?","R","B",null,"M","?","$","?","M","R","E","R","T","$","M","M","E","M","R","B",null,"M","?","M","M","$","R","$","M","T","M","$","M","R","?","R","B",null],"character_chosen":"IRONCLAD","items_purchased":["Headbutt","Lantern","War Paint"],"campfire_rested":7,"item_purchase_floors":[27,41,45],"current_hp_per_floor":[79,79,84,85,85,85,42,67,67,67,26,32,24,24,49,18,85,84,84,84,84,85,85,47,72,72,72,73,55,46,36,61,16,85,66,66,44,50,50,75,75,66,66,35,35,41,66,66,85,23],"gold":417,"neow_bonus":"ONE_RANDOM_RARE_CARD","is_prod":false,"is_daily":false,"chose_seed":false,"campfire_upgraded":3,"win_rate":0,"timestamp":1548457782,"path_taken":["M","$","?","M","M","R","E","R","T","R","?","M","E","?","R","BOSS","M","?","$","?","M","R","E","R","T","$","M","M","E","?","R","BOSS","M","?","M","M","$","R","?","M","T","M","$","M","R","?","R","BOSS"],"build_version":"2019-01-23","purchased_purges":1,"victory":true,"max_hp_per_floor":[80,80,85,85,85,85,85,85,85,85,85,85,85,85,85,85,85,85,85,85,85,85,85,85,85,85,85,85,85,85,85,85,85,85,85,85,85,85,85,85,85,85,85,85,85,85,85,85,85,85],"card_choices":[{"not_picked":["Perfected Strike","Anger"],"picked":"Cleave","floor":1.0},{"not_picked":["Burning Pact","Intimidate"],"picked":"Flame Barrier","floor":4.0},{"not_picked":["Dual Wield","Cleave"],"picked":"Double Tap","floor":5.0},{"not_picked":["Second Wind","Perfected Strike"],"picked":"Iron Wave","floor":7.0},{"not_picked":["Second Wind","Fire Breathing"],"picked":"Body Slam","floor":11.0},{"not_picked":["Rage","Cleave"],"picked":"Pommel Strike","floor":12.0},{"not_picked":["Anger","Juggernaut","Body Slam"],"picked":"SKIP","floor":13.0},{"not_picked":["Reaper","Double Tap"],"picked":"Impervious","floor":16.0},{"not_picked":["Rage+1","True Grit","Warcry"],"picked":"SKIP","floor":18.0},{"not_picked":["Uppercut","Havoc","Armaments"],"picked":"SKIP","floor":22.0},{"not_picked":["Second Wind+1","Infernal Blade","Rampage"],"picked":"SKIP","floor":24.0},{"not_picked":["Uppercut","Perfected Strike"],"picked":"Carnage","floor":28.0},{"not_picked":["Pommel Strike","Iron Wave+1","Warcry+1"],"picked":"SKIP","floor":29.0},{"not_picked":["Flame Barrier","Perfected Strike"],"picked":"Shrug It Off","floor":30.0},{"not_picked":["Rage","Armaments+1","Headbutt"],"picked":"SKIP","floor":31.0},{"not_picked":["Double Tap","Limit Break"],"picked":"Barricade","floor":33.0},{"not_picked":["Thunderclap","Armaments"],"picked":"Heavy Blade+1","floor":35.0},{"not_picked":["Clash+1","Twin Strike","Clothesline+1"],"picked":"SKIP","floor":37.0},{"not_picked":["Twin Strike","Anger","Blood for Blood"],"picked":"SKIP","floor":38.0},{"not_picked":["Rage","Wild Strike+1","Armaments"],"picked":"SKIP","floor":42.0},{"not_picked":["Twin Strike+1","Second Wind+1"],"picked":"Shrug It Off+1","floor":44.0},{"not_picked":["Havoc","Cleave"],"picked":"Metallicize","floor":46}],"player_experience":309574,"relics_obtained":[{"floor":7.0,"key":"Smiling Mask"},{"floor":9.0,"key":"Bottled Tornado"},{"floor":11.0,"key":"Potion Belt"},{"floor":13.0,"key":"Omamori"},{"floor":24.0,"key":"Oddly Smooth Stone"},{"floor":26.0,"key":"WingedGreaves"},{"floor":30.0,"key":"Red Skull"},{"floor":43.0,"key":"Ornamental Fan"}],"event_choices":[{"damage_healed":0.0,"max_hp_gain":5.0,"max_hp_loss":0.0,"gold_gain":0.0,"event_name":"Big Fish","player_choice":"Donut","floor":3.0,"gold_loss":0.0,"damage_taken":0.0},{"damage_healed":0.0,"max_hp_gain":0.0,"max_hp_loss":0.0,"gold_gain":0.0,"event_name":"Dead Adventurer","player_choice":"Searched \u00272\u0027 times","floor":11.0,"gold_loss":0.0,"damage_taken":0.0},{"damage_healed":0.0,"max_hp_gain":0.0,"max_hp_loss":0.0,"gold_gain":0.0,"cards_transformed":["Strike_R"],"event_name":"Living Wall","player_choice":"Change","floor":14.0,"gold_loss":0.0,"damage_taken":0.0,"cards_obtained":["Spot Weakness"]},{"damage_healed":0.0,"max_hp_gain":0.0,"max_hp_loss":0.0,"gold_gain":0.0,"event_name":"Back to Basics","player_choice":"Simplicity","floor":19.0,"gold_loss":0.0,"damage_taken":0.0,"cards_upgraded":["Strike_R","Strike_R","Strike_R","Defend_R","Defend_R","Defend_R","Defend_R"]},{"damage_healed":0.0,"max_hp_gain":0.0,"max_hp_loss":0.0,"gold_gain":0.0,"event_name":"NoteForYourself","player_choice":"Ignored","floor":21.0,"gold_loss":0.0,"damage_taken":0.0},{"damage_healed":0.0,"max_hp_gain":0.0,"max_hp_loss":0.0,"gold_gain":0.0,"event_name":"Tomb of Lord Red Mask","player_choice":"Ignored","floor":36.0,"gold_loss":0.0,"damage_taken":0.0},{"damage_healed":0,"gold_gain":0,"player_choice":"Ignored","damage_taken":0,"max_hp_gain":0,"max_hp_loss":0,"event_name":"Mysterious Sphere","floor":48,"gold_loss":0}],"is_beta":false,"boss_relics":[{"not_picked":["White Beast Statue","Mark of Pain"],"picked":"Cursed Key"},{"not_picked":["Busted Crown","Astrolabe"],"picked":"Velvet Choker"}],"items_purged_floors":[2],"is_endless":false,"potions_floor_spawned":[4,7,11,13,16,18,22,29,33,37,38,42,44],"ascension_level":0}