{"gold_per_floor":[113,32,46,46,62,62,86,97,97,116,116,116,66,66,66,161,161,180,190,45,63,63],"floor_reached":22,"playtime":838,"items_purged":["Strike_B"],"score":176,"play_id":"6c567e82-6672-4680-ba74-d50349985c2a","local_time":"20181220182822","is_ascension_mode":false,"campfire_choices":[{"floor":6,"key":"REST"},{"data":"Defragment","floor":12,"key":"SMITH"},{"data":"Zap","floor":15,"key":"SMITH"}],"neow_cost":"NONE","seed_source_timestamp":544944238738483,"circlet_count":0,"master_deck":["Strike_B","Strike_B","Defend_B","Defend_B","Defend_B","Defend_B","Zap+1","Dualcast","Cold Snap","Defragment+1","Static Discharge","White Noise","Auto Shields","Capacitor","Thunder Strike","Storm","FTL+1","Consume","Self Repair"],"relics":["Cracked Core","Art of War","Bronze Scales","Odd Mushroom","Letter Opener","Eternal Feather"],"potions_floor_usage":[7,22,22],"damage_taken":[{"damage":5,"enemies":"Cultist","floor":1,"turns":4},{"damage":7,"enemies":"2 Louse","floor":3,"turns":2},{"damage":3,"enemies":"Small Slimes","floor":5,"turns":3},{"damage":1,"enemies":"The Mushroom Lair","floor":7,"turns":2},{"damage":11,"enemies":"2 Fungi Beasts","floor":8,"turns":3},{"damage":5,"enemies":"Looter","floor":10,"turns":3},{"damage":15,"enemies":"Hexaghost","floor":16,"turns":7},{"damage":26,"enemies":"2 Thieves","floor":18,"turns":4},{"damage":13,"enemies":"3 Byrds","floor":19,"turns":4},{"damage":13,"enemies":"Centurion and Healer","floor":21,"turns":8},{"damage":26,"enemies":"Snake Plant","floor":22,"turns":3}],"seed_played":"7856067583348176413","potions_obtained":[{"floor":3,"key":"FocusPotion"},{"floor":5,"key":"SpeedPotion"},{"floor":8,"key":"Dexterity Potion"},{"floor":19,"key":"SteroidPotion"},{"floor":21,"key":"AttackPotion"}],"is_trial":false,"path_per_floor":["M","$","M","?","M","R","?","M","T","M","?","R","?","$","R","B",null,"M","M","$","M","M"],"character_chosen":"DEFECT","items_purchased":["Defragment","Consume"],"campfire_rested":1,"item_purchase_floors":[2,20],"current_hp_per_floor":[70,70,63,30,27,49,48,37,37,32,57,57,57,57,57,42,75,49,36,36,23,0],"gold":63,"neow_bonus":"RANDOM_COMMON_RELIC","is_prod":false,"is_daily":false,"chose_seed":false,"campfire_upgraded":2,"win_rate":0,"timestamp":1545326902,"path_taken":["M","$","?","?","M","R","?","M","T","M","?","R","?","?","R","BOSS","M","?","$","M","M"],"build_version":"2018-12-13","purchased_purges":1,"victory":false,"max_hp_per_floor":[75,75,75,75,75,75,75,75,75,75,75,75,75,75,75,75,75,75,75,75,75,75],"card_choices":[{"not_picked":["Coolheaded","Beam Cell"],"picked":"Cold Snap","floor":1},{"not_picked":["Redo","Sweeping Beam"],"picked":"Static Discharge","floor":3},{"not_picked":["Cold Snap","Core Surge"],"picked":"White Noise","floor":5},{"not_picked":["Rebound","Coolheaded"],"picked":"Auto Shields","floor":8},{"not_picked":["Coolheaded","Cold Snap"],"picked":"Capacitor","floor":10},{"not_picked":["Machine Learning","Hyperbeam"],"picked":"Thunder Strike","floor":16},{"not_picked":["Sunder","Steam"],"picked":"Storm","floor":18},{"not_picked":["Sunder","White Noise"],"picked":"FTL+1","floor":19},{"not_picked":["Steam+1","Cold Snap"],"picked":"Self Repair","floor":21}],"player_experience":203552,"relics_obtained":[{"floor":7,"key":"Odd Mushroom"},{"floor":9,"key":"Letter Opener"}],"event_choices":[{"damage_healed":0,"gold_gain":0,"player_choice":"Success","damage_taken":33,"relics_obtained":["Bronze Scales"],"max_hp_gain":0,"max_hp_loss":0,"event_name":"Scrap Ooze","floor":4,"gold_loss":0},{"damage_healed":0,"gold_gain":0,"player_choice":"Fought Mushrooms","damage_taken":0,"max_hp_gain":0,"max_hp_loss":0,"event_name":"Mushrooms","floor":7,"gold_loss":0},{"damage_healed":25,"gold_gain":0,"player_choice":"Banana","damage_taken":0,"max_hp_gain":0,"max_hp_loss":0,"event_name":"Big Fish","floor":11,"gold_loss":0},{"cards_removed":["Strike_B"],"damage_healed":0,"gold_gain":0,"player_choice":"Card Removal","damage_taken":0,"max_hp_gain":0,"max_hp_loss":0,"event_name":"The Cleric","floor":13,"gold_loss":50}],"is_beta":false,"boss_relics":[{"not_picked":["White Beast Statue","Busted Crown"],"picked":"Eternal Feather"}],"items_purged_floors":[20],"is_endless":false,"potions_floor_spawned":[3,5,8,19,21],"killed_by":"Snake Plant","ascension_level":0}