{"gold_per_floor":[114,189,189,206,226,259,259,259,286,301,301,321,352,367,367,498,498,523,538,37,37,37,57,57,75,75,116,31,64,79,22,22,22],"floor_reached":33,"playtime":3138,"items_purged":["Strike_R"],"score":347,"play_id":"bffa4bf5-404d-4426-98fc-4085303d96c6","local_time":"20190128202400","is_ascension_mode":false,"campfire_choices":[{"floor":11,"key":"REST"},{"floor":15,"key":"REST"},{"floor":24,"key":"REST"},{"floor":32,"key":"REST"}],"neow_cost":"NONE","seed_source_timestamp":68197111033440,"circlet_count":0,"master_deck":["Strike_R+1","Strike_R+1","Strike_R+1","Strike_R+1","Defend_R+1","Defend_R+1","Defend_R+1","Defend_R+1","Bash","Flex+1","Twin Strike","Power Through","Double Tap","Feel No Pain","Pummel","Pummel","Inflame","Twin Strike","Pummel","Reaper","Pommel Strike","Twin Strike","Clash","Headbutt","Flame Barrier","Warcry+1","Immolate","Flex","Finesse","Intimidate","Shrug It Off","Corruption","Armaments","Pommel Strike+1","Twin Strike+1","Feel No Pain+1","Clothesline+1","Disarm","Warcry"],"relics":["Burning Blood","NeowsBlessing","Dream Catcher","Golden Idol","Lantern","Juzu Bracelet","Orrery","Toolbox","Self Forming Clay","The Courier","Sundial"],"potions_floor_usage":[6,6,16,19,25,27,27,33],"damage_taken":[{"damage":0,"enemies":"Small Slimes","floor":1,"turns":1},{"damage":0,"enemies":"Cultist","floor":4,"turns":1},{"damage":0,"enemies":"Jaw Worm","floor":5,"turns":1},{"damage":14,"enemies":"Gremlin Nob","floor":6,"turns":3},{"damage":7,"enemies":"Exordium Thugs","floor":10,"turns":4},{"damage":0,"enemies":"Large Slime","floor":12,"turns":3},{"damage":21,"enemies":"3 Sentries","floor":13,"turns":7},{"damage":4,"enemies":"Gremlin Gang","floor":14,"turns":5},{"damage":16,"enemies":"Slime Boss","floor":16,"turns":8},{"damage":16,"enemies":"3 Byrds","floor":18,"turns":6},{"damage":12,"enemies":"Shell Parasite","floor":19,"turns":5},{"damage":18,"enemies":"Shelled Parasite and Fungi","floor":23,"turns":3},{"damage":24,"enemies":"Snecko","floor":25,"turns":4},{"damage":50,"enemies":"Slavers","floor":27,"turns":6},{"damage":30,"enemies":"Book of Stabbing","floor":29,"turns":7},{"damage":18,"enemies":"Centurion and Healer","floor":30,"turns":6},{"damage":47,"enemies":"Collector","floor":33,"turns":10}],"seed_played":"-2896135977647053163","potions_obtained":[{"floor":4,"key":"AttackPotion"},{"floor":5,"key":"PowerPotion"},{"floor":12,"key":"Ancient Potion"},{"floor":13,"key":"BloodPotion"},{"floor":14,"key":"Poison Potion"},{"floor":18,"key":"Energy Potion"},{"floor":23,"key":"AttackPotion"},{"floor":30,"key":"FearPotion"}],"is_trial":false,"path_per_floor":["M","?","?","M","M","E","?","?","T","M","R","M","E","M","R","B",null,"M","M","$","?","?","M","R","M","T","E","?","E","M","$","R","B"],"character_chosen":"IRONCLAD","items_purchased":["Toolbox","Flex","Finesse","Intimidate","Disarm"],"campfire_rested":4,"item_purchase_floors":[20,20,20,20,31],"current_hp_per_floor":[80,69,69,75,80,72,56,36,36,35,59,65,50,52,76,66,80,73,71,71,71,71,59,80,66,66,47,47,23,11,11,35,0],"gold":22,"neow_bonus":"THREE_ENEMY_KILL","is_prod":false,"is_daily":false,"chose_seed":false,"campfire_upgraded":0,"win_rate":0,"timestamp":1548725040,"path_taken":["M","?","?","M","?","E","?","?","T","M","R","M","E","M","R","BOSS","M","M","$","?","?","M","R","M","T","E","?","E","M","?","R","BOSS"],"build_version":"2019-01-23","purchased_purges":1,"victory":false,"max_hp_per_floor":[80,80,80,80,80,80,80,80,80,80,80,80,80,80,80,80,80,80,80,80,80,80,80,80,80,80,80,80,80,80,80,80,80],"card_choices":[{"not_picked":["Cleave","Infernal Blade"],"picked":"Flex","floor":1},{"not_picked":["Wild Strike","Berserk"],"picked":"Twin Strike","floor":4},{"not_picked":["Iron Wave","Body Slam"],"picked":"Power Through","floor":5},{"not_picked":["Iron Wave","Perfected Strike"],"picked":"Double Tap","floor":6},{"not_picked":["Wild Strike","Second Wind"],"picked":"Feel No Pain","floor":10},{"not_picked":["Iron Wave","Heavy Blade"],"picked":"Pummel","floor":11},{"not_picked":["Twin Strike","Body Slam"],"picked":"Pummel","floor":12},{"not_picked":["Second Wind","Infernal Blade"],"picked":"Inflame","floor":13},{"not_picked":["Shockwave","Perfected Strike"],"picked":"Twin Strike","floor":14},{"not_picked":["True Grit","Pommel Strike"],"picked":"Pummel","floor":15},{"not_picked":["Double Tap","Brutality"],"picked":"Reaper","floor":16},{"not_picked":["Entrench","Iron Wave"],"picked":"Pommel Strike","floor":17},{"not_picked":["Anger","Perfected Strike"],"picked":"Twin Strike","floor":17},{"not_picked":["Carnage","Wild Strike"],"picked":"Clash","floor":17},{"not_picked":["Metallicize","Shockwave"],"picked":"Headbutt","floor":17},{"not_picked":["Iron Wave","Intimidate"],"picked":"Flame Barrier","floor":17},{"not_picked":["True Grit+1","Pommel Strike"],"picked":"Warcry+1","floor":18},{"not_picked":["Dropkick+1","Cleave"],"picked":"Immolate","floor":19},{"not_picked":["Iron Wave","Whirlwind"],"picked":"Corruption","floor":23},{"not_picked":["Body Slam","Hemokinesis"],"picked":"Armaments","floor":24},{"not_picked":["Heavy Blade+1","Body Slam"],"picked":"Pommel Strike+1","floor":25},{"not_picked":["Carnage","Dropkick"],"picked":"Twin Strike+1","floor":27},{"not_picked":["Armaments+1","Headbutt"],"picked":"Feel No Pain+1","floor":29},{"not_picked":["Second Wind","Heavy Blade+1"],"picked":"Clothesline+1","floor":30},{"not_picked":["Second Wind","Uppercut"],"picked":"Warcry","floor":32}],"player_experience":69510,"relics_obtained":[{"floor":6,"key":"Dream Catcher"},{"floor":9,"key":"Lantern"},{"floor":13,"key":"Juzu Bracelet"},{"floor":27,"key":"Self Forming Clay"},{"floor":29,"key":"Sundial"}],"event_choices":[{"damage_healed":0,"gold_gain":75,"player_choice":"Gather Gold","damage_taken":11,"max_hp_gain":0,"max_hp_loss":0,"event_name":"World of Goop","floor":2,"gold_loss":0},{"damage_healed":0,"gold_gain":0,"player_choice":"Forge","damage_taken":0,"max_hp_gain":0,"max_hp_loss":0,"event_name":"Accursed Blacksmith","floor":3,"gold_loss":0,"cards_upgraded":["Flex"]},{"damage_healed":0,"gold_gain":0,"player_choice":"Entered Light","damage_taken":16,"max_hp_gain":0,"max_hp_loss":0,"event_name":"Shining Light","floor":7,"gold_loss":0,"cards_upgraded":["Strike_R","Defend_R"]},{"damage_healed":0,"gold_gain":0,"player_choice":"Take Damage","damage_taken":20,"relics_obtained":["Golden Idol"],"max_hp_gain":0,"max_hp_loss":0,"event_name":"Golden Idol","floor":8,"gold_loss":0},{"damage_healed":0,"gold_gain":0,"player_choice":"Read","damage_taken":0,"max_hp_gain":0,"max_hp_loss":0,"event_name":"The Library","floor":21,"gold_loss":0,"cards_obtained":["Shrug It Off"]},{"damage_healed":0,"gold_gain":0,"player_choice":"Simplicity","damage_taken":0,"max_hp_gain":0,"max_hp_loss":0,"event_name":"Back to Basics","floor":22,"gold_loss":0,"cards_upgraded":["Strike_R","Strike_R","Strike_R","Defend_R","Defend_R","Defend_R"]},{"damage_healed":0,"gold_gain":0,"player_choice":"Obtained Relic","damage_taken":0,"relics_obtained":["The Courier"],"max_hp_gain":0,"max_hp_loss":0,"event_name":"Addict","floor":28,"gold_loss":85}],"is_beta":false,"boss_relics":[{"not_picked":["Ectoplasm","Empty Cage"],"picked":"Orrery"}],"items_purged_floors":[20],"is_endless":false,"potions_floor_spawned":[4,5,12,13,14,18,23,30],"killed_by":"Collector","ascension_level":0}