{"gold_per_floor":[111,123,123,142,155,181,181,211,237,237],"floor_reached":10,"playtime":572,"items_purged":[],"score":78,"play_id":"2e9d567d-2f5f-4563-9027-5bcce796f742","local_time":"20190105001840","is_ascension_mode":false,"campfire_choices":[{"data":"Madness","floor":7,"key":"SMITH"}],"neow_cost":"TEN_PERCENT_HP_LOSS","seed_source_timestamp":615577035689521,"circlet_count":0,"master_deck":["Strike_B","Strike_B","Strike_B","Strike_B","Defend_B","Defend_B","Defend_B","Defend_B","Zap","Dualcast","Trip","Madness+1","Gash","Coolheaded","Conserve Battery","Turbo","Gash","All For One"],"relics":["Cracked Core","Centennial Puzzle","Oddly Smooth Stone","Blood Vial"],"potions_floor_usage":[6],"damage_taken":[{"damage":1,"enemies":"Jaw Worm","floor":1,"turns":3},{"damage":0,"enemies":"Cultist","floor":2,"turns":3},{"damage":5,"enemies":"2 Louse","floor":4,"turns":3},{"damage":6,"enemies":"Red Slaver","floor":5,"turns":4},{"damage":31,"enemies":"Gremlin Nob","floor":6,"turns":4},{"damage":18,"enemies":"3 Sentries","floor":8,"turns":9},{"damage":27,"enemies":"Gremlin Gang","floor":10,"turns":3}],"seed_played":"7148204727507082162","potions_obtained":[{"floor":1,"key":"AttackPotion"},{"floor":5,"key":"Swift Potion"},{"floor":6,"key":"Dexterity Potion"},{"floor":8,"key":"SteroidPotion"}],"is_trial":false,"path_per_floor":["M","M","?","M","M","E","R","E","T","M"],"character_chosen":"DEFECT","items_purchased":[],"campfire_rested":0,"item_purchase_floors":[],"current_hp_per_floor":[67,67,67,62,56,25,25,7,7,0],"gold":237,"neow_bonus":"RANDOM_COLORLESS_2","is_prod":false,"is_daily":false,"chose_seed":false,"campfire_upgraded":1,"win_rate":0,"timestamp":1546665520,"path_taken":["M","M","?","M","M","E","R","E","T","?"],"build_version":"2019-01-03v4","purchased_purges":0,"victory":false,"max_hp_per_floor":[68,68,68,68,68,68,68,68,68,68],"card_choices":[{"not_picked":["Stack","Storm"],"picked":"Gash","floor":1},{"not_picked":["Chill","Chaos"],"picked":"Coolheaded","floor":2},{"not_picked":["Streamline","Rebound"],"picked":"Conserve Battery","floor":4},{"not_picked":["Coolheaded","Skim"],"picked":"Turbo","floor":5},{"not_picked":["Double Energy","Hologram"],"picked":"Gash","floor":6},{"not_picked":["Skim","Compile Driver"],"picked":"All For One","floor":8}],"player_experience":19797,"relics_obtained":[{"floor":6,"key":"Centennial Puzzle"},{"floor":8,"key":"Oddly Smooth Stone"},{"floor":9,"key":"Blood Vial"}],"event_choices":[{"damage_healed":0,"gold_gain":0,"player_choice":"0 cards matched","damage_taken":0,"max_hp_gain":0,"max_hp_loss":0,"event_name":"Match and Keep!","floor":3,"gold_loss":0,"cards_obtained":[]}],"is_beta":false,"boss_relics":[],"items_purged_floors":[],"is_endless":false,"potions_floor_spawned":[1,5,6,8],"killed_by":"Gremlin Gang","ascension_level":0}