{"gold_per_floor":[112,124,124,124,49,82,97,148,148,148,175,175,196,211,211,337,337,351,251,274,288,308,341,356,356,356,356,375,390,390,425,425,551,551,574,594,594,594,319,357,380,396,396,440,459,15,15,15,15,15,15,15,15,50,50],"floor_reached":55,"playtime":3847,"items_purged":["Zap","Strike_B","Strike_B","Strike_B"],"score":809,"play_id":"5818aaec-01d5-44a4-a6ae-99f2154d8db3","local_time":"20181231143806","is_ascension_mode":false,"campfire_choices":[{"data":"Conserve Battery","floor":10,"key":"SMITH"},{"data":"Coolheaded","floor":15,"key":"SMITH"},{"data":"Sweeping Beam","floor":25,"key":"SMITH"},{"data":"Gash","floor":27,"key":"SMITH"},{"data":"Coolheaded","floor":32,"key":"SMITH"},{"data":"Beam Cell","floor":47,"key":"SMITH"},{"floor":49,"key":"RECALL"},{"data":"Dualcast","floor":52,"key":"SMITH"}],"neow_cost":"NONE","seed_source_timestamp":832248229589456,"circlet_count":0,"master_deck":["Strike_B+1","Defend_B","Defend_B","Dualcast+1","Coolheaded+1","Conserve Battery+1","Gash+1","Gash","Gash+1","Gash","Sweeping Beam+1","Coolheaded+1","Gash","Beam Cell+1","Coolheaded+1","Gash+1"],"relics":["Cracked Core","NeowsBlessing","Orichalcum","Bag of Marbles","Bronze Scales","Strawberry","Lantern","Golden Idol","Black Star","Meat on the Bone","Vajra","The Courier","Pear","Bottled Lightning","Philosopher\u0027s Stone","Whetstone","Happy Flower","Centennial Puzzle","Bag of Preparation","Incense Burner","Lee\u0027s Waffle","DataDisk","Du-Vu Doll","Anchor"],"potions_floor_usage":[13,16,22,23,33,44,50,50,55],"damage_taken":[{"damage":0,"enemies":"Cultist","floor":1,"turns":1},{"damage":0,"enemies":"2 Louse","floor":2,"turns":1},{"damage":0,"enemies":"Gremlin Nob","floor":6,"turns":1},{"damage":0,"enemies":"Jaw Worm","floor":7,"turns":3},{"damage":16,"enemies":"Lagavulin","floor":11,"turns":11},{"damage":0,"enemies":"Exordium Wildlife","floor":13,"turns":2},{"damage":0,"enemies":"Blue Slaver","floor":14,"turns":2},{"damage":11,"enemies":"The Guardian","floor":16,"turns":11},{"damage":11,"enemies":"Spheric Guardian","floor":18,"turns":4},{"damage":5,"enemies":"Shell Parasite","floor":20,"turns":5},{"damage":0,"enemies":"Shelled Parasite and Fungi","floor":21,"turns":5},{"damage":5,"enemies":"3 Cultists","floor":22,"turns":6},{"damage":12,"enemies":"Gremlin Leader","floor":23,"turns":7},{"damage":9,"enemies":"Cultist and Chosen","floor":24,"turns":5},{"damage":0,"enemies":"Centurion and Healer","floor":28,"turns":5},{"damage":18,"enemies":"Snecko","floor":29,"turns":5},{"damage":9,"enemies":"Book of Stabbing","floor":31,"turns":5},{"damage":52,"enemies":"Collector","floor":33,"turns":9},{"damage":4,"enemies":"3 Shapes","floor":35,"turns":4},{"damage":3,"enemies":"Orb Walker","floor":36,"turns":2},{"damage":23,"enemies":"Giant Head","floor":40,"turns":6},{"damage":1,"enemies":"4 Shapes","floor":41,"turns":4},{"damage":0,"enemies":"Sphere and 2 Shapes","floor":42,"turns":3},{"damage":33,"enemies":"Nemesis","floor":44,"turns":5},{"damage":11,"enemies":"Spire Growth","floor":45,"turns":3},{"damage":9,"enemies":"Awakened One","floor":50,"turns":5},{"damage":5,"enemies":"Shield and Spear","floor":54,"turns":3},{"damage":84,"enemies":"The Heart","floor":55,"turns":5}],"seed_played":"-7653751121763053180","potions_obtained":[{"floor":2,"key":"Block Potion"},{"floor":6,"key":"Explosive Potion"},{"floor":13,"key":"AttackPotion"},{"floor":14,"key":"SteroidPotion"},{"floor":20,"key":"Regen Potion"},{"floor":22,"key":"SkillPotion"},{"floor":23,"key":"EssenceOfSteel"},{"floor":42,"key":"Swift Potion"}],"is_trial":false,"path_per_floor":["M","M","?","?","$","E","M","T","T","R","E","?","M","M","R","B",null,"M","$","M","M","M","E","M","R","T","R","M","M","?","E","R","B",null,"M","M","?","?","$","E","M","M","T","E","M","$","R","?","R","B",null,"R","$","E","B"],"character_chosen":"DEFECT","items_purchased":["Gash","Beam Cell","Whetstone","Lee\u0027s Waffle","DataDisk","PowerPotion"],"campfire_rested":0,"item_purchase_floors":[39,39,39,46,46,46],"current_hp_per_floor":[75,75,75,50,50,50,50,50,57,57,41,41,41,41,41,30,76,65,65,60,60,55,43,46,46,46,46,46,40,40,53,53,28,86,82,79,79,79,79,56,55,55,55,34,35,89,89,89,89,80,89,89,89,84,0],"gold":50,"neow_bonus":"THREE_ENEMY_KILL","is_prod":false,"is_daily":false,"chose_seed":false,"campfire_upgraded":7,"win_rate":0,"timestamp":1546279686,"path_taken":["M","?","?","?","?","E","M","?","T","R","E","?","M","?","R","BOSS","M","$","M","M","M","E","M","R","T","R","M","?","?","E","R","BOSS","M","M","?","?","$","E","M","M","T","E","M","$","R","?","R","BOSS","R","$","E","BOSS"],"build_version":"2018-12-20","purchased_purges":4,"victory":false,"max_hp_per_floor":[75,75,75,75,75,75,75,75,82,82,82,76,76,76,76,76,76,76,76,76,76,76,76,76,76,76,76,76,76,76,86,86,86,86,86,86,82,82,82,82,82,82,82,82,82,89,89,89,89,89,89,89,89,89,89],"card_choices":[{"not_picked":["Stack","Rebound"],"picked":"Coolheaded","floor":1},{"not_picked":["Steam Power","Self Repair"],"picked":"Conserve Battery","floor":2},{"not_picked":["Storm","Turbo"],"picked":"Gash","floor":6},{"not_picked":["All For One","Sunder","Chaos"],"picked":"SKIP","floor":7},{"not_picked":["Melter","Stack","Undo"],"picked":"SKIP","floor":11},{"not_picked":["Beam Cell","Scrape"],"picked":"Gash","floor":13},{"not_picked":["Lockon","Undo","BootSequence"],"picked":"SKIP","floor":14},{"not_picked":["Storm","Go for the Eyes"],"picked":"Gash","floor":18},{"not_picked":["Chill","Tempest+1","Rebound"],"picked":"SKIP","floor":20},{"not_picked":["Biased Cognition","Tempest"],"picked":"Gash","floor":21},{"not_picked":["Defragment","Hologram","Steam+1"],"picked":"SKIP","floor":22},{"not_picked":["Fission","Conserve Battery"],"picked":"Sweeping Beam","floor":23},{"not_picked":["Ball Lightning","Force Field","Turbo"],"picked":"SKIP","floor":24},{"not_picked":["Streamline","Reinforced Body","Static Discharge+1"],"picked":"SKIP","floor":28},{"not_picked":["Barrage+1","Hello World","Leap"],"picked":"SKIP","floor":29},{"not_picked":["Consume+1","Recycle","Go for the Eyes"],"picked":"SKIP","floor":31},{"not_picked":["Redo+1","Genetic Algorithm+1","Sweeping Beam"],"picked":"SKIP","floor":35},{"not_picked":["Turbo+1","Double Energy+1","Defragment"],"picked":"SKIP","floor":36},{"not_picked":["Auto Shields","Steam Power"],"picked":"Coolheaded+1","floor":40},{"not_picked":["Melter","Steam Power","Redo+1"],"picked":"SKIP","floor":41},{"not_picked":["Genetic Algorithm+1","Gash","Hologram"],"picked":"SKIP","floor":42},{"not_picked":["Coolheaded","Rebound+1","Reprogram"],"picked":"SKIP","floor":44},{"not_picked":["Skim+1","Redo+1","Force Field"],"picked":"SKIP","floor":45},{"not_picked":["Amplify","Lockon+1","Rebound"],"picked":"SKIP","floor":54}],"player_experience":133141,"relics_obtained":[{"floor":6,"key":"Bag of Marbles"},{"floor":8,"key":"Bronze Scales"},{"floor":9,"key":"Strawberry"},{"floor":11,"key":"Lantern"},{"floor":23,"key":"Meat on the Bone"},{"floor":23,"key":"Vajra"},{"floor":26,"key":"The Courier"},{"floor":31,"key":"Pear"},{"floor":31,"key":"Bottled Lightning"},{"floor":40,"key":"Happy Flower"},{"floor":40,"key":"Centennial Puzzle"},{"floor":44,"key":"Bag of Preparation"},{"floor":44,"key":"Incense Burner"},{"floor":54,"key":"Du-Vu Doll"},{"floor":54,"key":"Anchor"}],"event_choices":[{"cards_removed":["Defend_B"],"damage_healed":0,"gold_gain":0,"player_choice":"Forget","damage_taken":0,"max_hp_gain":0,"max_hp_loss":0,"event_name":"Living Wall","floor":3,"gold_loss":0},{"damage_healed":0,"gold_gain":0,"player_choice":"Success","damage_taken":25,"relics_obtained":["Orichalcum"],"max_hp_gain":0,"max_hp_loss":0,"event_name":"Scrap Ooze","floor":4,"gold_loss":0},{"damage_healed":0,"gold_gain":0,"player_choice":"Lose Max HP","damage_taken":0,"relics_obtained":["Golden Idol"],"max_hp_gain":0,"max_hp_loss":6,"event_name":"Golden Idol","floor":12,"gold_loss":0},{"damage_healed":0,"gold_gain":0,"player_choice":"Read","damage_taken":0,"max_hp_gain":0,"max_hp_loss":0,"event_name":"The Library","floor":30,"gold_loss":0,"cards_obtained":["Coolheaded"]},{"damage_healed":0,"gold_gain":0,"player_choice":"Max HP","damage_taken":0,"max_hp_gain":0,"max_hp_loss":4,"event_name":"Winding Halls","floor":37,"gold_loss":0},{"cards_removed":["Defend_B"],"damage_healed":0,"gold_gain":0,"player_choice":"Removed Skill","damage_taken":0,"max_hp_gain":0,"max_hp_loss":0,"event_name":"Falling","floor":38,"gold_loss":0},{"damage_healed":0,"gold_gain":0,"player_choice":"Copied","damage_taken":0,"max_hp_gain":0,"max_hp_loss":0,"event_name":"Duplicator","floor":48,"gold_loss":0,"cards_obtained":["Gash"]}],"is_beta":false,"boss_relics":[{"not_picked":["Eternal Feather","Cursed Key"],"picked":"Black Star"},{"not_picked":["Astrolabe","Snecko Eye"],"picked":"Philosopher\u0027s Stone"}],"items_purged_floors":[5,19,39,46],"is_endless":false,"potions_floor_spawned":[2,6,13,14,20,22,23,24,28,42],"killed_by":"The Heart","ascension_level":0}