{"gold_per_floor":[214,233,158,158,158,175,190,216,270,282,282,27,39,53,53,154,154,169,179,79,97,172,172,172],"floor_reached":24,"playtime":729,"items_purged":["Defend_R","Strike_R"],"score":200,"play_id":"532bb785-6327-4f79-bdb9-b5b6aba34e98","local_time":"20190130184948","is_ascension_mode":false,"campfire_choices":[{"data":"Disarm","floor":15,"key":"SMITH"},{"floor":23,"key":"REST"}],"neow_cost":"NONE","seed_source_timestamp":79454590543550,"circlet_count":0,"master_deck":["Strike_R+1","Strike_R","Strike_R","Strike_R+1","Defend_R","Defend_R","Defend_R","Bash","Disarm+1"],"relics":["Burning Blood","Blue Candle","Pen Nib","Matryoshka","Black Star"],"potions_floor_usage":[8,16,16,18,24],"damage_taken":[{"damage":5,"enemies":"Cultist","floor":1,"turns":4},{"damage":4,"enemies":"Jaw Worm","floor":2,"turns":6},{"damage":0,"enemies":"Small Slimes","floor":6,"turns":3},{"damage":10,"enemies":"Looter","floor":7,"turns":4},{"damage":17,"enemies":"Gremlin Nob","floor":8,"turns":4},{"damage":9,"enemies":"Red Slaver","floor":10,"turns":5},{"damage":12,"enemies":"Gremlin Gang","floor":13,"turns":4},{"damage":5,"enemies":"3 Louse","floor":14,"turns":3},{"damage":51,"enemies":"The Guardian","floor":16,"turns":17},{"damage":26,"enemies":"2 Thieves","floor":18,"turns":5},{"damage":12,"enemies":"3 Byrds","floor":19,"turns":8},{"damage":19,"enemies":"Snecko","floor":21,"turns":5},{"damage":61,"enemies":"Slavers","floor":24,"turns":5}],"seed_played":"-153462526708885219","potions_obtained":[{"floor":2,"key":"Fire Potion"},{"floor":6,"key":"Poison Potion"},{"floor":10,"key":"BloodPotion"},{"floor":14,"key":"Strength Potion"},{"floor":16,"key":"SkillPotion"}],"is_trial":false,"path_per_floor":["M","M","$","?","?","M","M","E","T","M","?","$","M","M","R","B",null,"M","M","$","M","?","R","E"],"character_chosen":"IRONCLAD","items_purchased":["Matryoshka"],"campfire_rested":1,"item_purchase_floors":[12],"current_hp_per_floor":[80,80,80,85,85,85,81,70,70,67,50,50,44,45,45,8,85,65,59,59,46,38,63,2],"gold":172,"neow_bonus":"HUNDRED_GOLD","is_prod":false,"is_daily":false,"chose_seed":false,"campfire_upgraded":1,"win_rate":0,"timestamp":1548886788,"path_taken":["M","M","$","?","?","M","?","E","T","M","?","$","M","M","R","BOSS","M","M","$","M","?","R","E"],"build_version":"2019-01-23","purchased_purges":2,"victory":false,"max_hp_per_floor":[80,80,80,85,85,85,85,85,85,85,85,85,85,85,85,85,85,85,85,85,85,85,85,85],"card_choices":[{"not_picked":["Sword Boomerang","True Grit","Thunderclap"],"picked":"SKIP","floor":1},{"not_picked":["Headbutt","Cleave","Iron Wave"],"picked":"SKIP","floor":2},{"not_picked":["Warcry","Clash","Thunderclap"],"picked":"SKIP","floor":6},{"not_picked":["Intimidate","Headbutt","Armaments"],"picked":"SKIP","floor":7},{"not_picked":["Thunderclap","Inflame","Berserk"],"picked":"SKIP","floor":8},{"not_picked":["Perfected Strike","Spot Weakness","Inflame"],"picked":"SKIP","floor":10},{"not_picked":["Cleave","Corruption","Flex"],"picked":"SKIP","floor":13},{"not_picked":["Clash","Sword Boomerang"],"picked":"Disarm","floor":14},{"not_picked":["Seeing Red","Infernal Blade","Clothesline"],"picked":"SKIP","floor":18},{"not_picked":["Anger","Twin Strike","Pummel"],"picked":"SKIP","floor":19},{"not_picked":["Clothesline","Perfected Strike+1","Ghostly Armor+1"],"picked":"SKIP","floor":21}],"player_experience":273306,"relics_obtained":[{"floor":8,"key":"Blue Candle"},{"floor":9,"key":"Pen Nib"}],"event_choices":[{"damage_healed":0,"gold_gain":0,"player_choice":"Donut","damage_taken":0,"max_hp_gain":5,"max_hp_loss":0,"event_name":"Big Fish","floor":4,"gold_loss":0},{"damage_healed":0,"gold_gain":0,"player_choice":"0 cards matched","damage_taken":0,"max_hp_gain":0,"max_hp_loss":0,"event_name":"Match and Keep!","floor":5,"gold_loss":0,"cards_obtained":[]},{"damage_healed":0,"gold_gain":0,"player_choice":"Entered Light","damage_taken":17,"max_hp_gain":0,"max_hp_loss":0,"event_name":"Shining Light","floor":11,"gold_loss":0,"cards_upgraded":["Strike_R","Strike_R"]},{"damage_healed":0,"gold_gain":75,"player_choice":"Touch","damage_taken":8,"max_hp_gain":0,"max_hp_loss":0,"event_name":"FaceTrader","floor":22,"gold_loss":0}],"is_beta":false,"boss_relics":[{"not_picked":["Runic Cube","White Beast Statue"],"picked":"Black Star"}],"items_purged_floors":[3,20],"is_endless":false,"potions_floor_spawned":[2,6,10,14,16],"killed_by":"Slavers","ascension_level":0}