{"gold_per_floor":[119,131,56,75,88,88,118,131,131,162,162,39,39,56,56,56],"floor_reached":16,"playtime":832,"items_purged":["Strike_R","Strike_R"],"score":123,"play_id":"130dadd9-85d1-410d-a5dc-b943ba0dce88","local_time":"20180809151244","is_ascension_mode":true,"campfire_choices":[{"data":"Body Slam","floor":6,"key":"SMITH"},{"floor":11,"key":"REST"},{"floor":15,"key":"REST"}],"neow_cost":"NONE","seed_source_timestamp":881737980866403,"circlet_count":0,"master_deck":["Strike_R","Strike_R","Defend_R","Defend_R","Defend_R","Defend_R","Bash","Cleave","Body Slam+1","Headbutt","Entrench","Whirlwind","Offering","Shrug It Off"],"relics":["Burning Blood","Dream Catcher","Singing Bowl","Bottled Flame"],"potions_floor_usage":[],"damage_taken":[{"damage":14,"enemies":"Jaw Worm","floor":1,"turns":3},{"damage":1,"enemies":"Cultist","floor":2,"turns":4},{"damage":2,"enemies":"Small Slimes","floor":4,"turns":4},{"damage":16,"enemies":"Looter","floor":5,"turns":5},{"damage":27,"enemies":"Gremlin Nob","floor":7,"turns":4},{"damage":12,"enemies":"3 Louse","floor":8,"turns":3},{"damage":27,"enemies":"3 Sentries","floor":10,"turns":5},{"damage":1,"enemies":"Large Slime","floor":14,"turns":6},{"damage":83,"enemies":"Hexaghost","floor":16,"turns":9}],"seed_played":"2695359922168489848","potions_obtained":[{"floor":1,"key":"SpeedPotion"},{"floor":4,"key":"SpeedPotion"},{"floor":8,"key":"LiquidBronze"}],"is_trial":false,"path_per_floor":["M","M","$","M","M","R","E","M","T","E","R","$","?","M","R"],"character_chosen":"IRONCLAD","items_purchased":["Shrug It Off"],"campfire_rested":2,"item_purchase_floors":[12],"current_hp_per_floor":[72,77,77,80,70,70,49,43,43,22,48,48,48,55,82,0],"gold":56,"neow_bonus":"REMOVE_CARD","is_prod":false,"is_daily":false,"chose_seed":false,"campfire_upgraded":1,"win_rate":0,"timestamp":1533798764,"path_taken":["M","M","$","M","M","R","E","M","T","E","R","$","?","M","R","BOSS"],"build_version":"2018-08-02","purchased_purges":2,"victory":false,"max_hp_per_floor":[80,80,80,80,80,80,80,80,80,80,82,82,82,84,86,86],"card_choices":[{"not_picked":["Bloodletting","Sword Boomerang"],"picked":"Cleave","floor":1},{"not_picked":["Clothesline","Anger"],"picked":"Body Slam","floor":2},{"not_picked":["Bloodletting","Blood for Blood","Uppercut"],"picked":"SKIP","floor":4},{"not_picked":["Armaments","Burning Pact"],"picked":"Headbutt","floor":5},{"not_picked":["Infernal Blade","Heavy Blade"],"picked":"Entrench","floor":7},{"not_picked":["Twin Strike","Body Slam"],"picked":"Whirlwind","floor":8},{"not_picked":["Perfected Strike","Body Slam"],"picked":"Offering","floor":10},{"not_picked":["Perfected Strike","Iron Wave","Sentinel"],"picked":"Singing Bowl","floor":11},{"not_picked":["Power Through","Whirlwind","Rupture"],"picked":"Singing Bowl","floor":14},{"not_picked":["Headbutt","Dropkick","Warcry"],"picked":"Singing Bowl","floor":15}],"player_experience":222445,"relics_obtained":[{"floor":7,"key":"Dream Catcher"},{"floor":9,"key":"Singing Bowl"},{"floor":10,"key":"Bottled Flame"}],"event_choices":[{"event_name":"Scrap Ooze","player_choice":"unsuccessful","floor":13,"damage_taken":0}],"is_beta":false,"boss_relics":[],"items_purged_floors":[3,12],"is_endless":false,"potions_floor_spawned":[1,4,8],"killed_by":"Hexaghost","ascension_level":2}