{"gold_per_floor":[118,118,131,143,153,153,165,165,165,177,177,195,120,138,138,242,242,227,227,241,86,1,1,1,1,52,52,52,52,71,71,71,71],"floor_reached":33,"playtime":755,"items_purged":["Defragment"],"score":262,"play_id":"43d8eb99-f20c-42e6-bedf-8254e8420ae1","local_time":"20190129175754","is_ascension_mode":false,"campfire_choices":[{"floor":6,"key":"REST"},{"data":"Zap","floor":8,"key":"SMITH"},{"floor":11,"key":"REST"},{"data":"Lockon","floor":15,"key":"SMITH"},{"floor":23,"key":"REST"},{"floor":25,"key":"REST"},{"floor":32,"key":"REST"}],"neow_cost":"NONE","seed_source_timestamp":687117503318612,"circlet_count":0,"master_deck":["Strike_B","Strike_B","Strike_B","Strike_B","Defend_B+1","Defend_B+1","Defend_B","Defend_B","Zap+1","Genetic Algorithm","Lockon+1","Barrage","Gash","Echo Form","Writhe","Clumsy","Decay","Capacitor","Gash","Self Repair+1","Gash","Gash"],"relics":["Cracked Core","War Paint","Calling Bell","Dream Catcher","Question Card","FossilizedHelix","Strawberry","Boot","Lantern"],"potions_floor_usage":[16,16,16,20,30],"damage_taken":[{"damage":0,"enemies":"Small Slimes","floor":1,"turns":3},{"damage":0,"enemies":"Cultist","floor":3,"turns":4},{"damage":6,"enemies":"Jaw Worm","floor":4,"turns":4},{"damage":26,"enemies":"Exordium Wildlife","floor":5,"turns":7},{"damage":2,"enemies":"Looter","floor":7,"turns":4},{"damage":8,"enemies":"Large Slime","floor":10,"turns":5},{"damage":9,"enemies":"2 Fungi Beasts","floor":12,"turns":3},{"damage":11,"enemies":"Looter","floor":14,"turns":3},{"damage":23,"enemies":"The Guardian","floor":16,"turns":7},{"damage":32,"enemies":"2 Thieves","floor":18,"turns":4},{"damage":19,"enemies":"Shell Parasite","floor":20,"turns":5},{"damage":36,"enemies":"Snecko","floor":30,"turns":6},{"damage":64,"enemies":"Collector","floor":33,"turns":3}],"seed_played":"1574829487326470037","potions_obtained":[{"floor":0,"key":"LiquidBronze"},{"floor":0,"key":"GamblersBrew"},{"floor":0,"key":"Swift Potion"},{"floor":3,"key":"Poison Potion"},{"floor":5,"key":"FocusPotion"},{"floor":14,"key":"FocusPotion"},{"floor":18,"key":"Strength Potion"},{"floor":20,"key":"GamblersBrew"}],"is_trial":false,"path_per_floor":["M","?","M","M","M","R","M","R","T","M","R","M","$","M","R","B",null,"M","?","M","$","?","R","$","R","T","?","?","$","M","?","R","B"],"character_chosen":"DEFECT","items_purchased":["Strawberry"],"campfire_rested":5,"item_purchase_floors":[21],"current_hp_per_floor":[75,75,75,69,43,65,63,63,63,55,75,66,66,55,55,32,75,43,43,24,31,31,55,55,79,79,63,63,63,37,37,63,0],"gold":71,"neow_bonus":"THREE_SMALL_POTIONS","is_prod":false,"is_daily":false,"chose_seed":false,"campfire_upgraded":2,"win_rate":0,"timestamp":1548781074,"path_taken":["M","?","?","?","M","R","?","R","T","M","R","M","$","?","R","BOSS","M","?","M","$","?","R","?","R","T","?","?","?","M","?","R","BOSS"],"build_version":"2019-01-23","purchased_purges":1,"victory":false,"max_hp_per_floor":[75,75,75,75,75,75,75,75,75,75,75,75,75,75,75,75,75,75,75,75,82,82,82,82,82,82,87,87,87,87,87,87,87],"card_choices":[{"not_picked":["Beam Cell","Compile Driver"],"picked":"Defragment","floor":1},{"not_picked":["Stack","Recycle","Storm"],"picked":"SKIP","floor":3},{"not_picked":["Barrage","Steam"],"picked":"Genetic Algorithm","floor":4},{"not_picked":["Melter","Streamline"],"picked":"Lockon","floor":5},{"not_picked":["Streamline","Beam Cell"],"picked":"Barrage","floor":7},{"not_picked":["Hello World","Rebound"],"picked":"Gash","floor":10},{"not_picked":["Rebound","Hologram","Skim"],"picked":"SKIP","floor":12},{"not_picked":["Rebound","Coolheaded","Force Field"],"picked":"SKIP","floor":14},{"not_picked":["Amplify","Buffer"],"picked":"Echo Form","floor":16},{"not_picked":["Barrage","Redo","Leap+1"],"picked":"Capacitor","floor":18},{"not_picked":["Glacier","Steam+1","Cold Snap"],"picked":"Gash","floor":20},{"not_picked":["Turbo","Gash+1","Blizzard+1"],"picked":"Self Repair+1","floor":23},{"not_picked":["Recycle","Go for the Eyes","Sunder"],"picked":"Gash","floor":25},{"not_picked":["Ball Lightning","Compile Driver+1","Hologram"],"picked":"Gash","floor":30}],"player_experience":427713,"relics_obtained":[{"floor":9,"key":"War Paint"},{"floor":17,"key":"Dream Catcher"},{"floor":17,"key":"Question Card"},{"floor":17,"key":"FossilizedHelix"},{"floor":26,"key":"Lantern"}],"event_choices":[{"cards_removed":["Dualcast"],"damage_healed":0,"gold_gain":0,"player_choice":"Offered Basic","damage_taken":0,"max_hp_gain":0,"max_hp_loss":0,"event_name":"Bonfire Elementals","floor":2,"gold_loss":0},{"damage_healed":0,"gold_gain":0,"player_choice":"Ignored","damage_taken":0,"max_hp_gain":0,"max_hp_loss":0,"event_name":"Ghosts","floor":19,"gold_loss":0},{"damage_healed":0,"gold_gain":0,"player_choice":"Obtained Relic","damage_taken":0,"relics_obtained":["Boot"],"max_hp_gain":0,"max_hp_loss":0,"event_name":"Addict","floor":22,"gold_loss":85},{"damage_healed":0,"gold_gain":0,"player_choice":"Shed Blood","damage_taken":21,"max_hp_gain":5,"max_hp_loss":0,"event_name":"Forgotten Altar","floor":27,"gold_loss":0},{"damage_healed":0,"gold_gain":0,"player_choice":"Ignored","damage_taken":0,"max_hp_gain":0,"max_hp_loss":0,"event_name":"Vampires","floor":28,"gold_loss":0},{"damage_healed":0,"gold_gain":0,"player_choice":"Ignored","damage_taken":0,"max_hp_gain":0,"max_hp_loss":0,"event_name":"Beggar","floor":31,"gold_loss":0}],"is_beta":false,"boss_relics":[{"not_picked":["Philosopher\u0027s Stone","Runic Pyramid"],"picked":"Calling Bell"}],"items_purged_floors":[13],"is_endless":false,"potions_floor_spawned":[3,4,5,10,14,18,20],"killed_by":"Collector","ascension_level":0}