{"gold_per_floor":[118,118,130,148,168,168,168,180,180,193,368,398,398,398,398,519,582,596,616,616],"floor_reached":20,"playtime":729,"items_purged":[],"score":211,"play_id":"1e85205b-edd4-48cd-817a-b6dfc5656320","local_time":"20190105054443","is_ascension_mode":true,"campfire_choices":[{"data":"Defragment","floor":6,"key":"SMITH"},{"data":"Loop","floor":15,"key":"SMITH"}],"neow_cost":"NONE","seed_source_timestamp":2441025081668433,"circlet_count":0,"master_deck":["Strike_B+1","Strike_B","Defend_B","Defend_B","Defend_B","Defend_B","Zap","Dualcast","Self Repair","Loop+1","Defragment+1","Capacitor","Hologram","Core Surge","Doubt","Leap","Injury","Recycle+1"],"relics":["Cracked Core","Symbiotic Virus","Matryoshka","Golden Idol","Mummified Hand","Tiny House"],"potions_floor_usage":[18,20,20],"damage_taken":[{"damage":2,"enemies":"2 Louse","floor":1,"turns":2},{"damage":6,"enemies":"Cultist","floor":3,"turns":4},{"damage":6,"enemies":"Jaw Worm","floor":4,"turns":4},{"damage":8,"enemies":"Red Slaver","floor":5,"turns":4},{"damage":9,"enemies":"Blue Slaver","floor":8,"turns":4},{"damage":7,"enemies":"2 Fungi Beasts","floor":10,"turns":3},{"damage":21,"enemies":"Lagavulin","floor":12,"turns":5},{"damage":20,"enemies":"Slime Boss","floor":16,"turns":8},{"damage":37,"enemies":"3 Byrds","floor":18,"turns":5},{"damage":12,"enemies":"Spheric Guardian","floor":19,"turns":4},{"damage":38,"enemies":"Masked Bandits","floor":20,"turns":3}],"seed_played":"-2502287212677915733","potions_obtained":[{"floor":1,"key":"Fire Potion"},{"floor":8,"key":"GamblersBrew"},{"floor":10,"key":"LiquidBronze"},{"floor":12,"key":"Fire Potion"}],"is_trial":false,"path_per_floor":["M","?","M","M","M","R","?","M","T","M","?","E","?","?","R","B",null,"M","M","?"],"character_chosen":"DEFECT","items_purchased":[],"campfire_rested":0,"item_purchase_floors":[],"current_hp_per_floor":[75,75,75,75,67,67,67,65,65,65,65,51,51,51,51,38,80,43,38,0],"gold":616,"neow_bonus":"THREE_CARDS","is_prod":false,"is_daily":false,"chose_seed":false,"campfire_upgraded":2,"win_rate":0,"timestamp":1546663483,"path_taken":["M","?","M","?","M","R","?","?","T","M","?","E","?","?","R","BOSS","M","M","?"],"build_version":"2019-01-03v4","purchased_purges":0,"victory":false,"max_hp_per_floor":[75,75,75,75,75,75,75,75,75,75,75,75,75,75,75,75,80,80,80,80],"card_choices":[{"not_picked":["Cold Snap","Sweeping Beam"],"picked":"Self Repair","floor":0},{"not_picked":["Coolheaded","Auto Shields"],"picked":"Loop","floor":1},{"not_picked":["Self Repair","Steam"],"picked":"Defragment","floor":3},{"not_picked":["Leap","Doom and Gloom"],"picked":"Capacitor","floor":4},{"not_picked":["Steam","Gash"],"picked":"Hologram","floor":5},{"not_picked":["Go for the Eyes","Hello World","Sweeping Beam"],"picked":"SKIP","floor":8},{"not_picked":["Stack","Go for the Eyes","Ball Lightning"],"picked":"SKIP","floor":10},{"not_picked":["Scrape","Redo"],"picked":"Leap","floor":12},{"not_picked":["Ball Lightning","Tempest","Rebound"],"picked":"SKIP","floor":18},{"not_picked":["Rip and Tear+1","Conserve Battery"],"picked":"Recycle+1","floor":19}],"player_experience":677511,"relics_obtained":[{"floor":9,"key":"Symbiotic Virus"},{"floor":12,"key":"Matryoshka"}],"event_choices":[{"cards_removed":["Strike_B"],"damage_healed":0,"gold_gain":0,"player_choice":"Purged","damage_taken":0,"max_hp_gain":0,"max_hp_loss":0,"event_name":"Purifier","floor":2,"gold_loss":0},{"damage_healed":0,"gold_gain":0,"cards_transformed":["Strike_B"],"player_choice":"Transformed","damage_taken":0,"max_hp_gain":0,"max_hp_loss":0,"event_name":"Transmorgrifier","floor":7,"gold_loss":0,"cards_obtained":["Core Surge"]},{"damage_healed":0,"gold_gain":175,"player_choice":"AGREE","damage_taken":0,"max_hp_gain":0,"max_hp_loss":0,"event_name":"Liars Game","floor":11,"gold_loss":0,"cards_obtained":["Doubt"]},{"damage_healed":0,"gold_gain":0,"player_choice":"Take Wound","damage_taken":0,"relics_obtained":["Golden Idol"],"max_hp_gain":0,"max_hp_loss":0,"event_name":"Golden Idol","floor":13,"gold_loss":0,"cards_obtained":["Injury"]},{"damage_healed":0,"gold_gain":0,"player_choice":"Searched \u00271\u0027 times","damage_taken":0,"relics_obtained":["Mummified Hand"],"max_hp_gain":0,"max_hp_loss":0,"event_name":"Dead Adventurer","floor":14,"gold_loss":0},{"damage_healed":0,"gold_gain":0,"player_choice":"Fought Bandits","damage_taken":0,"max_hp_gain":0,"max_hp_loss":0,"event_name":"Masked Bandits","floor":20,"gold_loss":0}],"is_beta":false,"boss_relics":[{"not_picked":["Calling Bell","Fusion Hammer"],"picked":"Tiny House"}],"items_purged_floors":[],"is_endless":false,"potions_floor_spawned":[1,8,10,12],"killed_by":"Masked Bandits","ascension_level":1}