{"gold_per_floor":[114,16,16,16,27,59,13,13,40,59,59,59,73,86,86,159,159,174,224,224,224,74,74,92,92,92,112,112,123,141,71,71,71],"floor_reached":33,"playtime":955,"items_purged":["Writhe"],"score":473,"play_id":"37922a0b-2089-459c-8ad1-541523739e61","local_time":"20190121164631","is_ascension_mode":true,"campfire_choices":[{"data":"Perfected Strike","floor":8,"key":"SMITH"},{"data":"Enlightenment","floor":11,"key":"SMITH"},{"data":"Flame Barrier","floor":15,"key":"SMITH"},{"floor":23,"key":"REST"},{"data":"1","floor":25,"key":"LIFT"},{"data":"Perfected Strike","floor":32,"key":"SMITH"}],"neow_cost":"NONE","seed_source_timestamp":107334566668521,"circlet_count":0,"master_deck":["AscendersBane","Strike_R+1","Strike_R+1","Strike_R+1","Strike_R+1","Strike_R+1","Defend_R+1","Defend_R+1","Defend_R+1","Defend_R+1","Bash","Shockwave","Enlightenment+1","Perfected Strike+1","Flame Barrier+1","Shrug It Off","Headbutt","Battle Trance","Twin Strike","Pommel Strike","Headbutt","Clothesline+1","Double Tap","Perfected Strike","Perfected Strike+1","Blood for Blood"],"relics":["Burning Blood","NeowsBlessing","Bronze Scales","Dream Catcher","Sozu","Girya","Red Skull"],"potions_floor_usage":[13],"damage_taken":[{"damage":0,"enemies":"Small Slimes","floor":1,"turns":1},{"damage":0,"enemies":"2 Louse","floor":5,"turns":2},{"damage":0,"enemies":"Lagavulin","floor":6,"turns":1},{"damage":0,"enemies":"Jaw Worm","floor":10,"turns":3},{"damage":3,"enemies":"Blue Slaver","floor":13,"turns":3},{"damage":0,"enemies":"2 Fungi Beasts","floor":14,"turns":3},{"damage":33,"enemies":"The Guardian","floor":16,"turns":13},{"damage":5,"enemies":"Spheric Guardian","floor":18,"turns":4},{"damage":3,"enemies":"2 Thieves","floor":24,"turns":3},{"damage":17,"enemies":"Centurion and Healer","floor":27,"turns":4},{"damage":6,"enemies":"3 Cultists","floor":29,"turns":3},{"damage":7,"enemies":"Snecko","floor":30,"turns":3},{"damage":81,"enemies":"Champ","floor":33,"turns":8}],"seed_played":"7199801727240128607","potions_obtained":[{"floor":6,"key":"AttackPotion"},{"floor":14,"key":"Poison Potion"}],"is_trial":false,"path_per_floor":["M","$","?","$","M","E","$","R","T","M","R","?","M","M","R","B",null,"M","?","?","?","$","R","M","R","T","M","?","M","M","$","R","B"],"character_chosen":"IRONCLAD","items_purchased":["Enlightenment","Shrug It Off","Twin Strike","Pommel Strike","Blood for Blood"],"campfire_rested":1,"item_purchase_floors":[2,7,22,22,31],"current_hp_per_floor":[74,74,74,74,75,75,75,75,75,75,75,80,80,80,80,53,73,74,74,74,74,74,80,80,80,80,69,69,69,68,68,68,0],"gold":71,"neow_bonus":"THREE_ENEMY_KILL","is_prod":false,"is_daily":false,"chose_seed":false,"campfire_upgraded":4,"win_rate":0,"timestamp":1548049591,"path_taken":["M","$","?","$","M","E","$","R","T","M","R","?","M","M","R","BOSS","M","?","?","?","$","R","M","R","T","M","?","M","M","?","R","BOSS"],"build_version":"2019-01-17v2","purchased_purges":1,"victory":false,"max_hp_per_floor":[75,75,75,75,75,75,75,75,75,75,75,80,80,80,80,80,80,80,80,80,80,80,80,80,80,80,80,80,80,80,80,80,80],"card_choices":[{"not_picked":["Perfected Strike","Anger"],"picked":"Shockwave","floor":1},{"not_picked":["Pommel Strike","Armaments"],"picked":"Perfected Strike","floor":5},{"not_picked":["Cleave","Anger"],"picked":"Flame Barrier","floor":6},{"not_picked":["Dropkick","Sever Soul","Havoc"],"picked":"SKIP","floor":10},{"not_picked":["Clash","Feel No Pain"],"picked":"Headbutt","floor":13},{"not_picked":["Sword Boomerang","Reaper","Clash"],"picked":"SKIP","floor":14},{"not_picked":["Heavy Blade","Clash"],"picked":"Battle Trance","floor":18},{"not_picked":["Flex","Bloodletting+1"],"picked":"Headbutt","floor":23},{"not_picked":["Sever Soul+1","Hemokinesis"],"picked":"Clothesline+1","floor":24},{"not_picked":["Clash","Spot Weakness"],"picked":"Double Tap","floor":27},{"not_picked":["Bloodletting","Dropkick"],"picked":"Perfected Strike","floor":29},{"not_picked":["Pummel","Body Slam","Combust"],"picked":"SKIP","floor":30}],"player_experience":675389,"relics_obtained":[{"floor":6,"key":"Bronze Scales"},{"floor":9,"key":"Dream Catcher"},{"floor":26,"key":"Red Skull"}],"event_choices":[{"damage_healed":0,"gold_gain":0,"player_choice":"Ignored","damage_taken":0,"max_hp_gain":0,"max_hp_loss":0,"event_name":"Liars Game","floor":3,"gold_loss":0},{"damage_healed":0,"gold_gain":0,"player_choice":"Donut","damage_taken":0,"max_hp_gain":5,"max_hp_loss":0,"event_name":"Big Fish","floor":12,"gold_loss":0},{"damage_healed":0,"gold_gain":50,"player_choice":"Stole From Cult","damage_taken":0,"max_hp_gain":0,"max_hp_loss":0,"event_name":"Nest","floor":19,"gold_loss":0},{"damage_healed":0,"gold_gain":0,"player_choice":"Simplicity","damage_taken":0,"max_hp_gain":0,"max_hp_loss":0,"event_name":"Back to Basics","floor":20,"gold_loss":0,"cards_upgraded":["Strike_R","Strike_R","Strike_R","Strike_R","Strike_R","Defend_R","Defend_R","Defend_R","Defend_R"]},{"damage_healed":0,"gold_gain":0,"player_choice":"Opened","damage_taken":0,"relics_obtained":["Girya"],"max_hp_gain":0,"max_hp_loss":0,"event_name":"The Mausoleum","floor":21,"gold_loss":0,"cards_obtained":["Writhe"]},{"damage_healed":0,"gold_gain":0,"player_choice":"Read","damage_taken":0,"max_hp_gain":0,"max_hp_loss":0,"event_name":"The Library","floor":28,"gold_loss":0,"cards_obtained":["Perfected Strike"]}],"is_beta":false,"boss_relics":[{"not_picked":["Tiny House","Busted Crown"],"picked":"Sozu"}],"items_purged_floors":[22],"is_endless":false,"potions_floor_spawned":[6,14,18,24],"killed_by":"Champ","ascension_level":15}