{"gold_per_floor":[111,128,128,145,111,111,121,155,155,155],"floor_reached":10,"playtime":928,"items_purged":[],"score":70,"play_id":"ceffec26-4101-459d-b592-8e44a4c42f0e","local_time":"20190129063009","is_ascension_mode":false,"campfire_choices":[{"floor":6,"key":"REST"}],"neow_cost":"PERCENT_DAMAGE","seed_source_timestamp":2261267883536,"circlet_count":0,"master_deck":["Defend_G","Defend_G","Defend_G","Defend_G","Defend_G","Strike_G","Strike_G","Strike_G","Strike_G","Strike_G","Survivor","Neutralize","Backstab","Blur","Crippling Poison","Deflect"],"relics":["Ring of the Snake","Unceasing Top","Lantern","Bottled Lightning","Calipers"],"potions_floor_usage":[8,10,10],"damage_taken":[{"damage":2,"enemies":"Jaw Worm","floor":1,"turns":6},{"damage":2,"enemies":"Small Slimes","floor":2,"turns":4},{"damage":1,"enemies":"Cultist","floor":4,"turns":4},{"damage":6,"enemies":"Exordium Thugs","floor":5,"turns":5},{"damage":0,"enemies":"2 Fungi Beasts","floor":7,"turns":4},{"damage":29,"enemies":"Gremlin Nob","floor":8,"turns":6},{"damage":21,"enemies":"Lagavulin","floor":10,"turns":9}],"seed_played":"-8587548291283327826","potions_obtained":[{"floor":4,"key":"Swift Potion"},{"floor":5,"key":"GamblersBrew"},{"floor":7,"key":"Dexterity Potion"}],"is_trial":false,"path_per_floor":["M","M","?","M","M","R","M","E","T","E"],"character_chosen":"THE_SILENT","items_purchased":[],"campfire_rested":1,"item_purchase_floors":[],"current_hp_per_floor":[47,45,33,32,26,47,47,18,18,0],"gold":155,"neow_bonus":"ONE_RARE_RELIC","is_prod":false,"is_daily":false,"chose_seed":false,"campfire_upgraded":0,"win_rate":0,"timestamp":1548736209,"path_taken":["M","M","?","M","M","R","M","E","T","E"],"build_version":"2019-01-23","purchased_purges":0,"victory":false,"max_hp_per_floor":[70,70,70,70,70,70,70,70,70,70],"card_choices":[{"not_picked":["Prepared","Acrobatics"],"picked":"Backstab","floor":1},{"not_picked":["Outmaneuver","Expertise"],"picked":"Blur","floor":2},{"not_picked":["All Out Attack","Poisoned Stab"],"picked":"Crippling Poison","floor":4},{"not_picked":["Acrobatics","Prepared","Flying Knee"],"picked":"SKIP","floor":5},{"not_picked":["Calculated Gamble","Sucker Punch"],"picked":"Deflect","floor":7},{"not_picked":["Reflex","Quick Slash","Cloak And Dagger"],"picked":"SKIP","floor":8}],"player_experience":197984,"relics_obtained":[{"floor":8,"key":"Bottled Lightning"},{"floor":9,"key":"Calipers"}],"event_choices":[{"damage_healed":0,"gold_gain":0,"player_choice":"Success","damage_taken":12,"relics_obtained":["Lantern"],"max_hp_gain":0,"max_hp_loss":0,"event_name":"Scrap Ooze","floor":3,"gold_loss":0}],"is_beta":false,"boss_relics":[],"items_purged_floors":[],"is_endless":false,"potions_floor_spawned":[4,5,7],"killed_by":"Lagavulin","ascension_level":0}