{"gold_per_floor":[116,130,4,4,4,33,208,227,227,252,252,283,283,263,263,365,365,384,45,65,83,9,9,24,44,44,44,44,71,71,91,91,186,186,205,205,221,96,96,96,122,122],"floor_reached":42,"playtime":1449,"items_purged":["Defend_R","Doubt","Injury"],"score":682,"play_id":"7c9e4fb1-32a6-4ae6-947c-34d79e015f98","local_time":"20190102175832","is_ascension_mode":true,"campfire_choices":[{"floor":11,"key":"REST"},{"data":"Heavy Blade","floor":13,"key":"SMITH"},{"floor":15,"key":"REST"},{"data":"Metallicize","floor":23,"key":"SMITH"},{"floor":28,"key":"REST"},{"floor":30,"key":"REST"},{"floor":32,"key":"REST"},{"data":"Limit Break","floor":40,"key":"SMITH"}],"neow_cost":"NONE","seed_source_timestamp":1061104746432721,"circlet_count":0,"master_deck":["Strike_R","Strike_R","Strike_R","Strike_R","Strike_R","Defend_R","Defend_R","Defend_R","Bash","Demon Form+1","Metallicize+1","Shrug It Off","Double Tap","Heavy Blade+1","Ghostly Armor","Demon Form","Carnage+1","Impervious","Cleave+1","Limit Break+1","Clothesline+1","Madness","Madness","Shrug It Off+1"],"relics":["Burning Blood","Matryoshka","Ice Cream","Red Skull","Molten Egg 2","Letter Opener","Lantern","Cursed Key","Bottled Tornado","Centennial Puzzle","Bottled Lightning","Unceasing Top","Busted Crown","Paper Frog"],"potions_floor_usage":[16,16,20,29,31,35,37,42],"damage_taken":[{"damage":6,"enemies":"Cultist","floor":1,"turns":4},{"damage":10,"enemies":"Small Slimes","floor":2,"turns":4},{"damage":29,"enemies":"3 Sentries","floor":6,"turns":8},{"damage":4,"enemies":"2 Louse","floor":8,"turns":3},{"damage":16,"enemies":"Gremlin Nob","floor":10,"turns":3},{"damage":12,"enemies":"Lagavulin","floor":12,"turns":5},{"damage":5,"enemies":"Slime Boss","floor":16,"turns":8},{"damage":15,"enemies":"Spheric Guardian","floor":18,"turns":4},{"damage":25,"enemies":"3 Byrds","floor":20,"turns":5},{"damage":18,"enemies":"Snake Plant","floor":21,"turns":3},{"damage":10,"enemies":"Chosen and Byrds","floor":24,"turns":5},{"damage":16,"enemies":"Sentry and Sphere","floor":25,"turns":4},{"damage":26,"enemies":"Book of Stabbing","floor":29,"turns":4},{"damage":11,"enemies":"Centurion and Healer","floor":31,"turns":4},{"damage":18,"enemies":"Automaton","floor":33,"turns":6},{"damage":0,"enemies":"Orb Walker","floor":35,"turns":3},{"damage":16,"enemies":"3 Darklings","floor":37,"turns":4},{"damage":50,"enemies":"Reptomancer","floor":41,"turns":5},{"damage":24,"enemies":"4 Shapes","floor":42,"turns":4}],"seed_played":"-3562122072081409194","potions_obtained":[{"floor":1,"key":"GamblersBrew"},{"floor":8,"key":"SteroidPotion"},{"floor":14,"key":"Ancient Potion"},{"floor":16,"key":"BloodPotion"},{"floor":24,"key":"Weak Potion"},{"floor":33,"key":"Fruit Juice"},{"floor":35,"key":"Block Potion"}],"is_trial":false,"path_per_floor":["M","M","$","?","?","E","?","M","T","E","R","E","R","?","R","B",null,"M","$","M","M","$","R","M","M","T","?","R","E","R","M","R","B",null,"M","?","M","$","?","R","E","M"],"character_chosen":"IRONCLAD","items_purchased":["Shrug It Off","Bottled Tornado","BloodPotion"],"campfire_rested":5,"item_purchase_floors":[3,19,22],"current_hp_per_floor":[72,68,68,61,61,38,38,40,40,30,54,48,48,48,72,73,78,69,69,58,46,46,46,42,32,32,17,42,22,47,50,75,63,80,90,79,69,69,66,66,22,0],"gold":122,"neow_bonus":"ONE_RANDOM_RARE_CARD","is_prod":false,"is_daily":false,"chose_seed":false,"campfire_upgraded":3,"win_rate":0,"timestamp":1546448312,"path_taken":["M","M","$","?","?","E","?","M","T","E","R","E","R","?","R","BOSS","M","?","M","M","$","R","M","?","T","?","R","E","R","M","R","BOSS","M","?","M","$","?","R","E","M"],"build_version":"2018-12-20","purchased_purges":3,"victory":false,"max_hp_per_floor":[80,80,80,80,80,80,80,80,80,80,80,80,80,80,80,80,80,80,80,80,80,80,80,80,80,80,85,85,85,85,85,85,85,85,90,90,90,90,90,90,90,90],"card_choices":[{"not_picked":["Carnage","Pommel Strike"],"picked":"Metallicize","floor":1},{"not_picked":["True Grit","Headbutt","Rupture"],"picked":"SKIP","floor":2},{"not_picked":["Battle Trance","Body Slam"],"picked":"Double Tap","floor":6},{"not_picked":["Corruption","Iron Wave"],"picked":"Heavy Blade","floor":8},{"not_picked":["Carnage+1","Wild Strike+1"],"picked":"Ghostly Armor","floor":10},{"not_picked":["Anger+1","Wild Strike+1","Rupture"],"picked":"SKIP","floor":12},{"not_picked":["Reaper+1","Exhume"],"picked":"Demon Form","floor":16},{"not_picked":["Pommel Strike+1","Body Slam+1"],"picked":"Carnage+1","floor":18},{"not_picked":["True Grit","Havoc","Iron Wave+1"],"picked":"SKIP","floor":20},{"not_picked":["Ghostly Armor","Body Slam+1","Second Wind"],"picked":"SKIP","floor":21},{"not_picked":["Clash+1","Sentinel","Intimidate"],"picked":"SKIP","floor":24},{"not_picked":["Armaments","Thunderclap+1","Sever Soul+1"],"picked":"SKIP","floor":25},{"not_picked":["Cleave+1","Pommel Strike+1"],"picked":"Impervious","floor":29},{"not_picked":["Twin Strike+1","Carnage+1"],"picked":"Cleave+1","floor":31},{"not_picked":["Reaper+1","Bludgeon+1"],"picked":"Limit Break","floor":33},{"not_picked":[],"picked":"Clothesline+1","floor":35},{"not_picked":["Armaments+1"],"picked":"SKIP","floor":37},{"not_picked":[],"picked":"Shrug It Off+1","floor":41}],"player_experience":252809,"relics_obtained":[{"floor":6,"key":"Ice Cream"},{"floor":9,"key":"Red Skull"},{"floor":9,"key":"Molten Egg 2"},{"floor":10,"key":"Letter Opener"},{"floor":12,"key":"Lantern"},{"floor":26,"key":"Centennial Puzzle"},{"floor":26,"key":"Bottled Lightning"},{"floor":29,"key":"Unceasing Top"},{"floor":41,"key":"Paper Frog"}],"event_choices":[{"damage_healed":0,"gold_gain":0,"player_choice":"Success","damage_taken":7,"relics_obtained":["Matryoshka"],"max_hp_gain":0,"max_hp_loss":0,"event_name":"Scrap Ooze","floor":4,"gold_loss":0},{"damage_healed":0,"gold_gain":0,"player_choice":"Grow","damage_taken":0,"max_hp_gain":0,"max_hp_loss":0,"event_name":"Living Wall","floor":5,"gold_loss":0,"cards_upgraded":["Demon Form"]},{"damage_healed":0,"gold_gain":175,"player_choice":"AGREE","damage_taken":0,"max_hp_gain":0,"max_hp_loss":0,"event_name":"Liars Game","floor":7,"gold_loss":0,"cards_obtained":["Doubt"]},{"damage_healed":0,"gold_gain":0,"player_choice":"Bought 1 Potion","damage_taken":0,"max_hp_gain":0,"max_hp_loss":0,"event_name":"The Woman in Blue","floor":14,"gold_loss":0},{"damage_healed":0,"gold_gain":0,"player_choice":"Shed Blood","damage_taken":20,"max_hp_gain":5,"max_hp_loss":0,"event_name":"Forgotten Altar","floor":27,"gold_loss":0},{"damage_healed":0,"gold_gain":0,"player_choice":"Embrace Madness","damage_taken":11,"max_hp_gain":0,"max_hp_loss":0,"event_name":"Winding Halls","floor":36,"gold_loss":0,"cards_obtained":["Madness","Madness"]},{"damage_healed":0,"gold_gain":0,"player_choice":"Punched","damage_taken":3,"max_hp_gain":0,"max_hp_loss":0,"event_name":"Designer","floor":39,"gold_loss":0}],"is_beta":false,"boss_relics":[{"not_picked":["Pandora\u0027s Box","Calling Bell"],"picked":"Cursed Key"},{"not_picked":["Runic Cube","Coffee Dripper"],"picked":"Busted Crown"}],"items_purged_floors":[3,19,38],"is_endless":false,"potions_floor_spawned":[1,8,16,24,33,35],"killed_by":"4 Shapes","ascension_level":8}