{"gold_per_floor":[111,111,111,134,59,99,122,122,152,175,175,29,78,114,126,264,276,274,301,313,344,356,368,403,439,451,6,6,6,6,19,19,150,150,165,190,190,117,141,141,156,156,156,156,281,231,251,267,267,267],"floor_reached":51,"playtime":2985,"items_purged":["Injury","Defend_B","Writhe"],"score":674,"play_id":"702ef7d7-065a-4975-add3-6873bf6b1739","local_time":"20181027004035","is_ascension_mode":false,"campfire_choices":[{"data":"Darkness","floor":8,"key":"SMITH"},{"floor":15,"key":"REST"},{"data":"Defragment","floor":23,"key":"SMITH"},{"floor":28,"key":"REST"},{"floor":30,"key":"REST"},{"data":"Loop","floor":32,"key":"SMITH"},{"floor":40,"key":"REST"},{"data":"Multi-Cast","floor":42,"key":"SMITH"},{"floor":49,"key":"REST"}],"neow_cost":"PERCENT_DAMAGE","seed_source_timestamp":1114859607153420,"circlet_count":0,"master_deck":["Strike_B","Strike_B","Strike_B","Defend_B+1","Defend_B+1","Defend_B","Zap","Dualcast","Machine Learning","Cold Snap","Darkness+1","Defragment+1","Coolheaded","Rebound","Coolheaded","Cold Snap","Seek","Lockon+1","Doom and Gloom+1","White Noise","Loop+1","Multi-Cast+1","Skim+1","Hologram+1","Self Repair","Panache","Leap+1"],"relics":["FrozenCore","Golden Idol","Matryoshka","Tiny Chest","Kunai","MawBank","War Paint","Happy Flower","Cables","Runic Capacitor","Bottled Flame","Lizard Tail","Smiling Mask","Du-Vu Doll"],"potions_floor_usage":[16,25,25,45,47,50,50,50],"damage_taken":[{"damage":3,"enemies":"2 Louse","floor":1,"turns":2},{"damage":1,"enemies":"Cultist","floor":4,"turns":3},{"damage":7,"enemies":"Lagavulin","floor":6,"turns":6},{"damage":3,"enemies":"Jaw Worm","floor":7,"turns":3},{"damage":14,"enemies":"Large Slime","floor":10,"turns":7},{"damage":3,"enemies":"Looter","floor":14,"turns":3},{"damage":19,"enemies":"Hexaghost","floor":16,"turns":9},{"damage":18,"enemies":"2 Thieves","floor":18,"turns":4},{"damage":16,"enemies":"Spheric Guardian","floor":19,"turns":5},{"damage":10,"enemies":"Snecko","floor":21,"turns":6},{"damage":17,"enemies":"Snake Plant","floor":24,"turns":3},{"damage":9,"enemies":"3 Cultists","floor":25,"turns":5},{"damage":5,"enemies":"Centurion and Healer","floor":31,"turns":6},{"damage":12,"enemies":"Champ","floor":33,"turns":6},{"damage":27,"enemies":"3 Darklings","floor":35,"turns":4},{"damage":3,"enemies":"3 Shapes","floor":36,"turns":3},{"damage":51,"enemies":"Jaw Worm Horde","floor":39,"turns":4},{"damage":0,"enemies":"Maw","floor":41,"turns":5},{"damage":20,"enemies":"Mind Bloom Boss Battle","floor":45,"turns":6},{"damage":9,"enemies":"4 Shapes","floor":47,"turns":3},{"damage":38,"enemies":"Jaw Worm Horde","floor":48,"turns":6},{"damage":18,"enemies":"Donu and Deca","floor":50,"turns":7}],"seed_played":"-4641111520501506823","potions_obtained":[{"floor":7,"key":"Dexterity Potion"},{"floor":10,"key":"Block Potion"},{"floor":14,"key":"Dexterity Potion"},{"floor":18,"key":"LiquidBronze"},{"floor":24,"key":"PowerPotion"},{"floor":33,"key":"SpeedPotion"},{"floor":35,"key":"Dexterity Potion"},{"floor":45,"key":"Energy Potion"},{"floor":47,"key":"FocusPotion"}],"is_trial":false,"path_per_floor":["M","?","?","M","$","E","M","R","T","M","?","$","T","M","R","B",null,"M","M","?","M","?","R","M","M","T","$","R","$","R","M","R","B",null,"M","M","?","$","M","R","M","R","T","?","?","$","M","M","R","B"],"character_chosen":"DEFECT","items_purchased":["Cold Snap","Runic Capacitor","Bottled Flame","Self Repair"],"campfire_rested":5,"item_purchase_floors":[12,27,27,38],"current_hp_per_floor":[51,51,51,50,50,43,40,40,40,26,26,26,26,23,45,26,75,57,41,41,31,31,31,14,5,5,5,27,27,49,44,44,32,75,48,45,45,45,39,61,68,68,68,68,55,55,53,22,44,26],"gold":267,"neow_bonus":"THREE_RARE_CARDS","is_prod":false,"is_daily":false,"chose_seed":false,"campfire_upgraded":4,"win_rate":0,"timestamp":1540593635,"path_taken":["M","?","?","M","$","E","M","R","T","M","?","?","?","M","R","BOSS","M","M","?","M","?","R","M","M","T","$","R","$","R","M","R","BOSS","M","M","?","$","M","R","M","R","T","?","?","$","?","M","R","BOSS"],"build_version":"2018-10-25v2","purchased_purges":3,"victory":true,"max_hp_per_floor":[75,75,75,75,75,75,75,75,75,75,75,75,75,75,75,75,75,75,75,75,75,75,75,75,75,75,75,75,75,75,75,75,75,75,75,75,75,75,75,75,75,75,75,75,75,75,75,75,75,75],"card_choices":[{"not_picked":["Multi-Cast","Seek"],"picked":"Machine Learning","floor":0},{"not_picked":["Conserve Battery","Sweeping Beam"],"picked":"Cold Snap","floor":1},{"not_picked":["Steam","Recycle"],"picked":"Darkness","floor":4},{"not_picked":["All For One","Go for the Eyes"],"picked":"Defragment","floor":6},{"not_picked":["Turbo","Barrage"],"picked":"Coolheaded","floor":7},{"not_picked":["Barrage","Hello World"],"picked":"Rebound","floor":10},{"not_picked":["Cold Snap","Aggregate","Gash"],"picked":"SKIP","floor":14},{"not_picked":["Creative AI","All For One"],"picked":"Seek","floor":16},{"not_picked":["BootSequence","Coolheaded"],"picked":"Lockon+1","floor":18},{"not_picked":["Turbo","Go for the Eyes","Ball Lightning"],"picked":"SKIP","floor":19},{"not_picked":["Conserve Battery+1","Ball Lightning","Aggregate"],"picked":"SKIP","floor":21},{"not_picked":["Gash","Turbo"],"picked":"Doom and Gloom+1","floor":24},{"not_picked":["Turbo","Streamline"],"picked":"White Noise","floor":25},{"not_picked":["Leap","Steam Power+1"],"picked":"Loop","floor":31},{"not_picked":["Thunder Strike","Meteor Strike"],"picked":"Multi-Cast","floor":33},{"not_picked":["Static Discharge","Scrape"],"picked":"Skim+1","floor":35},{"not_picked":["Chill+1","Force Field+1"],"picked":"Hologram+1","floor":36},{"not_picked":["Genetic Algorithm","Redo","Aggregate"],"picked":"SKIP","floor":39},{"not_picked":["Compile Driver","Sweeping Beam","Steam"],"picked":"SKIP","floor":41},{"not_picked":["Madness","Enlightenment"],"picked":"Panache","floor":44},{"not_picked":["Beam Cell+1","Go for the Eyes+1"],"picked":"Leap+1","floor":45},{"not_picked":["Stack","Darkness+1","Hologram"],"picked":"SKIP","floor":47},{"not_picked":["Coolheaded","Barrage","Fusion"],"picked":"SKIP","floor":48}],"player_experience":514208,"relics_obtained":[{"floor":6,"key":"Matryoshka"},{"floor":9,"key":"Tiny Chest"},{"floor":9,"key":"Kunai"},{"floor":13,"key":"MawBank"},{"floor":13,"key":"War Paint"},{"floor":26,"key":"Cables"},{"floor":43,"key":"Smiling Mask"},{"floor":45,"key":"Du-Vu Doll"}],"event_choices":[{"damage_healed":0,"gold_gain":0,"player_choice":"Bought 0 Potions","damage_taken":0,"max_hp_gain":0,"max_hp_loss":0,"event_name":"The Woman in Blue","floor":2,"gold_loss":0},{"damage_healed":0,"gold_gain":0,"player_choice":"Take Wound","damage_taken":0,"relics_obtained":["Golden Idol"],"max_hp_gain":0,"max_hp_loss":0,"event_name":"Golden Idol","floor":3,"gold_loss":0,"cards_obtained":["Injury"]},{"damage_healed":0,"gold_gain":0,"cards_transformed":["Strike_B"],"player_choice":"Transformed","damage_taken":0,"max_hp_gain":0,"max_hp_loss":0,"event_name":"Transmorgrifier","floor":11,"gold_loss":0,"cards_obtained":["Coolheaded"]},{"damage_healed":0,"gold_gain":0,"player_choice":"Opened","damage_taken":0,"relics_obtained":["Happy Flower"],"max_hp_gain":0,"max_hp_loss":0,"event_name":"The Mausoleum","floor":20,"gold_loss":0,"cards_obtained":["Writhe"]},{"damage_healed":0,"gold_gain":0,"player_choice":"Ignored","damage_taken":0,"max_hp_gain":0,"max_hp_loss":0,"event_name":"Ghosts","floor":22,"gold_loss":0},{"damage_healed":0,"gold_gain":0,"player_choice":"Ignored","damage_taken":0,"max_hp_gain":0,"max_hp_loss":0,"event_name":"Tomb of Lord Red Mask","floor":37,"gold_loss":0},{"damage_healed":0,"gold_gain":0,"player_choice":"Memory 1","damage_taken":0,"max_hp_gain":0,"max_hp_loss":0,"event_name":"SensoryStone","floor":44,"gold_loss":0},{"damage_healed":0,"gold_gain":0,"player_choice":"Fight","damage_taken":0,"max_hp_gain":0,"max_hp_loss":0,"event_name":"MindBloom","floor":45,"gold_loss":0}],"is_beta":false,"boss_relics":[{"not_picked":["Busted Crown","Astrolabe"],"picked":"FrozenCore"},{"not_picked":["Eternal Feather","Empty Cage"],"picked":"Lizard Tail"}],"items_purged_floors":[5,12,46],"is_endless":false,"potions_floor_spawned":[7,10,14,18,24,33,35,45,47],"ascension_level":0}