{"gold_per_floor":[15,190,205,280,280,280,305,83,108,123,123,142,65,85,85,85],"floor_reached":16,"playtime":445,"items_purged":["Doubt"],"score":100,"play_id":"add65537-9fff-4ba1-8b19-3ffbeead5531","local_time":"20190130214758","is_ascension_mode":false,"campfire_choices":[{"data":"Bash","floor":6,"key":"SMITH"},{"floor":15,"key":"REST"}],"neow_cost":"NO_GOLD","seed_source_timestamp":90429777679451,"circlet_count":0,"master_deck":["Strike_R","Strike_R","Strike_R","Strike_R","Strike_R","Defend_R","Defend_R","Bash+1","Disarm"],"relics":["Burning Blood","Dead Branch","Dream Catcher","Centennial Puzzle","Oddly Smooth Stone"],"potions_floor_usage":[14,14],"damage_taken":[{"damage":14,"enemies":"Small Slimes","floor":1,"turns":4},{"damage":3,"enemies":"Jaw Worm","floor":3,"turns":4},{"damage":62,"enemies":"3 Sentries","floor":7,"turns":12},{"damage":6,"enemies":"2 Louse","floor":10,"turns":3},{"damage":10,"enemies":"Looter","floor":12,"turns":4},{"damage":4,"enemies":"Blue Slaver","floor":14,"turns":5},{"damage":50,"enemies":"Hexaghost","floor":16,"turns":10}],"seed_played":"7059880107861586718","potions_obtained":[{"floor":12,"key":"EssenceOfSteel"},{"floor":14,"key":"Ancient Potion"}],"is_trial":false,"path_per_floor":["M","?","M","?","?","R","E","$","T","M","T","M","$","M","R","B"],"character_chosen":"IRONCLAD","items_purchased":["Dream Catcher","Regen Potion"],"campfire_rested":1,"item_purchase_floors":[8,13],"current_hp_per_floor":[72,72,75,64,69,69,13,13,13,13,13,9,9,25,50,0],"gold":85,"neow_bonus":"REMOVE_TWO","is_prod":false,"is_daily":false,"chose_seed":false,"campfire_upgraded":1,"win_rate":0,"timestamp":1548897478,"path_taken":["M","?","M","?","?","R","E","?","T","M","?","?","$","M","R","BOSS"],"build_version":"2019-01-23","purchased_purges":1,"victory":false,"max_hp_per_floor":[80,80,80,80,85,85,85,85,85,85,85,85,85,85,85,85],"card_choices":[{"not_picked":["True Grit","Wild Strike","Blood for Blood"],"picked":"SKIP","floor":1},{"not_picked":["Warcry","Combust","Clash"],"picked":"SKIP","floor":3},{"not_picked":["Anger","Body Slam","Sever Soul"],"picked":"SKIP","floor":7},{"not_picked":["Heavy Blade","Seeing Red","Power Through"],"picked":"SKIP","floor":10},{"not_picked":["Reckless Charge","Offering","Cleave"],"picked":"SKIP","floor":12},{"not_picked":["Blood for Blood","Armaments","Shrug It Off"],"picked":"SKIP","floor":14},{"not_picked":["Dual Wield","Armaments"],"picked":"Disarm","floor":15}],"player_experience":281115,"relics_obtained":[{"floor":7,"key":"Dead Branch"},{"floor":9,"key":"Centennial Puzzle"},{"floor":11,"key":"Oddly Smooth Stone"}],"event_choices":[{"damage_healed":0,"gold_gain":175,"player_choice":"AGREE","damage_taken":0,"max_hp_gain":0,"max_hp_loss":0,"event_name":"Liars Game","floor":2,"gold_loss":0,"cards_obtained":["Doubt"]},{"damage_healed":0,"gold_gain":75,"player_choice":"Gather Gold","damage_taken":11,"max_hp_gain":0,"max_hp_loss":0,"event_name":"World of Goop","floor":4,"gold_loss":0},{"damage_healed":0,"gold_gain":0,"player_choice":"Donut","damage_taken":0,"max_hp_gain":5,"max_hp_loss":0,"event_name":"Big Fish","floor":5,"gold_loss":0}],"is_beta":false,"boss_relics":[],"items_purged_floors":[8],"is_endless":false,"potions_floor_spawned":[12,14],"killed_by":"Hexaghost","ascension_level":0}