{"gold_per_floor":[117,134,148,161,178,210,210,242,289,289,289,289,289,306,306,406,406,406,406,4,4,4,4,0,0],"floor_reached":25,"playtime":945,"items_purged":[],"score":222,"play_id":"5dc8c6a7-50c2-4fc9-a5fc-a36e38735c5a","local_time":"20190106002101","is_ascension_mode":true,"campfire_choices":[{"data":"Entrench","floor":7,"key":"SMITH"},{"floor":11,"key":"REST"},{"floor":15,"key":"REST"},{"data":"Barricade","floor":23,"key":"SMITH"}],"neow_cost":"NONE","seed_source_timestamp":48004033590808,"circlet_count":0,"master_deck":["Strike_R","Strike_R+1","Strike_R+1","Defend_R","Defend_R","Defend_R","Bash+1","Sword Boomerang","Rampage","Cleave","Flex","Entrench+1","Clothesline+1","Shrug It Off","True Grit","Barricade+1","Armaments+1","Headbutt"],"relics":["Burning Blood","Juzu Bracelet","Whetstone","Anchor","Ectoplasm","Question Card","Pen Nib","Sundial"],"potions_floor_usage":[18],"damage_taken":[{"damage":6,"enemies":"Jaw Worm","floor":1,"turns":4},{"damage":10,"enemies":"2 Louse","floor":2,"turns":3},{"damage":1,"enemies":"Cultist","floor":3,"turns":3},{"damage":5,"enemies":"Looter","floor":4,"turns":3},{"damage":0,"enemies":"3 Louse","floor":5,"turns":2},{"damage":31,"enemies":"3 Sentries","floor":6,"turns":7},{"damage":28,"enemies":"Gremlin Nob","floor":8,"turns":5},{"damage":0,"enemies":"Red Slaver","floor":14,"turns":5},{"damage":35,"enemies":"The Guardian","floor":16,"turns":13},{"damage":11,"enemies":"Spheric Guardian","floor":18,"turns":5},{"damage":14,"enemies":"2 Thieves","floor":24,"turns":4},{"damage":79,"enemies":"Slavers","floor":25,"turns":7}],"seed_played":"517757131864053323","potions_obtained":[{"floor":1,"key":"SteroidPotion"},{"floor":4,"key":"Fire Potion"},{"floor":5,"key":"SpeedPotion"},{"floor":18,"key":"Swift Potion"}],"is_trial":false,"path_per_floor":["M","M","M","M","M","E","R","E","T","?","R","?","?","M","R","B",null,"M","?","$","?","?","R","M","E"],"character_chosen":"IRONCLAD","items_purchased":["Question Card","Pen Nib"],"campfire_rested":2,"item_purchase_floors":[20,20],"current_hp_per_floor":[80,76,80,80,80,55,55,33,33,26,50,50,34,40,64,35,80,75,75,75,75,75,75,67,0],"gold":0,"neow_bonus":"THREE_CARDS","is_prod":false,"is_daily":false,"chose_seed":false,"campfire_upgraded":2,"win_rate":0,"timestamp":1546730461,"path_taken":["M","M","M","M","M","E","R","E","T","?","R","?","?","M","R","BOSS","M","?","$","?","?","R","M","E"],"build_version":"2019-01-03v4","purchased_purges":0,"victory":false,"max_hp_per_floor":[80,80,80,80,80,80,80,80,80,80,80,80,80,80,80,80,80,80,80,80,80,80,80,80,80],"card_choices":[{"not_picked":["Corruption","Combust"],"picked":"Sword Boomerang","floor":0},{"not_picked":["Blood for Blood","Wild Strike"],"picked":"Rampage","floor":1},{"not_picked":["Combust","Pommel Strike"],"picked":"Cleave","floor":2},{"not_picked":["Pummel","Body Slam"],"picked":"Flex","floor":3},{"not_picked":["Power Through","Warcry"],"picked":"Entrench","floor":4},{"not_picked":["Body Slam","Hemokinesis","Clash"],"picked":"SKIP","floor":5},{"not_picked":["Intimidate","Perfected Strike"],"picked":"Clothesline","floor":6},{"not_picked":["Battle Trance","Feed"],"picked":"Shrug It Off","floor":8},{"not_picked":["Entrench","Metallicize","Flex"],"picked":"SKIP","floor":14},{"not_picked":["Impervious","Dark Embrace"],"picked":"Barricade","floor":16},{"not_picked":["Pummel","Heavy Blade"],"picked":"Armaments+1","floor":18},{"not_picked":["Metallicize","Sword Boomerang","Second Wind"],"picked":"Headbutt","floor":24}],"player_experience":124271,"relics_obtained":[{"floor":6,"key":"Juzu Bracelet"},{"floor":8,"key":"Whetstone"},{"floor":9,"key":"Anchor"}],"event_choices":[{"cards_removed":["Strike_R"],"damage_healed":0,"gold_gain":0,"player_choice":"Card Removal","damage_taken":7,"max_hp_gain":0,"max_hp_loss":0,"event_name":"Golden Wing","floor":10,"gold_loss":0},{"damage_healed":0,"gold_gain":0,"cards_transformed":["Defend_R"],"player_choice":"Transformed","damage_taken":0,"max_hp_gain":0,"max_hp_loss":0,"event_name":"Transmorgrifier","floor":12,"gold_loss":0,"cards_obtained":["True Grit"]},{"damage_healed":0,"gold_gain":0,"player_choice":"Entered Light","damage_taken":16,"max_hp_gain":0,"max_hp_loss":0,"event_name":"Shining Light","floor":13,"gold_loss":0,"cards_upgraded":["Bash","Strike_R"]},{"damage_healed":0,"gold_gain":0,"player_choice":"Ignored","damage_taken":0,"max_hp_gain":0,"max_hp_loss":0,"event_name":"Cursed Tome","floor":19,"gold_loss":0},{"damage_healed":0,"gold_gain":0,"player_choice":"Gave Potion","damage_taken":0,"relics_obtained":["Sundial"],"max_hp_gain":0,"max_hp_loss":0,"event_name":"WeMeetAgain","floor":21,"gold_loss":0},{"cards_removed":["Strike_R"],"damage_healed":0,"gold_gain":0,"player_choice":"Elegance","damage_taken":0,"max_hp_gain":0,"max_hp_loss":0,"event_name":"Back to Basics","floor":22,"gold_loss":0}],"is_beta":false,"boss_relics":[{"not_picked":["Snecko Eye","Runic Dome"],"picked":"Ectoplasm"}],"items_purged_floors":[],"is_endless":false,"potions_floor_spawned":[1,4,5,16,18],"killed_by":"Slavers","ascension_level":1}