{"gold_per_floor":[118,131,131,146,165,192,192,192,269,269,324,334,334,345,345,446,446,466,466,310,310,327,327,327,339,339,339,351,369,404,431,443,552,564,590,616,628,693,705],"floor_reached":39,"playtime":2888,"items_purged":["Strike_G"],"score":463,"play_id":"f2d1ffaf-5fdf-4b02-99dd-a14576878a5a","local_time":"20180825210929","is_ascension_mode":true,"campfire_choices":[{"floor":7,"key":"REST"},{"data":"Cloak And Dagger","floor":10,"key":"SMITH"},{"data":"Cloak And Dagger","floor":13,"key":"SMITH"},{"floor":15,"key":"REST"},{"data":"Dash","floor":24,"key":"SMITH"},{"data":"Malaise","floor":27,"key":"SMITH"},{"floor":32,"key":"REST"}],"neow_cost":"NONE","seed_source_timestamp":820509303894013,"circlet_count":0,"master_deck":["Defend_G+1","Defend_G","Defend_G+1","Defend_G","Defend_G","Strike_G","Strike_G","Strike_G","Survivor","Neutralize","Cloak And Dagger+1","Cloak And Dagger+1","Deflect","Terror","Infinite Blades","Dash+1","Dagger Spray","Malaise+1","Well Laid Plans","Adrenaline","Backflip+1","Envenom","Prepared+1"],"relics":["Ring of the Snake","Bag of Marbles","Mango","Paper Crane","Regal Pillow","Black Star","MutagenicStrength","Orichalcum","Kunai","Potion Belt","MawBank","White Beast Statue","Prayer Wheel"],"potions_floor_usage":[11,31,33,39],"damage_taken":[{"damage":0,"enemies":"Cultist","floor":1,"turns":3},{"damage":0,"enemies":"Small Slimes","floor":2,"turns":4},{"damage":1,"enemies":"Jaw Worm","floor":4,"turns":3},{"damage":11,"enemies":"Lots of Slimes","floor":5,"turns":8},{"damage":29,"enemies":"3 Sentries","floor":6,"turns":15},{"damage":9,"enemies":"Gremlin Nob","floor":11,"turns":5},{"damage":2,"enemies":"2 Fungi Beasts","floor":12,"turns":4},{"damage":0,"enemies":"Red Slaver","floor":14,"turns":3},{"damage":20,"enemies":"Hexaghost","floor":16,"turns":12},{"damage":0,"enemies":"3 Byrds","floor":18,"turns":5},{"damage":0,"enemies":"Shell Parasite","floor":22,"turns":6},{"damage":3,"enemies":"Centurion and Healer","floor":25,"turns":7},{"damage":9,"enemies":"Snake Plant","floor":28,"turns":5},{"damage":0,"enemies":"Snecko","floor":29,"turns":6},{"damage":2,"enemies":"Book of Stabbing","floor":30,"turns":7},{"damage":6,"enemies":"Cultist and Chosen","floor":31,"turns":12},{"damage":41,"enemies":"Collector","floor":33,"turns":18},{"damage":20,"enemies":"3 Darklings","floor":35,"turns":7},{"damage":0,"enemies":"Flame Bruiser 1 Orb","floor":36,"turns":12},{"damage":19,"enemies":"Mysterious Sphere","floor":38,"turns":10},{"damage":48,"enemies":"Transient","floor":39,"turns":4}],"seed_played":"-1038747068004264215","potions_obtained":[{"floor":1,"key":"Explosive Potion"},{"floor":2,"key":"GamblersBrew"},{"floor":4,"key":"SteroidPotion"},{"floor":11,"key":"EssenceOfSteel"},{"floor":30,"key":"Block Potion"},{"floor":31,"key":"Swift Potion"},{"floor":33,"key":"Ancient Potion"},{"floor":35,"key":"Swift Potion"},{"floor":38,"key":"Energy Potion"}],"is_trial":false,"path_per_floor":["M","M","?","M","M","E","R","?","T","R","?","M","R","M","R","B",null,"M","?","$","?","M","?","R","M","T","R","M","M","E","M","R","B",null,"M","M","?","?"],"character_chosen":"THE_SILENT","items_purchased":["Well Laid Plans"],"campfire_rested":3,"item_purchase_floors":[20],"current_hp_per_floor":[70,70,56,55,44,29,54,54,54,54,45,43,43,43,83,63,84,84,84,84,84,84,84,84,81,81,81,72,72,70,64,84,43,84,64,64,64,45,0],"gold":705,"neow_bonus":"RANDOM_COMMON_RELIC","is_prod":false,"is_daily":false,"chose_seed":false,"campfire_upgraded":4,"win_rate":0,"timestamp":1535202569,"path_taken":["M","M","?","?","M","E","R","?","T","R","?","M","R","M","R","BOSS","M","?","$","?","M","?","R","M","T","R","M","?","E","M","R","BOSS","M","M","?","?","M"],"build_version":"2018-08-23v2","purchased_purges":1,"victory":false,"max_hp_per_floor":[70,70,70,70,70,84,84,84,84,84,84,84,84,84,84,84,84,84,84,84,84,84,84,84,84,84,84,84,84,84,84,84,84,84,84,84,84,84,84],"card_choices":[{"not_picked":["Concentrate","Dodge and Roll"],"picked":"Cloak And Dagger","floor":1},{"not_picked":["Slice","Dagger Spray"],"picked":"Cloak And Dagger","floor":2},{"not_picked":["Expertise","Caltrops"],"picked":"Deflect","floor":4},{"not_picked":["Masterful Stab","Setup","Outmaneuver"],"picked":"SKIP","floor":5},{"not_picked":["Heel Hook","Flechettes"],"picked":"Terror","floor":6},{"not_picked":["Blur","Setup"],"picked":"Infinite Blades","floor":11},{"not_picked":["Catalyst","Concentrate"],"picked":"Dash","floor":12},{"not_picked":["Riddle With Holes","Underhanded Strike"],"picked":"Dagger Spray","floor":14},{"not_picked":["Storm of Steel","Glass Knife"],"picked":"Malaise","floor":16},{"not_picked":["Dagger Throw","Cloak And Dagger","Slice"],"picked":"SKIP","floor":18},{"not_picked":["Bane","Blade Dance","All Out Attack"],"picked":"SKIP","floor":22},{"not_picked":["Endless Agony","Masterful Stab","Setup"],"picked":"SKIP","floor":25},{"not_picked":["Blade Dance","Expertise","Riddle With Holes"],"picked":"SKIP","floor":28},{"not_picked":["PiercingWail+1","Flechettes","Sucker Punch"],"picked":"SKIP","floor":29},{"not_picked":["Underhanded Strike+1","PiercingWail"],"picked":"Adrenaline","floor":30},{"not_picked":["Bane","Finisher"],"picked":"Backflip+1","floor":31},{"not_picked":["Adrenaline","Night Terror"],"picked":"Envenom","floor":33},{"not_picked":["Acrobatics+1","Blur"],"picked":"Prepared+1","floor":35},{"not_picked":["Concentrate+1","Riddle With Holes+1","Poisoned Stab"],"picked":"SKIP","floor":36}],"player_experience":280091,"relics_obtained":[{"floor":6,"key":"Mango"},{"floor":9,"key":"Paper Crane"},{"floor":11,"key":"Regal Pillow"},{"floor":26,"key":"Kunai"},{"floor":30,"key":"Potion Belt"},{"floor":30,"key":"MawBank"},{"floor":38,"key":"Prayer Wheel"}],"event_choices":[{"event_name":"Shining Light","player_choice":"Entered Light","floor":3,"damage_taken":0},{"event_name":"Bonfire Elementals","player_choice":"BASIC","floor":8,"damage_taken":0},{"event_name":"Dead Adventurer","player_choice":"Searched \u00272\u0027 times","floor":11,"damage_taken":0},{"event_name":"Drug Dealer","player_choice":"Inject Mutagens","floor":19,"damage_taken":0},{"event_name":"The Mausoleum","player_choice":"Yes","floor":21,"damage_taken":0},{"event_name":"Vampires","player_choice":"Ignored","floor":23,"damage_taken":0},{"event_name":"The Woman in Blue","player_choice":"Bought 0 Potions","floor":37,"damage_taken":0},{"event_name":"Mysterious Sphere","player_choice":"Fight","floor":38,"damage_taken":0}],"is_beta":false,"boss_relics":[{"not_picked":["Snecko Eye","Astrolabe"],"picked":"Black Star"},{"not_picked":["Coffee Dripper","Orrery"],"picked":"White Beast Statue"}],"items_purged_floors":[20],"is_endless":false,"potions_floor_spawned":[1,2,4,11,16,18,28,30,31,33,35,36,38],"killed_by":"Transient","ascension_level":3}