{"gold_per_floor":[367,378,390,404,47,47,79,79,79,79,91,91,41,55,55,158,158,177,158,175,125,135,135,135],"floor_reached":24,"playtime":1158,"items_purged":["Regret","Writhe"],"score":290,"play_id":"13e32f81-9976-4926-ac5d-c28332cb62a1","local_time":"20190117080425","is_ascension_mode":true,"campfire_choices":[{"data":"Footwork","floor":6,"key":"SMITH"},{"floor":10,"key":"REST"},{"data":"Leg Sweep","floor":15,"key":"SMITH"},{"floor":23,"key":"REST"}],"neow_cost":"CURSE","seed_source_timestamp":3485763434860824,"circlet_count":0,"master_deck":["Defend_G","Defend_G","Defend_G","Defend_G","Defend_G","Strike_G","Strike_G","Strike_G","Strike_G","Survivor","Neutralize","Dagger Spray","Malaise","Deadly Poison","Bane","Footwork+1","Deflect","Leg Sweep+1","Deadly Poison","Parasite","Bane","After Image","Injury","Shame","Dodge and Roll+1","Backflip","Dash","Skewer+1"],"relics":["Ring of the Snake","Blood Vial","Letter Opener","The Courier","Calling Bell","Smiling Mask","Sundial","Ice Cream"],"potions_floor_usage":[7,19,20],"damage_taken":[{"damage":9,"enemies":"Jaw Worm","floor":1,"turns":5},{"damage":9,"enemies":"Small Slimes","floor":2,"turns":5},{"damage":0,"enemies":"2 Louse","floor":3,"turns":2},{"damage":8,"enemies":"Looter","floor":4,"turns":4},{"damage":21,"enemies":"Gremlin Nob","floor":7,"turns":4},{"damage":7,"enemies":"2 Fungi Beasts","floor":11,"turns":4},{"damage":0,"enemies":"Exordium Wildlife","floor":14,"turns":4},{"damage":25,"enemies":"Hexaghost","floor":16,"turns":13},{"damage":12,"enemies":"Chosen","floor":18,"turns":11},{"damage":27,"enemies":"2 Thieves","floor":19,"turns":4},{"damage":1,"enemies":"Snecko","floor":20,"turns":8},{"damage":24,"enemies":"Centurion and Healer","floor":22,"turns":10},{"damage":34,"enemies":"Cultist and Chosen","floor":24,"turns":10}],"seed_played":"6569402086403605496","potions_obtained":[{"floor":3,"key":"SteroidPotion"},{"floor":11,"key":"SpeedPotion"},{"floor":14,"key":"Swift Potion"},{"floor":16,"key":"LiquidBronze"},{"floor":18,"key":"SteroidPotion"}],"is_trial":false,"path_per_floor":["M","M","M","M","$","R","E","?","T","R","M","?","?","M","R","B",null,"M","M","M","$","M","R","M"],"character_chosen":"THE_SILENT","items_purchased":["Blood Vial","Footwork","Deflect"],"campfire_rested":2,"item_purchase_floors":[5,5,5],"current_hp_per_floor":[54,45,45,37,37,37,18,18,18,39,34,51,51,53,53,30,60,50,25,26,26,4,25,0],"gold":135,"neow_bonus":"TWO_FIFTY_GOLD","is_prod":false,"is_daily":false,"chose_seed":false,"campfire_upgraded":2,"win_rate":0,"timestamp":1547708665,"path_taken":["M","M","M","M","$","R","E","?","T","R","M","?","?","M","R","BOSS","M","M","M","$","M","R","M"],"build_version":"2019-01-10","purchased_purges":2,"victory":false,"max_hp_per_floor":[70,70,70,70,70,70,70,70,70,70,70,70,70,70,70,70,70,70,70,70,70,70,70,70],"card_choices":[{"not_picked":["Flying Knee","Backflip"],"picked":"Dagger Spray","floor":1},{"not_picked":["Blur","Quick Slash"],"picked":"Malaise","floor":2},{"not_picked":["Flying Knee","Prepared"],"picked":"Deadly Poison","floor":3},{"not_picked":["Masterful Stab","Deflect"],"picked":"Bane","floor":4},{"not_picked":["Flying Knee","Dagger Spray"],"picked":"Leg Sweep","floor":7},{"not_picked":["Masterful Stab","Finisher"],"picked":"Deadly Poison","floor":11},{"not_picked":["Masterful Stab","Slice"],"picked":"Bane","floor":14},{"not_picked":["Unload","Malaise"],"picked":"After Image","floor":16},{"not_picked":["Dagger Throw","Flying Knee"],"picked":"Dodge and Roll+1","floor":18},{"not_picked":["Dodge and Roll","Prepared+1"],"picked":"Backflip","floor":19},{"not_picked":["Leg Sweep","Sucker Punch"],"picked":"Dash","floor":20},{"not_picked":["Finisher","Dash"],"picked":"Skewer+1","floor":22}],"player_experience":752665,"relics_obtained":[{"floor":7,"key":"Letter Opener"},{"floor":9,"key":"The Courier"},{"floor":17,"key":"Smiling Mask"},{"floor":17,"key":"Sundial"},{"floor":17,"key":"Ice Cream"}],"event_choices":[{"damage_healed":0,"gold_gain":0,"player_choice":"Searched \u00271\u0027 times","damage_taken":0,"max_hp_gain":0,"max_hp_loss":0,"event_name":"Dead Adventurer","floor":8,"gold_loss":0},{"damage_healed":17,"gold_gain":0,"player_choice":"Healed and dodged fight","damage_taken":0,"max_hp_gain":0,"max_hp_loss":0,"event_name":"Mushrooms","floor":12,"gold_loss":0,"cards_obtained":["Parasite"]},{"cards_removed":["Strike_G"],"damage_healed":0,"gold_gain":0,"player_choice":"Card Removal","damage_taken":0,"max_hp_gain":0,"max_hp_loss":0,"event_name":"The Cleric","floor":13,"gold_loss":50}],"is_beta":false,"boss_relics":[{"not_picked":["Runic Pyramid","White Beast Statue"],"picked":"Calling Bell"}],"items_purged_floors":[5,21],"is_endless":false,"potions_floor_spawned":[3,11,14,16,18],"killed_by":"Cultist and Chosen","ascension_level":9}