{"path_per_floor":["M","?","M","M","?","E","?","?","T","R","T","M","M","M","R"],"character_chosen":"IRONCLAD","items_purchased":[],"gold_per_floor":[117,117,140,160,160,193,193,267,348,348,428,446,469,485,485,485],"floor_reached":16,"campfire_rested":2,"playtime":826,"item_purchase_floors":[],"current_hp_per_floor":[80,60,63,68,73,44,44,26,26,54,54,41,38,37,65,0],"items_purged":[],"gold":485,"score":127,"play_id":"fe50e691-adcd-4a76-b897-2ecf717f8c57","local_time":"20180623031347","is_prod":false,"is_daily":false,"chose_seed":false,"is_ascension_mode":false,"campfire_upgraded":0,"win_rate":0.0,"timestamp":1529716427,"campfire_choices":[{"floor":10,"key":"REST"},{"floor":15,"key":"REST"}],"path_taken":["M","?","M","M","?","E","?","?","T","R","?","M","M","M","R","BOSS"],"build_version":"2018-06-21","seed_source_timestamp":64295433621738,"purchased_purges":0,"circlet_count":0,"victory":false,"master_deck":["Strike_R","Strike_R","Strike_R","Strike_R","Defend_R","Defend_R","Defend_R","Defend_R","Bash","Cleave","Flex","Bludgeon","Rampage","Body Slam","Shrug It Off","Perfected Strike","Whirlwind"],"max_hp_per_floor":[80,80,80,80,85,85,85,95,95,95,95,95,95,95,95,95],"relics":["Burning Blood","Golden Idol","Potion Belt","Pear","Ornamental Fan","Toolbox"],"card_choices":[{"not_picked":["Clothesline","Armaments"],"picked":"Cleave","floor":1},{"not_picked":["Warcry","Corruption"],"picked":"Flex","floor":3},{"not_picked":["Rage","Whirlwind"],"picked":"Bludgeon","floor":4},{"not_picked":["Carnage","Armaments"],"picked":"Rampage","floor":6},{"not_picked":["True Grit","Shockwave"],"picked":"Shrug It Off","floor":12},{"not_picked":["Clothesline","Second Wind"],"picked":"Perfected Strike","floor":13},{"not_picked":["Headbutt","Dark Embrace"],"picked":"Whirlwind","floor":14}],"player_experience":13139,"potions_floor_usage":[16],"damage_taken":[{"damage":5,"enemies":"Small Slimes","floor":1,"turns":6},{"damage":3,"enemies":"Jaw Worm","floor":3,"turns":4},{"damage":1,"enemies":"Cultist","floor":4,"turns":3},{"damage":35,"enemies":"3 Sentries","floor":6,"turns":6},{"damage":34,"enemies":"3 Sentries","floor":8,"turns":9},{"damage":19,"enemies":"3 Louse","floor":12,"turns":4},{"damage":9,"enemies":"2 Fungi Beasts","floor":13,"turns":3},{"damage":7,"enemies":"Blue Slaver","floor":14,"turns":2},{"damage":82,"enemies":"The Guardian","floor":16,"turns":11}],"relics_obtained":[{"floor":6,"key":"Potion Belt"},{"floor":8,"key":"Pear"},{"floor":9,"key":"Ornamental Fan"},{"floor":11,"key":"Toolbox"}],"event_choices":[{"event_name":"Golden Idol","player_choice":"Take Damage","floor":2,"damage_taken":0},{"event_name":"Big Fish","player_choice":"Donut","floor":5,"damage_taken":0},{"event_name":"Transmorgrifier","player_choice":"Transform","floor":7,"damage_taken":0},{"event_name":"Dead Adventurer","player_choice":"Searched \u00272\u0027 times","floor":8,"damage_taken":0}],"boss_relics":[],"items_purged_floors":[],"is_endless":false,"potions_floor_spawned":[6,13,14],"seed_played":"233900191643916089","killed_by":"The Guardian","ascension_level":0,"potions_obtained":[{"floor":6,"key":"Regen Potion"},{"floor":13,"key":"SneckoOil"},{"floor":14,"key":"Strength Potion"}],"is_trial":false}