{"gold_per_floor":[116,134,5,80,56,69,82,82,133,133,65,93,93,105,105,202,252,267,279,41,58,58,71,71,71,122,133,8,8],"floor_reached":29,"playtime":1671,"items_purged":["Strike_R","Strike_R","Strike_R"],"score":225,"play_id":"252fd11a-f249-4f38-8da7-eb0884fafb6f","local_time":"20180722125501","is_ascension_mode":false,"campfire_choices":[{"data":"Rage","floor":13.0,"key":"SMITH"},{"floor":15.0,"key":"REST"},{"data":"Iron Wave","floor":24,"key":"SMITH"}],"neow_cost":"NONE","seed_source_timestamp":0,"circlet_count":0,"master_deck":["Strike_R","Defend_R","Defend_R","Defend_R","Defend_R","Bash","Spot Weakness+1","Rage+1","Flex","Heavy Blade","Iron Wave+1","Ghostly Armor","Double Tap","Metallicize","Offering","Cleave","Double Tap","Armaments"],"special_seed":0,"relics":["Burning Blood","Potion Belt","Dream Catcher","Thread and Needle","Tiny House","Nilry\u0027s Codex","Regal Pillow"],"potions_floor_usage":[29],"damage_taken":[{"damage":2.0,"enemies":"Small Slimes","floor":1.0,"turns":4.0},{"damage":3.0,"enemies":"2 Louse","floor":2.0,"turns":3.0},{"damage":6.0,"enemies":"Cultist","floor":6.0,"turns":3.0},{"damage":12.0,"enemies":"2 Fungi Beasts","floor":7.0,"turns":4.0},{"damage":15.0,"enemies":"Lagavulin","floor":12.0,"turns":6.0},{"damage":0.0,"enemies":"Exordium Wildlife","floor":14.0,"turns":3.0},{"damage":9.0,"enemies":"The Guardian","floor":16.0,"turns":10.0},{"damage":12.0,"enemies":"3 Byrds","floor":18.0,"turns":8.0},{"damage":14.0,"enemies":"Spheric Guardian","floor":19.0,"turns":6.0},{"damage":6.0,"enemies":"Snake Plant","floor":21.0,"turns":3.0},{"damage":6,"enemies":"Snecko","floor":23,"turns":9},{"damage":46,"enemies":"Sentry and Sphere","floor":27,"turns":8},{"damage":21,"enemies":"3 Cultists","floor":29,"turns":5}],"seed_played":"-7308968896832989784","potions_obtained":[{"floor":1.0,"key":"Swift Potion"},{"floor":2.0,"key":"GamblersBrew"},{"floor":7.0,"key":"Energy Potion"},{"floor":17.0,"key":"Explosive Potion"},{"floor":18.0,"key":"Regen Potion"},{"floor":19.0,"key":"Poison Potion"}],"is_trial":false,"path_per_floor":["M","M","$","?","$","M","M","$","T","?","$","E","R","M","R","B",null,"M","M","$","M","?","M","R","?","T","M","$"],"character_chosen":"IRONCLAD","items_purchased":["Flex","Heavy Blade","Ghostly Armor","Double Tap"],"campfire_rested":1,"item_purchase_floors":[3,5,11,20],"current_hp_per_floor":[80,80,80,69,69,69,63,63,63,63,63,54,54,60,80,77,85,79,71,71,71,55,55,55,55,55,15,15,0],"gold":8,"neow_bonus":"REMOVE_CARD","is_prod":false,"is_daily":false,"chose_seed":false,"campfire_upgraded":2,"win_rate":0.0,"timestamp":1532235301,"path_taken":["M","M","$","?","$","M","M","$","T","?","?","E","R","M","R","BOSS","M","M","$","M","?","M","R","?","T","M","$","M"],"build_version":"2018-07-19v2","purchased_purges":3,"victory":false,"max_hp_per_floor":[80,80,80,80,80,80,80,80,80,80,80,80,80,80,80,80,85,85,85,85,85,85,85,85,85,85,85,85,85],"card_choices":[{"not_picked":["Flex","Twin Strike"],"picked":"Spot Weakness","floor":1.0},{"not_picked":["Spot Weakness","Pommel Strike"],"picked":"Rage","floor":2.0},{"not_picked":["Burning Pact","Warcry","Rage"],"picked":"SKIP","floor":6.0},{"not_picked":["Warcry","Heavy Blade"],"picked":"Iron Wave","floor":7.0},{"not_picked":["Corruption","Rampage"],"picked":"Double Tap","floor":12.0},{"not_picked":["Sword Boomerang","Heavy Blade"],"picked":"Metallicize","floor":14.0},{"not_picked":["Fiend Fire","Immolate"],"picked":"Offering","floor":16.0},{"not_picked":["Wild Strike","Clothesline","Flex"],"picked":"SKIP","floor":18.0},{"not_picked":["Anger+1","Clash"],"picked":"Cleave","floor":19.0},{"not_picked":["Perfected Strike","Disarm","Carnage"],"picked":"SKIP","floor":21},{"not_picked":["Bludgeon","Evolve","Pommel Strike"],"picked":"SKIP","floor":23},{"not_picked":["Rage+1","Whirlwind"],"picked":"Armaments","floor":27}],"player_experience":46135,"relics_obtained":[{"floor":9.0,"key":"Potion Belt"},{"floor":12.0,"key":"Thread and Needle"},{"floor":22,"key":"Nilry\u0027s Codex"},{"floor":26,"key":"Regal Pillow"}],"event_choices":[{"event_name":"World of Goop","player_choice":"Gather Gold","floor":4.0,"damage_taken":0.0},{"event_name":"Dead Adventurer","player_choice":"Searched \u00271\u0027 times","floor":10.0,"damage_taken":0.0},{"event_name":"Cursed Tome","player_choice":"Obtained Book","floor":22,"damage_taken":0},{"event_name":"The Mausoleum","player_choice":"No","floor":25,"damage_taken":0}],"is_beta":false,"boss_relics":[{"not_picked":["Cursed Key","Ectoplasm"],"picked":"Tiny House"}],"items_purged_floors":[3,20,28],"is_endless":false,"potions_floor_spawned":[1,2,7,18,19],"killed_by":"3 Cultists","ascension_level":0}