{"gold_per_floor":[119,119,44,60,60,60,91,105,130,155,168,343,343,55,55,183,183,206,305,321,344,344,344,259,259,259,272,297,316,441,82,82,203,203,219,244,244,269,284,284,318,318,318,333,208,227,227,227,227,227],"floor_reached":51,"playtime":4038,"items_purged":["Strike_R","Doubt","Strike_R"],"score":710,"play_id":"084d6360-6f9e-4877-8396-adec68dbe3ad","local_time":"20190105165159","is_ascension_mode":true,"campfire_choices":[{"data":"Bash","floor":6.0,"key":"SMITH"},{"data":"Searing Blow","floor":13.0,"key":"SMITH"},{"data":"Searing Blow+1","floor":15.0,"key":"SMITH"},{"data":"Searing Blow+2","floor":23.0,"key":"SMITH"},{"data":"Searing Blow+3","floor":25.0,"key":"SMITH"},{"floor":32.0,"key":"REST"},{"data":"Searing Blow+4","floor":40,"key":"SMITH"},{"data":"Searing Blow+5","floor":42,"key":"SMITH"},{"data":"Searing Blow+6","floor":47,"key":"SMITH"},{"floor":49,"key":"REST"}],"neow_cost":"NONE","seed_source_timestamp":0,"circlet_count":0,"master_deck":["Strike_R","Defend_R","Defend_R","Defend_R","Defend_R","Bash+1","Twin Strike","Thunderclap","Dual Wield","Metallicize","Searing Blow+7","Reaper","Disarm","Feed","Thunderclap+1","Headbutt","Shrug It Off+1","Cleave+1","Double Tap","Inflame+1","Iron Wave+1","Burning Pact","Parasite","Flame Barrier+1"],"special_seed":0,"relics":["Burning Blood","Golden Idol","Dream Catcher","Blood Vial","Thread and Needle","Velvet Choker","Kunai","Letter Opener","Prayer Wheel","Shovel","Self Forming Clay","Gremlin Horn","Sozu","Juzu Bracelet","Bag of Marbles"],"potions_floor_usage":[],"damage_taken":[{"damage":2.0,"enemies":"Small Slimes","floor":1.0,"turns":3.0},{"damage":0.0,"enemies":"2 Louse","floor":4.0,"turns":3.0},{"damage":42.0,"enemies":"3 Sentries","floor":7.0,"turns":11.0},{"damage":3.0,"enemies":"Jaw Worm","floor":8.0,"turns":3.0},{"damage":4.0,"enemies":"Blue Slaver","floor":10.0,"turns":4.0},{"damage":4.0,"enemies":"Exordium Wildlife","floor":11.0,"turns":7.0},{"damage":25.0,"enemies":"Hexaghost","floor":16.0,"turns":15.0},{"damage":34.0,"enemies":"Spheric Guardian","floor":18.0,"turns":6.0},{"damage":0.0,"enemies":"Chosen","floor":20.0,"turns":4.0},{"damage":32.0,"enemies":"Shelled Parasite and Fungi","floor":21.0,"turns":9.0},{"damage":40.0,"enemies":"Centurion and Healer","floor":27.0,"turns":7.0},{"damage":8.0,"enemies":"Snake Plant","floor":28.0,"turns":4.0},{"damage":6.0,"enemies":"Shelled Parasite and Fungi","floor":29.0,"turns":6.0},{"damage":13.0,"enemies":"Colosseum Slavers","floor":30.0,"turns":6.0},{"damage":31.0,"enemies":"Colosseum Nobs","floor":30.0,"turns":5.0},{"damage":73.0,"enemies":"Automaton","floor":33.0,"turns":10.0},{"damage":6,"enemies":"Orb Walker","floor":35,"turns":2},{"damage":22,"enemies":"3 Darklings","floor":36,"turns":4},{"damage":37,"enemies":"Transient","floor":38,"turns":5},{"damage":23,"enemies":"4 Shapes","floor":39,"turns":3},{"damage":88,"enemies":"Nemesis","floor":41,"turns":11},{"damage":10,"enemies":"Maw","floor":44,"turns":6},{"damage":9,"enemies":"Writhing Mass","floor":46,"turns":6},{"damage":72,"enemies":"Time Eater","floor":50,"turns":10}],"seed_played":"5678805455813127990","potions_obtained":[{"floor":8.0,"key":"Ancient Potion"},{"floor":11.0,"key":"Block Potion"},{"floor":16.0,"key":"Dexterity Potion"},{"floor":18.0,"key":"Ancient Potion"},{"floor":30.0,"key":"Strength Potion"}],"is_trial":false,"path_per_floor":["M","?","$","M","?","R","E","M","T","M","M","?","R","$","R","B",null,"M","?","M","M","?","R","?","R","T","M","M","M","?","$","R","B",null,"M","M","?","M","M","R","E","R","T","M","$","M","R","?","R","B",null],"character_chosen":"IRONCLAD","items_purchased":["Thread and Needle","Gremlin Horn"],"campfire_rested":2,"item_purchase_floors":[14,31],"current_hp_per_floor":[80,60,60,66,59,59,23,26,26,30,36,36,36,36,36,29,80,55,55,67,49,49,49,49,49,49,28,34,39,37,37,67,11,101,101,92,92,83,99,99,31,31,31,36,36,42,42,42,74,20],"gold":227,"neow_bonus":"THREE_CARDS","is_prod":false,"is_daily":false,"chose_seed":false,"campfire_upgraded":8,"win_rate":0,"timestamp":1546707119,"path_taken":["M","?","$","M","?","R","E","M","T","?","M","?","R","$","R","BOSS","M","?","M","M","?","R","?","R","T","M","?","M","?","$","R","BOSS","M","M","?","M","?","R","E","R","T","M","$","M","R","?","R","BOSS"],"build_version":"2019-01-03v4","purchased_purges":3,"victory":true,"max_hp_per_floor":[80,80,80,80,80,80,80,80,80,80,80,80,80,80,80,80,80,83,83,83,86,86,86,86,86,86,89,92,95,101,101,101,101,101,101,104,104,104,107,107,107,107,107,107,107,107,107,107,107,107],"card_choices":[{"not_picked":["Flex","Clothesline"],"picked":"Twin Strike","floor":0.0},{"not_picked":["Anger","Twin Strike"],"picked":"Thunderclap","floor":1.0},{"not_picked":["Flex","Armaments"],"picked":"Dual Wield","floor":4.0},{"not_picked":["Perfected Strike","Carnage"],"picked":"Metallicize","floor":7.0},{"not_picked":["Body Slam","Wild Strike"],"picked":"Searing Blow","floor":8.0},{"not_picked":["Warcry","Twin Strike"],"picked":"Reaper","floor":10.0},{"not_picked":["Corruption","Sword Boomerang"],"picked":"Disarm","floor":11.0},{"not_picked":["Reaper","Demon Form"],"picked":"Feed","floor":16.0},{"not_picked":["Seeing Red","Clash"],"picked":"Thunderclap+1","floor":18.0},{"not_picked":["Pummel","Sword Boomerang","Combust"],"picked":"SKIP","floor":20.0},{"not_picked":["Thunderclap+1","Anger","Metallicize"],"picked":"SKIP","floor":21.0},{"not_picked":["Seeing Red","Cleave","Iron Wave"],"picked":"SKIP","floor":27.0},{"not_picked":["Inflame","Sword Boomerang+1","Body Slam"],"picked":"SKIP","floor":27.0},{"not_picked":["Heavy Blade+1","Thunderclap"],"picked":"Headbutt","floor":28.0},{"not_picked":["Body Slam","Feel No Pain","Demon Form"],"picked":"SKIP","floor":28.0},{"not_picked":["Body Slam","Flex+1"],"picked":"Shrug It Off+1","floor":29.0},{"not_picked":["Reckless Charge","Clash"],"picked":"Cleave+1","floor":29.0},{"not_picked":["Offering","Berserk"],"picked":"Double Tap","floor":33.0},{"not_picked":["Clash","Searing Blow","Iron Wave"],"picked":"SKIP","floor":35},{"not_picked":["Anger+1","Headbutt","Pommel Strike"],"picked":"SKIP","floor":35},{"not_picked":["Sword Boomerang+1","True Grit+1"],"picked":"Inflame+1","floor":36},{"not_picked":["Searing Blow","Headbutt","Pommel Strike"],"picked":"SKIP","floor":36},{"not_picked":["Cleave+1","True Grit"],"picked":"Iron Wave+1","floor":38},{"not_picked":["Pummel","Clash+1","Feed"],"picked":"SKIP","floor":38},{"not_picked":["Seeing Red","Combust","Sword Boomerang"],"picked":"SKIP","floor":39},{"not_picked":["Warcry+1","Anger","Fire Breathing+1"],"picked":"SKIP","floor":39},{"not_picked":["Warcry+1","Flex+1","Bloodletting"],"picked":"SKIP","floor":41},{"not_picked":["Carnage","Metallicize"],"picked":"Burning Pact","floor":44},{"not_picked":["Anger","Iron Wave","Cleave"],"picked":"SKIP","floor":44},{"not_picked":["Iron Wave","Clash+1"],"picked":"Flame Barrier+1","floor":46},{"not_picked":["Metallicize+1","Cleave","Clothesline+1"],"picked":"SKIP","floor":46}],"player_experience":46360,"relics_obtained":[{"floor":7.0,"key":"Dream Catcher"},{"floor":9.0,"key":"Blood Vial"},{"floor":26.0,"key":"Prayer Wheel"},{"floor":30.0,"key":"Shovel"},{"floor":30.0,"key":"Self Forming Clay"},{"floor":41,"key":"Juzu Bracelet"},{"floor":43,"key":"Bag of Marbles"}],"event_choices":[{"damage_healed":0.0,"max_hp_gain":0.0,"max_hp_loss":0.0,"gold_gain":0.0,"event_name":"Golden Idol","player_choice":"Take Damage","floor":2.0,"gold_loss":0.0,"damage_taken":20.0,"relics_obtained":["Golden Idol"]},{"cards_removed":["Strike_R"],"damage_healed":0.0,"max_hp_gain":0.0,"max_hp_loss":0.0,"gold_gain":0.0,"event_name":"Golden Wing","player_choice":"Card Removal","floor":5.0,"gold_loss":0.0,"damage_taken":7.0},{"damage_healed":0.0,"max_hp_gain":0.0,"max_hp_loss":0.0,"gold_gain":175.0,"event_name":"Liars Game","player_choice":"AGREE","floor":12.0,"gold_loss":0.0,"damage_taken":0.0,"cards_obtained":["Doubt"]},{"damage_healed":0.0,"max_hp_gain":0.0,"max_hp_loss":0.0,"gold_gain":99.0,"event_name":"Nest","player_choice":"Stole From Cult","floor":19.0,"gold_loss":0.0,"damage_taken":0.0},{"damage_healed":0.0,"max_hp_gain":0.0,"max_hp_loss":0.0,"gold_gain":0.0,"event_name":"The Mausoleum","player_choice":"Opened","floor":22.0,"gold_loss":0.0,"damage_taken":0.0,"relics_obtained":["Kunai"]},{"damage_healed":0.0,"max_hp_gain":0.0,"max_hp_loss":0.0,"gold_gain":0.0,"event_name":"Addict","player_choice":"Obtained Relic","floor":24.0,"gold_loss":85.0,"damage_taken":0.0,"relics_obtained":["Letter Opener"]},{"damage_healed":0.0,"max_hp_gain":0.0,"max_hp_loss":0.0,"gold_gain":0.0,"event_name":"Colosseum","player_choice":"Fight","floor":30.0,"gold_loss":0.0,"damage_taken":0.0},{"damage_healed":0.0,"max_hp_gain":0.0,"max_hp_loss":0.0,"gold_gain":0.0,"event_name":"Colosseum","player_choice":"Fought Nobs","floor":30.0,"gold_loss":0.0,"damage_taken":0.0},{"cards_removed":["Strike_R"],"damage_healed":0,"gold_gain":0,"player_choice":"Offered Basic","damage_taken":0,"max_hp_gain":0,"max_hp_loss":0,"event_name":"Bonfire Elementals","floor":37,"gold_loss":0},{"damage_healed":0,"gold_gain":0,"player_choice":"Ignored","damage_taken":0,"max_hp_gain":0,"max_hp_loss":0,"event_name":"Mysterious Sphere","floor":48,"gold_loss":0}],"is_beta":false,"boss_relics":[{"not_picked":["Runic Dome","Tiny House"],"picked":"Velvet Choker"},{"not_picked":["Lizard Tail","Black Star"],"picked":"Sozu"}],"items_purged_floors":[3,31,45],"is_endless":false,"potions_floor_spawned":[8,11,16,18,27,28,30,35,36,41,44],"ascension_level":1}