{"gold_per_floor":[112,187,200,99,113,142,142,161,161,161,161,177,210,66,66,195,495,435,435],"floor_reached":19,"playtime":884,"items_purged":[],"score":235,"play_id":"230a077e-472c-4522-9330-2d05965ec851","local_time":"20181226021330","is_ascension_mode":true,"campfire_choices":[{"floor":11,"key":"REST"},{"floor":15,"key":"REST"}],"neow_cost":"NONE","seed_source_timestamp":525051537060081,"circlet_count":0,"master_deck":["Strike_R","Strike_R","Strike_R","Strike_R","Strike_R","Defend_R","Defend_R","Defend_R","Defend_R","Bash","Flex","Shrug It Off","Flex","Shrug It Off","Armaments","Twin Strike","Dropkick","Iron Wave","Shrug It Off","Cleave","Barricade","Shame","Decay","Decay","Shrug It Off"],"special_seed":0,"relics":["Burning Blood","Art of War","Golden Idol","PreservedInsect","Paper Frog","Calling Bell","Potion Belt","Question Card","Old Coin"],"potions_floor_usage":[6,6,16,16,16,19],"damage_taken":[{"damage":23.0,"enemies":"Jaw Worm","floor":1.0,"turns":4.0},{"damage":6.0,"enemies":"2 Louse","floor":3.0,"turns":3.0},{"damage":8.0,"enemies":"Small Slimes","floor":5.0,"turns":4.0},{"damage":32,"enemies":"Gremlin Nob","floor":6,"turns":4},{"damage":6,"enemies":"Looter","floor":8,"turns":4},{"damage":5,"enemies":"2 Fungi Beasts","floor":12,"turns":3},{"damage":32,"enemies":"Lagavulin","floor":13,"turns":5},{"damage":15,"enemies":"Slime Boss","floor":16,"turns":19},{"damage":25,"enemies":"2 Thieves","floor":18,"turns":4},{"damage":62,"enemies":"Masked Bandits","floor":19,"turns":5}],"seed_played":"1835547442869751952","potions_obtained":[{"floor":3.0,"key":"PowerPotion"},{"floor":6,"key":"PowerPotion"},{"floor":12,"key":"SpeedPotion"},{"floor":16,"key":"Dexterity Potion"}],"is_trial":false,"path_per_floor":["M","?","M","$","M","E","?","M","T","?","R","M","E","$","R","B",null,"M","?"],"character_chosen":"IRONCLAD","items_purchased":["Flex","FearPotion","Shrug It Off","Cleave","Block Potion"],"campfire_rested":2,"item_purchase_floors":[4,4,14,14,14],"current_hp_per_floor":[71,60,60,60,58,32,32,32,32,32,58,59,33,33,59,50,88,69,7],"gold":435,"neow_bonus":"TEN_PERCENT_HP_BONUS","is_prod":false,"is_daily":false,"chose_seed":false,"campfire_upgraded":0,"win_rate":0,"timestamp":1545819210,"path_taken":["M","?","M","$","M","E","?","?","T","?","R","M","E","?","R","BOSS","M","?"],"build_version":"2018-12-20","purchased_purges":0,"victory":false,"max_hp_per_floor":[88,88,88,88,88,88,88,88,88,88,88,88,88,88,88,88,88,88,88],"card_choices":[{"not_picked":["Cleave","Clothesline"],"picked":"Flex","floor":1.0},{"not_picked":["Intimidate","Wild Strike"],"picked":"Shrug It Off","floor":3.0},{"not_picked":["Blood for Blood","Cleave"],"picked":"Shrug It Off","floor":5.0},{"not_picked":["Rampage","Second Wind"],"picked":"Armaments","floor":6},{"not_picked":["Exhume","Combust"],"picked":"Twin Strike","floor":8},{"not_picked":["Carnage","Havoc"],"picked":"Dropkick","floor":12},{"not_picked":["Rupture","True Grit"],"picked":"Iron Wave","floor":13},{"not_picked":["Berserk","Feed"],"picked":"Barricade","floor":16},{"not_picked":["Battle Trance","Warcry+1","True Grit+1"],"picked":"Shrug It Off","floor":18}],"player_experience":239665,"relics_obtained":[{"floor":6,"key":"Art of War"},{"floor":9,"key":"PreservedInsect"},{"floor":13,"key":"Paper Frog"},{"floor":17,"key":"Potion Belt"},{"floor":17,"key":"Question Card"},{"floor":17,"key":"Old Coin"}],"event_choices":[{"damage_healed":0.0,"max_hp_gain":0.0,"max_hp_loss":0.0,"gold_gain":75.0,"event_name":"World of Goop","player_choice":"Gather Gold","floor":2.0,"gold_loss":0.0,"damage_taken":11.0},{"damage_healed":0,"gold_gain":0,"player_choice":"Take Wound","damage_taken":0,"relics_obtained":["Golden Idol"],"max_hp_gain":0,"max_hp_loss":0,"event_name":"Golden Idol","floor":7,"gold_loss":0,"cards_obtained":["Injury"]},{"cards_removed":["Injury"],"damage_healed":0,"gold_gain":0,"player_choice":"Forget","damage_taken":0,"max_hp_gain":0,"max_hp_loss":0,"event_name":"Living Wall","floor":10,"gold_loss":0},{"damage_healed":0,"gold_gain":0,"player_choice":"Fought Bandits","damage_taken":0,"max_hp_gain":0,"max_hp_loss":0,"event_name":"Masked Bandits","floor":19,"gold_loss":0}],"is_beta":false,"boss_relics":[{"not_picked":["Snecko Eye","Runic Cube"],"picked":"Calling Bell"}],"items_purged_floors":[],"is_endless":false,"potions_floor_spawned":[3,6,12,16],"killed_by":"Masked Bandits","ascension_level":4}