{"gold_per_floor":[119,137,153,2,19,19,46,56,83,115,133,144,144,159,159,257,257,274,291,24,24,24,24,43,53,79,98,115,115,115,129,129,230,230,242,242,242,37,137,137,37,90,90,90,0,25,39,58,58,58],"floor_reached":50,"playtime":1517,"items_purged":["Strike_R","Strike_R"],"score":608,"play_id":"10a909bc-1d49-4534-be86-7dc2fc1dd496","local_time":"20190201230101","is_ascension_mode":true,"campfire_choices":[{"data":"Bludgeon","floor":6,"key":"SMITH"},{"data":"Flame Barrier","floor":13,"key":"SMITH"},{"data":"Shrug It Off","floor":15,"key":"SMITH"},{"data":"Sadistic Nature","floor":23,"key":"SMITH"},{"data":"Spot Weakness","floor":29,"key":"SMITH"},{"data":"Cleave","floor":32,"key":"SMITH"},{"data":"Apotheosis","floor":40,"key":"SMITH"},{"data":"Madness","floor":49,"key":"SMITH"}],"neow_cost":"NONE","seed_source_timestamp":45449584665939,"circlet_count":0,"master_deck":["Strike_R","Strike_R","Strike_R+1","Defend_R","Defend_R","Defend_R","Defend_R","Bash+1","Flame Barrier+1","Cleave+1","Bludgeon+1","Spot Weakness+1","Shrug It Off+1","Thunderclap","Impervious","Whirlwind+1","Armaments+1","Sadistic Nature+1","Thunderclap","Shockwave+1","Clothesline+1","Reaper","Flex","Apotheosis+1","Intimidate+1","Madness+1","Madness","Heavy Blade+1","Thunderclap+1"],"relics":["Burning Blood","Ancient Tea Set","Bronze Scales","Kunai","Art of War","Vajra","Coffee Dripper","Centennial Puzzle","Eternal Feather","Medical Kit","Incense Burner","Prayer Wheel","Strawberry","Red Mask","Whetstone"],"potions_floor_usage":[12,31,50],"damage_taken":[{"damage":1,"enemies":"Cultist","floor":1,"turns":3},{"damage":7,"enemies":"Small Slimes","floor":2,"turns":5},{"damage":0,"enemies":"2 Louse","floor":3,"turns":3},{"damage":4,"enemies":"2 Fungi Beasts","floor":5,"turns":3},{"damage":20,"enemies":"Gremlin Nob","floor":7,"turns":4},{"damage":0,"enemies":"Large Slime","floor":8,"turns":3},{"damage":13,"enemies":"Lagavulin","floor":10,"turns":6},{"damage":11,"enemies":"Looter","floor":11,"turns":2},{"damage":5,"enemies":"Exordium Thugs","floor":12,"turns":4},{"damage":10,"enemies":"2 Fungi Beasts","floor":14,"turns":3},{"damage":39,"enemies":"The Guardian","floor":16,"turns":10},{"damage":11,"enemies":"2 Thieves","floor":18,"turns":3},{"damage":0,"enemies":"Spheric Guardian","floor":19,"turns":4},{"damage":1,"enemies":"Snecko","floor":24,"turns":3},{"damage":3,"enemies":"Snake Plant","floor":25,"turns":4},{"damage":11,"enemies":"Centurion and Healer","floor":27,"turns":4},{"damage":10,"enemies":"Shelled Parasite and Fungi","floor":28,"turns":5},{"damage":6,"enemies":"Snake Plant","floor":31,"turns":3},{"damage":41,"enemies":"Champ","floor":33,"turns":9},{"damage":16,"enemies":"3 Shapes","floor":35,"turns":3},{"damage":17,"enemies":"Mind Bloom Boss Battle","floor":39,"turns":6},{"damage":20,"enemies":"2 Orb Walkers","floor":42,"turns":5},{"damage":21,"enemies":"Reptomancer","floor":46,"turns":5},{"damage":2,"enemies":"Orb Walker","floor":47,"turns":4},{"damage":29,"enemies":"3 Darklings","floor":48,"turns":4},{"damage":85,"enemies":"Donu and Deca","floor":50,"turns":7}],"seed_played":"7115494659633452628","potions_obtained":[{"floor":1,"key":"LiquidBronze"},{"floor":2,"key":"SpeedPotion"},{"floor":3,"key":"Block Potion"},{"floor":12,"key":"Fruit Juice"},{"floor":14,"key":"Energy Potion"},{"floor":19,"key":"BloodPotion"},{"floor":35,"key":"Ancient Potion"},{"floor":47,"key":"Block Potion"}],"is_trial":false,"path_per_floor":["M","M","M","$","M","R","E","M","T","E","M","M","R","M","R","B",null,"M","M","$","?","?","R","M","M","T","M","M","R","?","M","R","B",null,"M","?","?","$","?","R","$","?","T","?","?","E","M","M","R","B"],"character_chosen":"IRONCLAD","items_purchased":["Bronze Scales","Armaments","Sadistic Nature","Medical Kit"],"campfire_rested":0,"item_purchase_floors":[4,20,20,38],"current_hp_per_floor":[80,79,80,80,80,80,66,72,72,65,60,66,66,62,62,29,71,66,72,72,72,72,72,77,80,80,75,71,71,71,71,71,36,73,75,75,75,75,73,85,85,83,90,78,78,63,67,44,59,0],"gold":58,"neow_bonus":"RANDOM_COMMON_RELIC","is_prod":false,"is_daily":false,"chose_seed":false,"campfire_upgraded":8,"win_rate":0,"timestamp":1549058461,"path_taken":["M","M","M","$","M","R","E","M","T","E","M","M","R","M","R","BOSS","M","M","$","?","?","R","M","M","T","M","?","R","?","M","R","BOSS","M","?","?","$","?","R","$","?","T","?","?","E","?","M","R","BOSS"],"build_version":"2019-01-23","purchased_purges":2,"victory":false,"max_hp_per_floor":[80,80,80,80,80,80,80,80,80,80,80,85,85,85,85,85,85,85,85,85,85,85,85,85,85,85,85,85,85,85,85,85,85,85,85,85,85,85,85,85,85,85,92,92,92,92,92,92,92,92],"card_choices":[{"not_picked":["Twin Strike","Havoc"],"picked":"Flame Barrier","floor":1},{"not_picked":["Feel No Pain","Clash"],"picked":"Cleave","floor":2},{"not_picked":["Searing Blow","Anger"],"picked":"Dropkick","floor":3},{"not_picked":["Thunderclap","Searing Blow"],"picked":"Bludgeon","floor":5},{"not_picked":["Reckless Charge","Blood for Blood"],"picked":"Spot Weakness","floor":7},{"not_picked":["Perfected Strike","Havoc"],"picked":"Shrug It Off","floor":8},{"not_picked":["Burning Pact","Carnage","Sword Boomerang"],"picked":"SKIP","floor":10},{"not_picked":["Havoc","Body Slam","Wild Strike"],"picked":"SKIP","floor":11},{"not_picked":["Shockwave","Body Slam","Perfected Strike"],"picked":"SKIP","floor":12},{"not_picked":["Wild Strike","Rupture"],"picked":"Thunderclap","floor":14},{"not_picked":["Immolate","Fiend Fire"],"picked":"Impervious","floor":16},{"not_picked":["Spot Weakness","Infernal Blade"],"picked":"Whirlwind+1","floor":18},{"not_picked":["Iron Wave","Warcry","Flame Barrier"],"picked":"SKIP","floor":19},{"not_picked":["Bloodletting","Pommel Strike+1"],"picked":"Thunderclap","floor":24},{"not_picked":["Iron Wave","Cleave","Warcry"],"picked":"SKIP","floor":25},{"not_picked":["Body Slam","Warcry"],"picked":"Shockwave+1","floor":27},{"not_picked":["Fire Breathing+1","Bludgeon"],"picked":"Clothesline+1","floor":28},{"not_picked":["Headbutt+1","Heavy Blade","Clash"],"picked":"SKIP","floor":31},{"not_picked":["Demon Form","Brutality"],"picked":"Reaper","floor":33},{"not_picked":["Havoc+1","Wild Strike+1"],"picked":"Flex","floor":35},{"not_picked":["PanicButton","Discovery"],"picked":"Apotheosis","floor":37},{"not_picked":["Pummel+1","Burning Pact+1"],"picked":"Intimidate+1","floor":39},{"not_picked":["Searing Blow","Perfected Strike+1","True Grit+1"],"picked":"SKIP","floor":46},{"not_picked":["Pummel","Sever Soul","Thunderclap+1"],"picked":"SKIP","floor":47},{"not_picked":["Offering","Hemokinesis","Dropkick"],"picked":"SKIP","floor":47},{"not_picked":["Headbutt+1","Iron Wave"],"picked":"Heavy Blade+1","floor":48},{"not_picked":["Shockwave","Searing Blow+1"],"picked":"Thunderclap+1","floor":48}],"player_experience":253211,"relics_obtained":[{"floor":7,"key":"Kunai"},{"floor":9,"key":"Art of War"},{"floor":10,"key":"Vajra"},{"floor":26,"key":"Centennial Puzzle"},{"floor":39,"key":"Incense Burner"},{"floor":42,"key":"Prayer Wheel"},{"floor":43,"key":"Strawberry"},{"floor":46,"key":"Whetstone"}],"event_choices":[{"damage_healed":0,"gold_gain":0,"player_choice":"Ignored","damage_taken":0,"max_hp_gain":0,"max_hp_loss":0,"event_name":"Cursed Tome","floor":21,"gold_loss":0},{"damage_healed":0,"gold_gain":0,"player_choice":"Upgraded","damage_taken":0,"max_hp_gain":0,"max_hp_loss":0,"event_name":"Upgrade Shrine","floor":22,"gold_loss":0,"cards_upgraded":["Armaments"]},{"damage_healed":0,"gold_gain":0,"player_choice":"Ignored","damage_taken":0,"max_hp_gain":0,"max_hp_loss":0,"event_name":"The Mausoleum","floor":30,"gold_loss":0},{"cards_removed":["Dropkick"],"damage_healed":0,"gold_gain":0,"player_choice":"Removed Attack","damage_taken":0,"max_hp_gain":0,"max_hp_loss":0,"event_name":"Falling","floor":36,"gold_loss":0},{"damage_healed":0,"gold_gain":0,"player_choice":"Memory 1","damage_taken":0,"max_hp_gain":0,"max_hp_loss":0,"event_name":"SensoryStone","floor":37,"gold_loss":0},{"damage_healed":0,"gold_gain":0,"player_choice":"Fight","damage_taken":0,"max_hp_gain":0,"max_hp_loss":0,"event_name":"MindBloom","floor":39,"gold_loss":0},{"damage_healed":0,"gold_gain":0,"player_choice":"Fight","damage_taken":0,"max_hp_gain":0,"max_hp_loss":0,"event_name":"Mysterious Sphere","floor":42,"gold_loss":0},{"damage_healed":0,"gold_gain":0,"player_choice":"Embrace Madness","damage_taken":12,"max_hp_gain":0,"max_hp_loss":0,"event_name":"Winding Halls","floor":44,"gold_loss":0,"cards_obtained":["Madness","Madness"]},{"damage_healed":0,"gold_gain":0,"player_choice":"Paid","damage_taken":0,"relics_obtained":["Red Mask"],"max_hp_gain":0,"max_hp_loss":0,"event_name":"Tomb of Lord Red Mask","floor":45,"gold_loss":90}],"is_beta":false,"boss_relics":[{"not_picked":["Black Blood","Snecko Eye"],"picked":"Coffee Dripper"},{"not_picked":["Runic Cube","Cursed Key"],"picked":"Eternal Feather"}],"items_purged_floors":[20,41],"is_endless":false,"potions_floor_spawned":[1,2,3,12,14,18,19,27,28,35,47,48],"killed_by":"Donu and Deca","ascension_level":5}