{"gold_per_floor":[119,36,49,10,85,113,113,113,189,33,33,59,73,92,92,188,188,206,206,218,109,109,109,135,135,135,166,86,116,116,52,52,157,157,175,175,275,287,287,287,319,319,387,387,403,403,403,403,403,403],"floor_reached":51,"playtime":2598,"items_purged":["Strike_G","Strike_G"],"score":783,"play_id":"82819f8b-5c9a-45e8-a6c6-49a13e61fc42","local_time":"20190126122241","is_ascension_mode":false,"campfire_choices":[{"data":"Footwork","floor":8,"key":"SMITH"},{"data":"Distraction","floor":11,"key":"SMITH"},{"data":"Dash","floor":15,"key":"SMITH"},{"data":"Infinite Blades","floor":23,"key":"SMITH"},{"floor":25,"key":"REST"},{"data":"Corpse Explosion","floor":30,"key":"SMITH"},{"data":"Accuracy","floor":32,"key":"SMITH"},{"floor":40,"key":"DIG"},{"data":"1","floor":42,"key":"LIFT"},{"data":"2","floor":44,"key":"LIFT"},{"data":"3","floor":46,"key":"LIFT"},{"floor":49,"key":"DIG"}],"neow_cost":"TEN_PERCENT_HP_LOSS","seed_source_timestamp":12211640508794,"circlet_count":0,"master_deck":["Defend_G","Defend_G","Defend_G","Defend_G","Defend_G+1","Strike_G+1","Strike_G+1","Strike_G","Survivor","Neutralize","Dagger Throw","Dash+1","PiercingWail+1","Distraction+1","Footwork+1","Blade Dance","Backstab","Backstab","Corpse Explosion+1","Sucker Punch+1","Cloak And Dagger","Footwork","Infinite Blades+1","Flying Knee","Cloak And Dagger+1","Accuracy+1","Glass Knife","Accuracy+1","Madness"],"special_seed":0,"relics":["Ring of the Snake","Thread and Needle","Darkstone Periapt","Singing Bowl","Bronze Scales","Blood Vial","Black Star","Dodecahedron","The Courier","Mummified Hand","Omamori","Whetstone","Strawberry","War Paint","Eternal Feather","Shovel","Girya","Ninja Scroll","Calipers","Kunai","Sundial"],"potions_floor_usage":[24,29,41,50],"damage_taken":[{"damage":0,"enemies":"Cultist","floor":1,"turns":4},{"damage":0,"enemies":"Jaw Worm","floor":3,"turns":4},{"damage":5,"enemies":"3 Sentries","floor":6,"turns":13},{"damage":3,"enemies":"Gremlin Nob","floor":12,"turns":5},{"damage":0,"enemies":"Small Slimes","floor":13,"turns":2},{"damage":0,"enemies":"2 Fungi Beasts","floor":14,"turns":3},{"damage":14,"enemies":"Slime Boss","floor":16,"turns":22},{"damage":5,"enemies":"2 Thieves","floor":18,"turns":2},{"damage":12,"enemies":"Spheric Guardian","floor":20,"turns":4},{"damage":2,"enemies":"Colosseum Slavers","floor":22,"turns":4},{"damage":12,"enemies":"Gremlin Leader","floor":24,"turns":8},{"damage":9,"enemies":"Book of Stabbing","floor":27,"turns":7},{"damage":5,"enemies":"Slavers","floor":29,"turns":2},{"damage":39,"enemies":"Collector","floor":33,"turns":12},{"damage":5,"enemies":"3 Darklings","floor":35,"turns":4},{"damage":18,"enemies":"Mind Bloom Boss Battle","floor":37,"turns":8},{"damage":0,"enemies":"Orb Walker","floor":38,"turns":3},{"damage":29,"enemies":"Nemesis","floor":41,"turns":9},{"damage":0,"enemies":"Transient","floor":45,"turns":5},{"damage":48,"enemies":"Donu and Deca","floor":50,"turns":5}],"seed_played":"-413383457112166616","potions_obtained":[{"floor":1,"key":"Dexterity Potion"},{"floor":6,"key":"FearPotion"},{"floor":13,"key":"PowerPotion"},{"floor":33,"key":"Weak Potion"},{"floor":37,"key":"Ancient Potion"},{"floor":41,"key":"Weak Potion"}],"is_trial":false,"path_per_floor":["M","$","M","$","?","E","?","R","T","$","R","E","M","M","R","B",null,"M","?","M","$","?","R","E","R","T","E","$","E","R","$","R","B",null,"M","?","?","M","?","R","E","R","T","R","M","R","?","?","R","B",null],"character_chosen":"THE_SILENT","items_purchased":["Dash","PiercingWail","Footwork","Bronze Scales","Infinite Blades","Accuracy"],"campfire_rested":1,"item_purchase_floors":[2,2,4,10,21,31],"current_hp_per_floor":[63,63,63,63,52,47,52,52,52,52,52,49,51,55,55,43,70,65,65,55,55,55,55,45,66,66,59,59,65,65,65,65,28,79,76,76,60,64,64,79,54,69,69,84,87,87,76,76,87,39],"gold":403,"neow_bonus":"ONE_RARE_RELIC","is_prod":false,"is_daily":false,"chose_seed":false,"campfire_upgraded":6,"win_rate":0,"timestamp":1548526961,"path_taken":["M","?","?","$","?","E","?","R","T","$","R","E","M","M","R","BOSS","M","?","M","$","?","R","E","R","T","E","$","E","R","?","R","BOSS","M","?","?","M","?","R","E","R","T","R","M","R","?","?","R","BOSS"],"build_version":"2019-01-23","purchased_purges":2,"victory":true,"max_hp_per_floor":[63,63,63,63,63,63,68,68,68,68,68,68,68,70,70,70,70,70,70,70,70,70,70,70,70,70,70,70,79,79,79,79,79,79,81,81,81,83,83,83,85,85,85,85,87,87,87,87,87,87],"card_choices":[{"not_picked":["Tactician","Skewer"],"picked":"Dagger Throw","floor":1},{"not_picked":["Caltrops","Terror"],"picked":"Distraction","floor":3},{"not_picked":["Endless Agony","Eviscerate"],"picked":"Blade Dance","floor":6},{"not_picked":["Escape Plan","Heel Hook"],"picked":"Backstab","floor":12},{"not_picked":["Finisher","Deadly Poison"],"picked":"Backstab","floor":13},{"not_picked":["Backflip","Bane","Poisoned Stab"],"picked":"Singing Bowl","floor":14},{"not_picked":["Doppelganger","Malaise"],"picked":"Corpse Explosion","floor":16},{"not_picked":["Deflect","Endless Agony+1"],"picked":"Sucker Punch+1","floor":18},{"not_picked":["PiercingWail","Dagger Throw+1"],"picked":"Footwork","floor":20},{"not_picked":["Infinite Blades","Underhanded Strike"],"picked":"Flying Knee","floor":24},{"not_picked":["Eviscerate","Catalyst"],"picked":"Cloak And Dagger+1","floor":27},{"not_picked":["Heel Hook","Caltrops","Finisher"],"picked":"Singing Bowl","floor":29},{"not_picked":["Phantasmal Killer","Doppelganger"],"picked":"Glass Knife","floor":33},{"not_picked":["Slice+1","Distraction","Deflect+1"],"picked":"Singing Bowl","floor":35},{"not_picked":["Sucker Punch","Deadly Poison"],"picked":"Accuracy+1","floor":37},{"not_picked":["Blade Dance","PiercingWail","Acrobatics"],"picked":"Singing Bowl","floor":38},{"not_picked":["Deadly Poison+1","Cloak And Dagger+1","Reflex"],"picked":"Singing Bowl","floor":41},{"not_picked":["All Out Attack","Poisoned Stab","Flying Knee"],"picked":"Singing Bowl","floor":45}],"player_experience":321687,"relics_obtained":[{"floor":6,"key":"Darkstone Periapt"},{"floor":9,"key":"Singing Bowl"},{"floor":12,"key":"Blood Vial"},{"floor":24,"key":"Dodecahedron"},{"floor":24,"key":"The Courier"},{"floor":26,"key":"Mummified Hand"},{"floor":27,"key":"Omamori"},{"floor":27,"key":"Whetstone"},{"floor":29,"key":"Strawberry"},{"floor":29,"key":"War Paint"},{"floor":37,"key":"Shovel"},{"floor":40,"key":"Girya"},{"floor":41,"key":"Ninja Scroll"},{"floor":41,"key":"Calipers"},{"floor":43,"key":"Kunai"},{"floor":49,"key":"Sundial"}],"event_choices":[{"damage_healed":0,"gold_gain":75,"player_choice":"Gather Gold","damage_taken":11,"max_hp_gain":0,"max_hp_loss":0,"event_name":"World of Goop","floor":5,"gold_loss":0},{"damage_healed":0,"gold_gain":0,"player_choice":"Donut","damage_taken":0,"max_hp_gain":5,"max_hp_loss":0,"event_name":"Big Fish","floor":7,"gold_loss":0},{"damage_healed":0,"gold_gain":0,"player_choice":"Read","damage_taken":0,"max_hp_gain":0,"max_hp_loss":0,"event_name":"The Library","floor":19,"gold_loss":0,"cards_obtained":["Cloak And Dagger"]},{"damage_healed":0,"gold_gain":0,"player_choice":"Fight","damage_taken":0,"max_hp_gain":0,"max_hp_loss":0,"event_name":"Colosseum","floor":22,"gold_loss":0},{"damage_healed":0,"gold_gain":0,"player_choice":"Fled From Nobs","damage_taken":0,"max_hp_gain":0,"max_hp_loss":0,"event_name":"Colosseum","floor":22,"gold_loss":0},{"damage_healed":0,"gold_gain":0,"player_choice":"Ignored","damage_taken":0,"max_hp_gain":0,"max_hp_loss":0,"event_name":"Tomb of Lord Red Mask","floor":36,"gold_loss":0},{"damage_healed":0,"gold_gain":0,"player_choice":"Fight","damage_taken":0,"max_hp_gain":0,"max_hp_loss":0,"event_name":"MindBloom","floor":37,"gold_loss":0},{"damage_healed":0,"gold_gain":0,"player_choice":"Ignored","damage_taken":0,"max_hp_gain":0,"max_hp_loss":0,"event_name":"Mysterious Sphere","floor":39,"gold_loss":0},{"damage_healed":0,"gold_gain":0,"player_choice":"Embrace Madness","damage_taken":11,"max_hp_gain":0,"max_hp_loss":0,"event_name":"Winding Halls","floor":47,"gold_loss":0,"cards_obtained":["Madness","Madness"]},{"cards_removed":["Madness"],"damage_healed":0,"gold_gain":0,"player_choice":"Removed Skill","damage_taken":0,"max_hp_gain":0,"max_hp_loss":0,"event_name":"Falling","floor":48,"gold_loss":0}],"is_beta":false,"boss_relics":[{"not_picked":["Sozu","Snecko Eye"],"picked":"Black Star"},{"not_picked":["Philosopher\u0027s Stone","Coffee Dripper"],"picked":"Eternal Feather"}],"items_purged_floors":[21,28],"is_endless":false,"potions_floor_spawned":[1,6,13,16,18,22,33,37,41],"ascension_level":0}