{"gold_per_floor":[109,127,127,141,155,186,186,198,198,232,72,72,130,141,141,246,246,265,280,69,69,81,81],"floor_reached":23,"playtime":1408,"items_purged":["Pain"],"score":238,"play_id":"de8cba2b-9aa9-426b-ae8a-e3a0bc7a6103","local_time":"20190126212901","is_ascension_mode":true,"campfire_choices":[{"data":"Bash","floor":7,"key":"SMITH"},{"floor":12,"key":"REST"},{"floor":15,"key":"REST"}],"neow_cost":"NONE","seed_source_timestamp":583248862889754,"circlet_count":0,"master_deck":["Strike_R","Strike_R","Strike_R","Strike_R","Strike_R","Defend_R+1","Defend_R+1","Defend_R","Defend_R","Bash+1","True Grit","Shrug It Off","Seeing Red","Body Slam","Heavy Blade","Dark Embrace","Seeing Red","Disarm","Finesse","Metallicize","Shockwave","Feed","Fire Breathing","Flex","Immolate","Shame","Carnage"],"relics":["Black Star","WarpedTongs","Vajra","Mercury Hourglass","Pear","Letter Opener","Pen Nib","War Paint","White Beast Statue","Toxic Egg 2"],"potions_floor_usage":[13,16,23,23],"damage_taken":[{"damage":11,"enemies":"Cultist","floor":1,"turns":5},{"damage":3,"enemies":"Jaw Worm","floor":2,"turns":4},{"damage":4,"enemies":"Small Slimes","floor":4,"turns":4},{"damage":3,"enemies":"Blue Slaver","floor":5,"turns":6},{"damage":24,"enemies":"Gremlin Nob","floor":6,"turns":5},{"damage":13,"enemies":"Large Slime","floor":8,"turns":4},{"damage":29,"enemies":"Lagavulin","floor":10,"turns":5},{"damage":12,"enemies":"3 Sentries","floor":13,"turns":8},{"damage":2,"enemies":"3 Louse","floor":14,"turns":2},{"damage":10,"enemies":"Slime Boss","floor":16,"turns":11},{"damage":12,"enemies":"Spheric Guardian","floor":18,"turns":4},{"damage":31,"enemies":"3 Byrds","floor":19,"turns":6},{"damage":36,"enemies":"Snake Plant","floor":22,"turns":7},{"damage":18,"enemies":"Book of Stabbing","floor":23,"turns":6}],"seed_played":"2165007828969621860","potions_obtained":[{"floor":4,"key":"Explosive Potion"},{"floor":5,"key":"Dexterity Potion"},{"floor":6,"key":"Block Potion"},{"floor":13,"key":"Poison Potion"},{"floor":16,"key":"Energy Potion"},{"floor":18,"key":"PowerPotion"}],"is_trial":false,"path_per_floor":["M","M","?","M","M","E","R","M","T","E","$","R","?","M","R","B",null,"M","M","$","?","M","E"],"character_chosen":"IRONCLAD","items_purchased":["Disarm","Finesse","Immolate"],"campfire_rested":2,"item_purchase_floors":[11,11,20],"current_hp_per_floor":[69,66,66,62,59,35,35,22,32,3,3,30,18,16,43,33,90,82,54,54,54,18,0],"gold":81,"neow_bonus":"BOSS_RELIC","is_prod":false,"is_daily":false,"chose_seed":false,"campfire_upgraded":1,"win_rate":0,"timestamp":1548556141,"path_taken":["M","?","?","M","M","E","R","?","T","E","$","R","?","M","R","BOSS","M","M","$","?","M","E"],"build_version":"2019-01-23","purchased_purges":1,"victory":false,"max_hp_per_floor":[80,80,80,80,80,80,80,80,90,90,90,90,90,90,90,90,90,94,97,97,97,97,97],"card_choices":[{"not_picked":["Sword Boomerang","Carnage"],"picked":"True Grit","floor":1},{"not_picked":["Thunderclap","Headbutt"],"picked":"Shrug It Off","floor":2},{"not_picked":["Clothesline","Carnage"],"picked":"Seeing Red","floor":4},{"not_picked":["Dual Wield","Clothesline"],"picked":"Body Slam","floor":5},{"not_picked":["Havoc","Sword Boomerang"],"picked":"Heavy Blade","floor":6},{"not_picked":["Evolve","Havoc"],"picked":"Dark Embrace","floor":8},{"not_picked":["Twin Strike","Cleave"],"picked":"Seeing Red","floor":10},{"not_picked":["Sword Boomerang","Armaments"],"picked":"Metallicize","floor":13},{"not_picked":["Clothesline","Dual Wield"],"picked":"Shockwave","floor":14},{"not_picked":["Brutality","Dark Embrace"],"picked":"Feed","floor":16},{"not_picked":["Havoc","Anger"],"picked":"Fire Breathing","floor":18},{"not_picked":["Warcry","Clothesline+1"],"picked":"Flex","floor":19},{"not_picked":["Rupture+1","Clothesline"],"picked":"Carnage","floor":22}],"player_experience":119339,"relics_obtained":[{"floor":6,"key":"Vajra"},{"floor":6,"key":"Mercury Hourglass"},{"floor":9,"key":"Pear"},{"floor":10,"key":"Letter Opener"},{"floor":10,"key":"Pen Nib"},{"floor":13,"key":"War Paint"}],"event_choices":[{"damage_healed":0,"gold_gain":0,"player_choice":"Rummage","damage_taken":0,"relics_obtained":["WarpedTongs"],"max_hp_gain":0,"max_hp_loss":0,"event_name":"Accursed Blacksmith","floor":3,"gold_loss":0,"cards_obtained":["Pain"]},{"damage_healed":0,"gold_gain":30,"player_choice":"Searched \u00272\u0027 times","damage_taken":0,"max_hp_gain":0,"max_hp_loss":0,"event_name":"Dead Adventurer","floor":13,"gold_loss":0},{"damage_healed":0,"gold_gain":0,"player_choice":"Stole Relic","damage_taken":0,"relics_obtained":["Toxic Egg 2"],"max_hp_gain":0,"max_hp_loss":0,"event_name":"Addict","floor":21,"gold_loss":0,"cards_obtained":["Shame"]}],"is_beta":false,"boss_relics":[{"not_picked":["Runic Pyramid","Runic Cube"],"picked":"White Beast Statue"}],"items_purged_floors":[20],"is_endless":false,"potions_floor_spawned":[4,5,6,13,16,18,19,22],"killed_by":"Book of Stabbing","ascension_level":1}