{"gold_per_floor":[117,42,61,73,89,89,101,101,101,113,113,140,140,162,162,263,263,277,292,308,308,328,328,328],"floor_reached":24,"playtime":3478,"items_purged":["Strike_R"],"score":210,"play_id":"484034eb-6c4b-4364-8547-6956d12724fe","local_time":"20180805200155","is_ascension_mode":true,"campfire_choices":[{"data":"Whirlwind","floor":6.0,"key":"SMITH"},{"data":"Body Slam","floor":11.0,"key":"SMITH"},{"data":"Warcry","floor":13.0,"key":"SMITH"},{"data":"Shrug It Off","floor":15.0,"key":"SMITH"},{"floor":23,"key":"REST"}],"neow_cost":"NONE","seed_source_timestamp":0,"circlet_count":0,"master_deck":["Strike_R","Strike_R","Strike_R","Strike_R","Defend_R","Defend_R","Defend_R","Defend_R","Bash","Body Slam+1","Battle Trance","Whirlwind+1","Double Tap","Warcry+1","Shrug It Off+1","Limit Break+1","Shrug It Off"],"special_seed":0,"relics":["Black Blood","Bag of Marbles","Self Forming Clay","Dodecahedron","Odd Mushroom"],"potions_floor_usage":[22,24],"damage_taken":[{"damage":6.0,"enemies":"Jaw Worm","floor":1.0,"turns":3.0},{"damage":5.0,"enemies":"2 Louse","floor":3.0,"turns":2.0},{"damage":0.0,"enemies":"Small Slimes","floor":4.0,"turns":3.0},{"damage":7.0,"enemies":"2 Fungi Beasts","floor":5.0,"turns":4.0},{"damage":4.0,"enemies":"Blue Slaver","floor":7.0,"turns":3.0},{"damage":0.0,"enemies":"Gremlin Gang","floor":10.0,"turns":1.0},{"damage":18.0,"enemies":"Lagavulin","floor":12.0,"turns":5.0},{"damage":0.0,"floor":14.0,"turns":1.0},{"damage":25.0,"enemies":"Slime Boss","floor":16.0,"turns":9.0},{"damage":0,"enemies":"3 Byrds","floor":18,"turns":1},{"damage":20,"enemies":"2 Thieves","floor":19,"turns":4},{"damage":44,"enemies":"Sentry and Sphere","floor":20,"turns":8},{"damage":27,"enemies":"Snecko","floor":22,"turns":5},{"damage":49,"enemies":"Gremlin Leader","floor":24,"turns":8}],"seed_played":"-726858128039966390","potions_obtained":[{"floor":4.0,"key":"Explosive Potion"},{"floor":7.0,"key":"SpeedPotion"},{"floor":10.0,"key":"SpeedPotion"},{"floor":12.0,"key":"Strength Potion"},{"floor":16.0,"key":"Poison Potion"}],"is_trial":false,"path_per_floor":["M","$","M","M","M","R","M","?","T","M","R","E","R","?","R","B",null,"M","M","M","?","M","R"],"character_chosen":"IRONCLAD","items_purchased":[],"campfire_rested":1,"item_purchase_floors":[],"current_hp_per_floor":[80,80,80,80,79,79,80,80,80,80,80,68,68,74,74,55,80,80,70,36,36,19,43,0],"gold":328,"neow_bonus":"RANDOM_COMMON_RELIC","is_prod":false,"is_daily":false,"chose_seed":false,"campfire_upgraded":4,"win_rate":0,"timestamp":1533470515,"path_taken":["M","$","M","M","M","R","M","?","T","M","R","E","R","?","R","BOSS","M","?","M","?","M","R","E"],"build_version":"2018-08-02","purchased_purges":1,"victory":false,"max_hp_per_floor":[80,80,80,80,80,80,80,80,80,80,80,80,80,80,80,80,80,80,80,80,80,80,80,80],"card_choices":[{"not_picked":["Wild Strike","Havoc"],"picked":"Body Slam","floor":1.0},{"not_picked":["Evolve","Iron Wave"],"picked":"Battle Trance","floor":3.0},{"not_picked":["Flex","Carnage","Thunderclap"],"picked":"SKIP","floor":4.0},{"not_picked":["Armaments","Pummel"],"picked":"Whirlwind","floor":5.0},{"not_picked":["True Grit","Hemokinesis"],"picked":"Double Tap","floor":7.0},{"not_picked":["Fire Breathing","Thunderclap","Iron Wave"],"picked":"SKIP","floor":10.0},{"not_picked":["Wild Strike","Burning Pact"],"picked":"Warcry","floor":12.0},{"not_picked":["Rampage","Perfected Strike"],"picked":"Shrug It Off","floor":14.0},{"not_picked":["Dark Embrace","Immolate"],"picked":"Limit Break","floor":16.0},{"not_picked":["Whirlwind","Cleave","Corruption"],"picked":"SKIP","floor":18},{"not_picked":["Uppercut","Heavy Blade+1","Anger+1"],"picked":"SKIP","floor":19},{"not_picked":["Iron Wave+1","Anger","Wild Strike"],"picked":"SKIP","floor":20},{"not_picked":["Uppercut","Wild Strike"],"picked":"Shrug It Off","floor":22}],"player_experience":198975,"relics_obtained":[{"floor":9.0,"key":"Self Forming Clay"},{"floor":12.0,"key":"Dodecahedron"},{"floor":14.0,"key":"Odd Mushroom"}],"event_choices":[{"event_name":"Dead Adventurer","player_choice":"Searched \u00270\u0027 times","floor":8.0,"damage_taken":0.0},{"event_name":"Mushrooms","player_choice":"Fought Mushrooms","floor":14.0,"damage_taken":0.0},{"event_name":"Upgrade Shrine","player_choice":"Upgraded","floor":21,"damage_taken":0}],"is_beta":false,"boss_relics":[{"not_picked":["Mark of Pain","Astrolabe"],"picked":"Black Blood"}],"items_purged_floors":[2],"is_endless":false,"potions_floor_spawned":[4,7,10,12,16,18,20],"killed_by":"Gremlin Leader","ascension_level":1}