{"gold_per_floor":[113,131,131,51,51,51,66,99,99,125,125,140,14,48,48,48],"floor_reached":16,"playtime":756,"items_purged":["Strike_B"],"score":136,"play_id":"cf4adfb9-e903-4349-8f2e-1f3cf4f3cbd8","local_time":"20190130212712","is_ascension_mode":true,"campfire_choices":[{"data":"Defragment","floor":6.0,"key":"SMITH"},{"floor":11.0,"key":"REST"},{"data":"Defragment","floor":15,"key":"SMITH"}],"neow_cost":"NONE","seed_source_timestamp":4657464431512984,"circlet_count":0,"master_deck":["Strike_B","Defend_B","Defend_B","Defend_B","Defend_B","Zap","Dualcast","Echo Form","Defragment+1","Ball Lightning","Defragment+1","Undo","Beam Cell","Multi-Cast","Ball Lightning","Conserve Battery","Leap"],"special_seed":0,"relics":["Cracked Core","Blue Candle","Bottled Flame","Kunai","Centennial Puzzle"],"potions_floor_usage":[14,14,16],"damage_taken":[{"damage":1.0,"enemies":"Cultist","floor":1.0,"turns":3.0},{"damage":4.0,"enemies":"2 Louse","floor":2.0,"turns":2.0},{"damage":4.0,"enemies":"Small Slimes","floor":7.0,"turns":3.0},{"damage":50.0,"enemies":"3 Sentries","floor":8.0,"turns":6.0},{"damage":15.0,"enemies":"Lagavulin","floor":10.0,"turns":7.0},{"damage":7.0,"enemies":"Exordium Wildlife","floor":12.0,"turns":3.0},{"damage":10,"enemies":"Gremlin Nob","floor":14,"turns":4},{"damage":13,"enemies":"The Guardian","floor":16,"turns":4}],"seed_played":"2417657427980673410","potions_obtained":[{"floor":1.0,"key":"FearPotion"},{"floor":8.0,"key":"Explosive Potion"},{"floor":10.0,"key":"Ancient Potion"},{"floor":12.0,"key":"Swift Potion"},{"floor":14,"key":"GamblersBrew"}],"is_trial":false,"path_per_floor":["M","M","?","$","?","R","M","E","T","E","R","M","$","E","R","B"],"character_chosen":"DEFECT","items_purchased":["Defragment","Conserve Battery"],"campfire_rested":1,"item_purchase_floors":[4,13],"current_hp_per_floor":[74,70,75,75,75,75,71,21,21,6,30,23,23,13,13,0],"gold":48,"neow_bonus":"TRANSFORM_CARD","is_prod":false,"is_daily":false,"chose_seed":false,"campfire_upgraded":2,"win_rate":0,"timestamp":1548880032,"path_taken":["M","?","?","$","?","R","M","E","T","E","R","M","$","E","R","BOSS"],"build_version":"2019-01-23","purchased_purges":1,"victory":false,"max_hp_per_floor":[75,75,80,80,80,80,80,80,80,80,80,80,80,80,80,80],"card_choices":[{"not_picked":["Go for the Eyes","Rebound"],"picked":"Defragment","floor":1.0},{"not_picked":["Force Field","Cold Snap"],"picked":"Ball Lightning","floor":2.0},{"not_picked":["Barrage","Blizzard"],"picked":"Beam Cell","floor":7.0},{"not_picked":["Ball Lightning","Loop"],"picked":"Multi-Cast","floor":8.0},{"not_picked":["Defragment","Scrape"],"picked":"Ball Lightning","floor":10.0},{"not_picked":["Steam","Hologram","Rebound"],"picked":"SKIP","floor":12.0},{"not_picked":["Turbo","Hello World"],"picked":"Leap","floor":14}],"player_experience":763119,"relics_obtained":[{"floor":8.0,"key":"Blue Candle"},{"floor":9.0,"key":"Bottled Flame"},{"floor":10.0,"key":"Kunai"},{"floor":14,"key":"Centennial Puzzle"}],"event_choices":[{"damage_healed":0.0,"max_hp_gain":5.0,"max_hp_loss":0.0,"gold_gain":0.0,"event_name":"Big Fish","player_choice":"Donut","floor":3.0,"gold_loss":0.0,"damage_taken":0.0},{"damage_healed":0.0,"max_hp_gain":0.0,"max_hp_loss":0.0,"gold_gain":0.0,"cards_transformed":["Strike_B"],"event_name":"Transmorgrifier","player_choice":"Transformed","floor":5.0,"gold_loss":0.0,"damage_taken":0.0,"cards_obtained":["Undo"]}],"is_beta":false,"boss_relics":[],"items_purged_floors":[13],"is_endless":false,"potions_floor_spawned":[1,8,10,12,14],"killed_by":"The Guardian","ascension_level":3}