{"gold_per_floor":[111,124,124,138,154,182,201,201,201,218,235,235,80,113,113,209,209,227,227,247,266,279,279,313,313,313,313,332,332,359,376,376,471,471,484,484,484,394,412,412,412,431,431,431,446,366,366,378,378,378,378,378,68,96,96],"floor_reached":55,"playtime":3134,"items_purged":["FTL","Strike_B"],"score":671,"play_id":"3ee59128-ad6a-409c-b363-6a26456ffccb","local_time":"20190125171538","is_ascension_mode":false,"campfire_choices":[{"data":"Buffer","floor":8,"key":"SMITH"},{"floor":15,"key":"REST"},{"data":"Glacier","floor":23,"key":"SMITH"},{"floor":25,"key":"REST"},{"floor":27,"key":"REST"},{"floor":32,"key":"REST"},{"data":"Chill","floor":40,"key":"SMITH"},{"floor":44,"key":"RECALL"},{"data":"Coolheaded","floor":47,"key":"SMITH"},{"data":"Defragment","floor":49,"key":"SMITH"},{"data":"Consume","floor":52,"key":"SMITH"}],"neow_cost":"NONE","seed_source_timestamp":623248276645341,"circlet_count":0,"master_deck":["Strike_B","Strike_B","Defend_B","Defend_B","Defend_B","Defend_B","Zap","Dualcast","Buffer+1","Streamline","Gash","Biased Cognition","Genetic Algorithm","Blizzard","Leap","Glacier+1","Defragment+1","Redo","Electrodynamics","Consume+1","Leap","Chill","Coolheaded+1","Chill+1","Conserve Battery","Blizzard+1","Buffer","Loop","Reboot"],"relics":["Cracked Core","PreservedInsect","Cables","Bottled Flame","Inserter","Dream Catcher","The Courier","Orichalcum","Snecko Eye","Blue Candle","DataDisk","Mercury Hourglass","Bag of Marbles"],"potions_floor_usage":[55,55,55],"damage_taken":[{"damage":0,"enemies":"Cultist","floor":1,"turns":4},{"damage":2,"enemies":"Small Slimes","floor":2,"turns":4},{"damage":0,"enemies":"2 Louse","floor":4,"turns":2},{"damage":2,"enemies":"Blue Slaver","floor":5,"turns":4},{"damage":20,"enemies":"Lagavulin","floor":6,"turns":6},{"damage":3,"enemies":"Red Slaver","floor":7,"turns":4},{"damage":0,"enemies":"Large Slime","floor":10,"turns":5},{"damage":1,"enemies":"Exordium Wildlife","floor":11,"turns":4},{"damage":4,"enemies":"3 Sentries","floor":14,"turns":5},{"damage":36,"enemies":"Hexaghost","floor":16,"turns":15},{"damage":0,"enemies":"Chosen","floor":18,"turns":6},{"damage":1,"enemies":"Shell Parasite","floor":20,"turns":5},{"damage":7,"enemies":"Centurion and Healer","floor":21,"turns":6},{"damage":18,"enemies":"3 Cultists","floor":22,"turns":3},{"damage":45,"enemies":"Gremlin Leader","floor":24,"turns":8},{"damage":18,"enemies":"Snake Plant","floor":28,"turns":7},{"damage":15,"enemies":"Book of Stabbing","floor":30,"turns":6},{"damage":1,"enemies":"Sentry and Sphere","floor":31,"turns":6},{"damage":18,"enemies":"Collector","floor":33,"turns":12},{"damage":6,"enemies":"3 Shapes","floor":35,"turns":6},{"damage":0,"enemies":"Orb Walker","floor":39,"turns":5},{"damage":0,"enemies":"4 Shapes","floor":42,"turns":5},{"damage":3,"enemies":"Writhing Mass","floor":45,"turns":12},{"damage":0,"enemies":"Jaw Worm Horde","floor":48,"turns":5},{"damage":18,"enemies":"Time Eater","floor":50,"turns":23},{"damage":63,"enemies":"Shield and Spear","floor":54,"turns":10},{"damage":13,"enemies":"The Heart","floor":55,"turns":3}],"seed_played":"4254868259514369693","potions_obtained":[{"floor":2,"key":"EssenceOfSteel"},{"floor":4,"key":"Strength Potion"},{"floor":6,"key":"Energy Potion"},{"floor":10,"key":"LiquidBronze"},{"floor":14,"key":"Regen Potion"},{"floor":18,"key":"LiquidBronze"},{"floor":33,"key":"LiquidBronze"}],"is_trial":false,"path_per_floor":["M","M","?","M","M","E","M","R","T","M","M","?","$","E","R","B",null,"M","?","M","M","M","R","E","R","T","R","M","?","E","M","R","B",null,"M","?","?","$","M","R","?","M","T","R","M","$","R","M","R","B",null,"R","$","E","B"],"character_chosen":"DEFECT","items_purchased":["Glacier","Defragment","Loop","DataDisk","Mercury Hourglass"],"campfire_rested":4,"item_purchase_floors":[13,13,38,53,53],"current_hp_per_floor":[75,73,73,73,71,51,48,48,48,48,47,29,29,25,47,11,75,75,75,74,67,49,49,4,26,26,48,30,30,15,14,36,18,75,69,69,69,69,69,69,69,69,69,69,66,66,66,66,66,48,75,75,75,12,0],"gold":96,"neow_bonus":"ONE_RANDOM_RARE_CARD","is_prod":false,"is_daily":false,"chose_seed":false,"campfire_upgraded":6,"win_rate":0,"timestamp":1548407738,"path_taken":["M","?","?","M","M","E","M","R","T","M","?","?","$","E","R","BOSS","M","?","M","M","M","R","E","R","T","R","M","?","E","M","R","BOSS","M","?","?","?","?","R","?","M","T","R","M","$","R","M","R","BOSS","R","$","E","BOSS"],"build_version":"2019-01-23","purchased_purges":2,"victory":false,"max_hp_per_floor":[75,75,75,75,75,75,75,75,75,75,75,75,75,75,75,75,75,75,75,75,75,75,75,75,75,75,75,75,75,75,75,75,75,75,75,75,75,75,75,75,75,75,75,75,75,75,75,75,75,75,75,75,75,75,75],"card_choices":[{"not_picked":["Gash","Chaos"],"picked":"Ball Lightning","floor":1},{"not_picked":["Sunder","Barrage"],"picked":"Streamline","floor":2},{"not_picked":["Rebound","Fusion"],"picked":"Gash","floor":4},{"not_picked":["Rip and Tear","Tempest"],"picked":"Biased Cognition","floor":5},{"not_picked":["Sunder","Beam Cell"],"picked":"Genetic Algorithm","floor":6},{"not_picked":["Self Repair","Darkness"],"picked":"Blizzard","floor":7},{"not_picked":["Compile Driver","Blizzard"],"picked":"Leap","floor":10},{"not_picked":["Streamline","Steam Power","Rebound"],"picked":"SKIP","floor":11},{"not_picked":["Stack","Sunder"],"picked":"Redo","floor":14},{"not_picked":["Buffer","Thunder Strike"],"picked":"Electrodynamics","floor":16},{"not_picked":["Streamline","Darkness"],"picked":"FTL","floor":18},{"not_picked":["Steam","Auto Shields"],"picked":"Consume","floor":20},{"not_picked":["Compile Driver","Aggregate"],"picked":"Leap","floor":21},{"not_picked":["Darkness+1","Beam Cell","Steam Power"],"picked":"SKIP","floor":22},{"not_picked":["Stack","Coolheaded"],"picked":"Chill","floor":24},{"not_picked":["Heatsinks+1","Storm+1"],"picked":"Coolheaded","floor":28},{"not_picked":["Heatsinks","Steam"],"picked":"Chill","floor":30},{"not_picked":["Blizzard","Reprogram"],"picked":"Conserve Battery","floor":31},{"not_picked":["Double Energy","Sunder"],"picked":"Blizzard+1","floor":32},{"not_picked":["Electrodynamics","Creative AI"],"picked":"Buffer","floor":33},{"not_picked":["Compile Driver","Streamline","Double Energy"],"picked":"SKIP","floor":35},{"not_picked":["Go for the Eyes","Scrape+1","Rebound"],"picked":"SKIP","floor":39},{"not_picked":["Rebound","Stack","Redo"],"picked":"SKIP","floor":42},{"not_picked":["Beam Cell","Steam Power","Redo+1"],"picked":"SKIP","floor":45},{"not_picked":["Streamline","Static Discharge","Hologram"],"picked":"SKIP","floor":48},{"not_picked":["Rip and Tear+1","Rebound+1"],"picked":"Reboot","floor":54}],"player_experience":605570,"relics_obtained":[{"floor":6,"key":"PreservedInsect"},{"floor":14,"key":"Bottled Flame"},{"floor":24,"key":"Dream Catcher"},{"floor":26,"key":"The Courier"},{"floor":30,"key":"Orichalcum"},{"floor":43,"key":"Blue Candle"},{"floor":54,"key":"Bag of Marbles"}],"event_choices":[{"cards_removed":["Strike_B"],"damage_healed":0,"gold_gain":0,"player_choice":"Offered Basic","damage_taken":0,"max_hp_gain":0,"max_hp_loss":0,"event_name":"Bonfire Elementals","floor":3,"gold_loss":0},{"damage_healed":0,"gold_gain":0,"player_choice":"Success","damage_taken":18,"relics_obtained":["Cables"],"max_hp_gain":0,"max_hp_loss":0,"event_name":"Scrap Ooze","floor":12,"gold_loss":0},{"damage_healed":0,"gold_gain":0,"player_choice":"Ignored","damage_taken":0,"max_hp_gain":0,"max_hp_loss":0,"event_name":"Ghosts","floor":19,"gold_loss":0},{"damage_healed":0,"gold_gain":0,"player_choice":"Got Potions","damage_taken":0,"max_hp_gain":0,"max_hp_loss":0,"event_name":"Lab","floor":29,"gold_loss":0},{"cards_removed":["Ball Lightning"],"damage_healed":0,"gold_gain":0,"player_choice":"Removed Attack","damage_taken":0,"max_hp_gain":0,"max_hp_loss":0,"event_name":"Falling","floor":36,"gold_loss":0},{"damage_healed":0,"gold_gain":0,"player_choice":"Memory 1","damage_taken":0,"max_hp_gain":0,"max_hp_loss":0,"event_name":"SensoryStone","floor":37,"gold_loss":0},{"damage_healed":0,"gold_gain":0,"player_choice":"Ignored","damage_taken":0,"max_hp_gain":0,"max_hp_loss":0,"event_name":"Tomb of Lord Red Mask","floor":41,"gold_loss":0}],"is_beta":false,"boss_relics":[{"not_picked":["Astrolabe","Eternal Feather"],"picked":"Inserter"},{"not_picked":["Empty Cage","Runic Dome"],"picked":"Snecko Eye"}],"items_purged_floors":[38,46],"is_endless":false,"potions_floor_spawned":[2,4,6,10,14,18,20,21,28,31,33,39,48],"killed_by":"The Heart","ascension_level":0}