{"gold_per_floor":[119,22,22,37,112,112,131,156,156,170,170,189,189,209,209,307,307,323,323,145,145],"floor_reached":21,"playtime":955,"items_purged":["Strike_R","Strike_R"],"score":197,"play_id":"8b3d9427-8f67-44a3-bd46-1e4da42c1fa8","local_time":"20180809185044","is_ascension_mode":true,"campfire_choices":[{"data":"Strike_R","floor":6,"key":"SMITH"},{"data":"Whirlwind","floor":11,"key":"SMITH"},{"floor":13,"key":"REST"},{"data":"Shrug It Off","floor":15,"key":"SMITH"}],"neow_cost":"NONE","seed_source_timestamp":894687400451305,"circlet_count":0,"master_deck":["Strike_R","Strike_R+1","Defend_R","Defend_R","Defend_R","Defend_R","Bash","Power Through","Shrug It Off+1","Shrug It Off","Battle Trance","Whirlwind+1","Flex","Barricade","True Grit","Inflame","Heavy Blade"],"relics":["Black Blood","Mummified Hand","Smiling Mask"],"potions_floor_usage":[16,18],"damage_taken":[{"damage":6,"enemies":"Cultist","floor":1,"turns":3},{"damage":0,"enemies":"2 Louse","floor":4,"turns":4},{"damage":1,"enemies":"Jaw Worm","floor":7,"turns":4},{"damage":51,"enemies":"Lagavulin","floor":8,"turns":14},{"damage":7,"enemies":"Looter","floor":10,"turns":5},{"damage":9,"enemies":"Lots of Slimes","floor":12,"turns":2},{"damage":0,"enemies":"Gremlin Gang","floor":14,"turns":1},{"damage":68,"enemies":"Slime Boss","floor":16,"turns":9},{"damage":44,"enemies":"Chosen","floor":18,"turns":12},{"damage":32,"enemies":"Spheric Guardian","floor":21,"turns":5}],"seed_played":"7988231070894523924","potions_obtained":[{"floor":3,"key":"SneckoOil"},{"floor":3,"key":"SpeedPotion"},{"floor":3,"key":"Strength Potion"},{"floor":4,"key":"Regen Potion"},{"floor":8,"key":"Dexterity Potion"},{"floor":16,"key":"SpeedPotion"}],"is_trial":false,"path_per_floor":["M","$","?","M","?","R","M","E","T","M","R","M","R","M","R","B",null,"M","?","$"],"character_chosen":"IRONCLAD","items_purchased":["Shrug It Off","Inflame","Heavy Blade"],"campfire_rested":1,"item_purchase_floors":[2,20,20],"current_hp_per_floor":[80,80,80,80,69,69,74,29,29,28,28,25,49,55,55,8,80,46,31,31,0],"gold":145,"neow_bonus":"TRANSFORM_CARD","is_prod":false,"is_daily":false,"chose_seed":false,"campfire_upgraded":3,"win_rate":0,"timestamp":1533811844,"path_taken":["M","$","?","M","?","R","M","E","T","?","R","?","R","M","R","BOSS","M","?","$","M"],"build_version":"2018-08-02","purchased_purges":2,"victory":false,"max_hp_per_floor":[80,80,80,80,80,80,80,80,80,80,80,80,80,80,80,80,80,80,85,85,85],"card_choices":[{"not_picked":["Body Slam","Havoc"],"picked":"Shrug It Off","floor":1},{"not_picked":["Anger","Flame Barrier","Rage"],"picked":"SKIP","floor":4},{"not_picked":["Armaments","Anger"],"picked":"Battle Trance","floor":7},{"not_picked":["Perfected Strike","Evolve"],"picked":"Whirlwind","floor":8},{"not_picked":["Heavy Blade","Body Slam","Metallicize"],"picked":"SKIP","floor":10},{"not_picked":["Twin Strike","Blood for Blood","Flex"],"picked":"SKIP","floor":12},{"not_picked":["Havoc","Anger"],"picked":"Flex","floor":14},{"not_picked":["Juggernaut","Brutality"],"picked":"Barricade","floor":16},{"not_picked":["Ghostly Armor","Flame Barrier"],"picked":"True Grit","floor":18}],"player_experience":227024,"relics_obtained":[{"floor":8,"key":"Mummified Hand"},{"floor":9,"key":"Smiling Mask"}],"event_choices":[{"event_name":"The Lab","player_choice":"Got Potions","floor":3,"damage_taken":0},{"event_name":"World of Goop","player_choice":"Gather Gold","floor":5,"damage_taken":0},{"event_name":"Forgotten Altar","player_choice":"Shed Blood","floor":19,"damage_taken":0}],"is_beta":false,"boss_relics":[{"not_picked":["Empty Cage","White Beast Statue"],"picked":"Black Blood"}],"items_purged_floors":[2,20],"is_endless":false,"potions_floor_spawned":[4,8,10,16],"killed_by":"Spheric Guardian","ascension_level":2}