{"gold_per_floor":[17,17,192,205,205,205,218,218,218,231,181,192,117,137,137,237,237,250,250,165,165,175,175,194,194,194,194,205,205,205,216,216,316,316,334,384,384,396,396],"floor_reached":39,"playtime":1117,"items_purged":["Defend_R"],"score":519,"play_id":"1a7da470-e502-49cc-a751-5c3efbbb97f1","local_time":"20181231115034","is_ascension_mode":true,"campfire_choices":[{"data":"Seeing Red","floor":6.0,"key":"SMITH"},{"data":"Strike_R","floor":8.0,"key":"SMITH"},{"data":"Immolate","floor":15.0,"key":"SMITH"},{"floor":23.0,"key":"REST"},{"data":"Fiend Fire","floor":25.0,"key":"SMITH"},{"data":"1","floor":27.0,"key":"LIFT"},{"floor":32.0,"key":"REST"}],"neow_cost":"NO_GOLD","seed_source_timestamp":0,"circlet_count":0,"master_deck":["Strike_R+1","Strike_R+1","Strike_R+1","Strike_R+1","Strike_R+1","Defend_R+1","Defend_R+1","Defend_R+1","Cleave","Immolate+1","Shrug It Off","Fiend Fire+1","Fiend Fire","Twin Strike","Feed","Disarm"],"special_seed":0,"relics":["Burning Blood","Incense Burner","Ancient Tea Set","Lizard Tail","Red Skull","Juzu Bracelet","Girya","SsserpentHead","Cursed Key"],"potions_floor_usage":[33,33],"damage_taken":[{"damage":11.0,"enemies":"Jaw Worm","floor":1.0,"turns":5.0},{"damage":8.0,"enemies":"Small Slimes","floor":4.0,"turns":4.0},{"damage":8.0,"enemies":"2 Louse","floor":7.0,"turns":3.0},{"damage":12.0,"enemies":"2 Fungi Beasts","floor":10.0,"turns":5.0},{"damage":2.0,"enemies":"Looter","floor":12.0,"turns":3.0},{"damage":8.0,"enemies":"Blue Slaver","floor":14.0,"turns":3.0},{"damage":54.0,"enemies":"The Guardian","floor":16.0,"turns":12.0},{"damage":1.0,"enemies":"2 Thieves","floor":18.0,"turns":2.0},{"damage":55.0,"enemies":"Shell Parasite","floor":22.0,"turns":7.0},{"damage":29.0,"enemies":"Centurion and Healer","floor":24.0,"turns":5.0},{"damage":20.0,"enemies":"Shelled Parasite and Fungi","floor":28.0,"turns":2.0},{"damage":8.0,"enemies":"Snake Plant","floor":31.0,"turns":3.0},{"damage":68,"enemies":"Automaton","floor":33,"turns":9},{"damage":0,"enemies":"3 Shapes","floor":35,"turns":2},{"damage":7,"enemies":"Orb Walker","floor":38,"turns":3},{"damage":27,"enemies":"4 Shapes","floor":39,"turns":3}],"seed_played":"42418766257211458","potions_obtained":[{"floor":4.0,"key":"Ancient Potion"},{"floor":10.0,"key":"AttackPotion"},{"floor":12.0,"key":"Fire Potion"},{"floor":18.0,"key":"GamblersBrew"},{"floor":24.0,"key":"EssenceOfSteel"},{"floor":28.0,"key":"Fire Potion"}],"is_trial":false,"path_per_floor":["M","?","?","M","?","R","M","R","T","M","?","M","$","M","R","B",null,"M","?","?","?","M","R","M","R","T","R","M","?","?","M","R","B",null,"M","?","$","M","M"],"character_chosen":"IRONCLAD","items_purchased":[],"campfire_rested":2,"item_purchase_floors":[],"current_hp_per_floor":[67,67,67,65,65,65,63,63,63,57,57,61,61,59,59,11,63,68,68,68,80,31,55,32,32,32,32,18,18,18,16,40,30,68,77,77,77,76,49],"gold":396,"neow_bonus":"ONE_RARE_RELIC","is_prod":false,"is_daily":false,"chose_seed":false,"campfire_upgraded":4,"win_rate":0,"timestamp":1546253434,"path_taken":["M","?","?","M","?","R","M","R","T","M","?","M","$","M","R","BOSS","M","?","?","?","M","R","M","R","T","R","M","?","?","M","R","BOSS","M","?","$","M","M"],"build_version":"2018-12-20","purchased_purges":1,"victory":false,"max_hp_per_floor":[80,80,80,80,80,80,80,80,80,80,80,80,80,80,80,80,80,80,80,80,80,80,80,80,80,80,80,80,80,80,80,80,80,80,83,83,83,83,83],"card_choices":[{"not_picked":["Heavy Blade","Body Slam"],"picked":"Cleave","floor":1.0},{"not_picked":["Thunderclap","True Grit","Heavy Blade"],"picked":"SKIP","floor":4.0},{"not_picked":["Seeing Red","Dropkick","Headbutt"],"picked":"SKIP","floor":7.0},{"not_picked":["Twin Strike","Battle Trance"],"picked":"Immolate","floor":10.0},{"not_picked":["Reckless Charge","True Grit"],"picked":"Shrug It Off","floor":12.0},{"not_picked":["Havoc","Rupture","Anger"],"picked":"SKIP","floor":14.0},{"not_picked":["Juggernaut","Dark Embrace"],"picked":"Fiend Fire","floor":16.0},{"not_picked":["Iron Wave+1","Anger+1","Combust"],"picked":"SKIP","floor":18.0},{"not_picked":["Warcry+1","Clash+1"],"picked":"Fiend Fire","floor":22.0},{"not_picked":["Clothesline","Armaments","Iron Wave+1"],"picked":"SKIP","floor":24.0},{"not_picked":["Clash","Searing Blow","Burning Pact"],"picked":"SKIP","floor":28.0},{"not_picked":["Warcry","True Grit+1"],"picked":"Twin Strike","floor":31.0},{"not_picked":["Dark Embrace","Brutality"],"picked":"Feed","floor":33},{"not_picked":["Blood for Blood+1","Clash+1","True Grit"],"picked":"SKIP","floor":35},{"not_picked":["Evolve","Headbutt"],"picked":"Disarm","floor":38}],"player_experience":246375,"relics_obtained":[{"floor":9.0,"key":"Ancient Tea Set"},{"floor":26.0,"key":"Girya"}],"event_choices":[{"damage_healed":0.0,"max_hp_gain":0.0,"max_hp_loss":0.0,"gold_gain":0.0,"cards_transformed":["Bash"],"event_name":"Living Wall","player_choice":"Change","floor":2.0,"gold_loss":0.0,"damage_taken":0.0,"cards_obtained":["Seeing Red"]},{"damage_healed":0.0,"max_hp_gain":0.0,"max_hp_loss":0.0,"gold_gain":175.0,"event_name":"Liars Game","player_choice":"AGREE","floor":3.0,"gold_loss":0.0,"damage_taken":0.0,"cards_obtained":["Doubt"]},{"damage_healed":0.0,"max_hp_gain":0.0,"max_hp_loss":0.0,"gold_gain":0.0,"event_name":"Shining Light","player_choice":"Ignored","floor":5.0,"gold_loss":0.0,"damage_taken":0.0},{"cards_removed":["Doubt"],"damage_healed":0.0,"max_hp_gain":0.0,"max_hp_loss":0.0,"gold_gain":0.0,"event_name":"The Cleric","player_choice":"Card Removal","floor":11.0,"gold_loss":50.0,"damage_taken":0.0},{"damage_healed":0.0,"max_hp_gain":0.0,"max_hp_loss":0.0,"gold_gain":0.0,"event_name":"The Mausoleum","player_choice":"Opened","floor":19.0,"gold_loss":0.0,"damage_taken":0.0,"relics_obtained":["Red Skull"]},{"damage_healed":0.0,"max_hp_gain":0.0,"max_hp_loss":0.0,"gold_gain":0.0,"event_name":"Addict","player_choice":"Obtained Relic","floor":20.0,"gold_loss":85.0,"damage_taken":0.0,"relics_obtained":["Juzu Bracelet"]},{"cards_removed":["Seeing Red"],"damage_healed":12.0,"max_hp_gain":0.0,"max_hp_loss":0.0,"gold_gain":0.0,"event_name":"Bonfire Elementals","player_choice":"Offered Uncommon","floor":21.0,"gold_loss":0.0,"damage_taken":0.0},{"damage_healed":0.0,"max_hp_gain":0.0,"max_hp_loss":0.0,"gold_gain":0.0,"event_name":"Back to Basics","player_choice":"Simplicity","floor":29.0,"gold_loss":0.0,"damage_taken":0.0,"cards_upgraded":["Strike_R","Strike_R","Strike_R","Strike_R","Defend_R","Defend_R","Defend_R"]},{"damage_healed":0.0,"max_hp_gain":0.0,"max_hp_loss":0.0,"gold_gain":0.0,"event_name":"FaceTrader","player_choice":"Trade","floor":30.0,"gold_loss":0.0,"damage_taken":0.0,"relics_obtained":["SsserpentHead"]},{"damage_healed":0,"gold_gain":0,"player_choice":"Ignored","damage_taken":0,"max_hp_gain":0,"max_hp_loss":0,"event_name":"Duplicator","floor":36,"gold_loss":0}],"is_beta":false,"boss_relics":[{"not_picked":["Runic Cube","Astrolabe"],"picked":"Lizard Tail"},{"not_picked":["Black Star","Busted Crown"],"picked":"Cursed Key"}],"items_purged_floors":[13],"is_endless":false,"potions_floor_spawned":[4,10,12,18,24,28],"killed_by":"4 Shapes","ascension_level":8}