{"gold_per_floor":[110,126,25,44,219,219,219,249,249,249,265,265,365,375,375,478,528,544,563,563,583,10,10,10,29,76,76,76,94,109,120,120,120],"floor_reached":33,"playtime":2047,"items_purged":["Strike_G"],"score":274,"play_id":"45c13f8a-990c-4716-b541-2b5eca6bf4c0","local_time":"20190128230601","is_ascension_mode":true,"campfire_choices":[{"data":"Glass Knife","floor":6,"key":"SMITH"},{"data":"Footwork","floor":10,"key":"SMITH"},{"data":"Caltrops","floor":12,"key":"SMITH"},{"data":"Dash","floor":15,"key":"SMITH"},{"data":"Noxious Fumes","floor":23,"key":"SMITH"},{"floor":32,"key":"REST"}],"neow_cost":"TEN_PERCENT_HP_LOSS","seed_source_timestamp":97818719270232,"circlet_count":0,"master_deck":["Defend_G+1","Defend_G+1","Defend_G+1","Defend_G+1","Strike_G+1","Strike_G+1","Strike_G+1","Survivor","Neutralize","Caltrops+1","Glass Knife+1","Footwork+1","Acrobatics","Dagger Spray+1","Flechettes","Doubt","Dash+1","Backstab","Reflex","After Image","Tactician","Riddle With Holes+1","Wraith Form v2","Flash of Steel","Blade Dance","Noxious Fumes+1","Backflip+1","Necronomicurse","Dodge and Roll","Dodge and Roll+1"],"relics":["Ring of the Snake","Darkstone Periapt","Art of War","Tiny House","Ice Cream","TwistedFunnel","Regal Pillow","Necronomicon"],"potions_floor_usage":[8,8,16,30,31,31,33],"damage_taken":[{"damage":0,"enemies":"2 Louse","floor":1,"turns":2},{"damage":0,"enemies":"Small Slimes","floor":2,"turns":4},{"damage":0,"enemies":"Cultist","floor":4,"turns":4},{"damage":4,"enemies":"3 Sentries","floor":8,"turns":5},{"damage":0,"enemies":"Large Slime","floor":11,"turns":4},{"damage":4,"enemies":"Red Slaver","floor":14,"turns":3},{"damage":18,"enemies":"The Guardian","floor":16,"turns":13},{"damage":2,"enemies":"3 Byrds","floor":18,"turns":1},{"damage":19,"enemies":"2 Thieves","floor":19,"turns":4},{"damage":5,"enemies":"Centurion and Healer","floor":21,"turns":5},{"damage":15,"enemies":"Snake Plant","floor":25,"turns":4},{"damage":11,"enemies":"Sentry and Sphere","floor":29,"turns":6},{"damage":0,"enemies":"Cultist and Chosen","floor":30,"turns":6},{"damage":1,"enemies":"3 Cultists","floor":31,"turns":4},{"damage":60,"enemies":"Champ","floor":33,"turns":13}],"seed_played":"4030593578977594062","potions_obtained":[{"floor":1,"key":"GhostInAJar"},{"floor":2,"key":"SkillPotion"},{"floor":14,"key":"FearPotion"},{"floor":17,"key":"Ancient Potion"},{"floor":21,"key":"Swift Potion"},{"floor":25,"key":"Fire Potion"},{"floor":31,"key":"EssenceOfSteel"}],"is_trial":false,"path_per_floor":["M","M","$","M","?","R","?","E","T","R","M","R","?","M","R","B",null,"M","M","?","M","$","R","?","M","T","?","$","M","M","M","R","B"],"character_chosen":"THE_SILENT","items_purchased":["Dagger Spray","Ice Cream","TwistedFunnel","Noxious Fumes"],"campfire_rested":1,"item_purchase_floors":[3,22,22,22],"current_hp_per_floor":[63,63,63,63,63,63,50,46,46,46,46,46,46,42,42,24,68,66,47,47,42,42,42,42,27,27,17,17,6,6,5,42,0],"gold":120,"neow_bonus":"TRANSFORM_TWO_CARDS","is_prod":false,"is_daily":false,"chose_seed":false,"campfire_upgraded":5,"win_rate":0,"timestamp":1548684361,"path_taken":["M","M","$","M","?","R","?","E","T","R","M","R","?","M","R","BOSS","M","?","?","?","$","R","?","M","T","?","$","M","M","?","R","BOSS"],"build_version":"2019-01-23","purchased_purges":1,"victory":false,"max_hp_per_floor":[63,63,63,63,63,63,63,63,63,63,63,63,63,63,63,63,68,68,68,68,68,68,68,68,68,68,74,74,74,74,74,74,74],"card_choices":[{"not_picked":["Sucker Punch","Blur"],"picked":"Footwork","floor":1},{"not_picked":["Slice","Endless Agony"],"picked":"Acrobatics","floor":2},{"not_picked":["Flying Knee","Prepared"],"picked":"Flechettes","floor":4},{"not_picked":["Backflip","Poisoned Stab"],"picked":"Dash","floor":8},{"not_picked":["Deflect","Heel Hook"],"picked":"Backstab","floor":11},{"not_picked":["Flying Knee","Poisoned Stab"],"picked":"Reflex","floor":14},{"not_picked":["Wraith Form v2","Phantasmal Killer"],"picked":"After Image","floor":16},{"not_picked":["Blade Dance","Masterful Stab"],"picked":"Tactician","floor":17},{"not_picked":["Deadly Poison","Quick Slash"],"picked":"Riddle With Holes+1","floor":18},{"not_picked":["Dagger Spray","Outmaneuver","Tactician"],"picked":"SKIP","floor":19},{"not_picked":["PiercingWail","Bane"],"picked":"Blade Dance","floor":21},{"not_picked":["Footwork","Acrobatics"],"picked":"Backflip+1","floor":25},{"not_picked":["Dagger Throw","Sucker Punch"],"picked":"Dodge and Roll","floor":29},{"not_picked":["Acrobatics+1","Backflip"],"picked":"Dodge and Roll+1","floor":30},{"not_picked":["Backflip","PiercingWail+1","Deadly Poison"],"picked":"SKIP","floor":31}],"player_experience":94780,"relics_obtained":[{"floor":8,"key":"Darkstone Periapt"},{"floor":9,"key":"Art of War"},{"floor":26,"key":"Regal Pillow"},{"floor":27,"key":"Necronomicon"}],"event_choices":[{"damage_healed":0,"gold_gain":175,"player_choice":"AGREE","damage_taken":0,"max_hp_gain":0,"max_hp_loss":0,"event_name":"Liars Game","floor":5,"gold_loss":0,"cards_obtained":["Doubt"]},{"damage_healed":0,"gold_gain":0,"player_choice":"Entered Light","damage_taken":13,"max_hp_gain":0,"max_hp_loss":0,"event_name":"Shining Light","floor":7,"gold_loss":0,"cards_upgraded":["Strike_G","Dagger Spray"]},{"damage_healed":0,"gold_gain":100,"player_choice":"Gold","damage_taken":0,"max_hp_gain":0,"max_hp_loss":0,"event_name":"Wheel of Change","floor":13,"gold_loss":0},{"damage_healed":0,"gold_gain":0,"player_choice":"2 cards matched","damage_taken":0,"max_hp_gain":0,"max_hp_loss":0,"event_name":"Match and Keep!","floor":20,"gold_loss":0,"cards_obtained":["Wraith Form v2","Flash of Steel"]},{"damage_healed":0,"gold_gain":0,"player_choice":"Simplicity","damage_taken":0,"max_hp_gain":0,"max_hp_loss":0,"event_name":"Back to Basics","floor":24,"gold_loss":0,"cards_upgraded":["Defend_G","Defend_G","Defend_G","Strike_G","Strike_G"]},{"damage_healed":0,"gold_gain":0,"player_choice":"Obtained Book","damage_taken":16,"max_hp_gain":0,"max_hp_loss":0,"event_name":"Cursed Tome","floor":27,"gold_loss":0}],"is_beta":false,"boss_relics":[{"not_picked":["Coffee Dripper","Empty Cage"],"picked":"Tiny House"}],"items_purged_floors":[3],"is_endless":false,"potions_floor_spawned":[1,2,14,21,25,31],"killed_by":"Champ","ascension_level":2}