{"gold_per_floor":[115,115,136,166,166,166,179,179,202,127,127,148,148,161,161,280,280,296,311,311,324,338,363,363,381,381,10,26,47,47,47,47,173,173,186,186,211,226,245,245,270,270,270,270,294,294,314,314,314,314],"floor_reached":51,"playtime":3381,"items_purged":["Injury"],"score":732,"play_id":"d269df05-2be2-4593-a555-616970805be5","local_time":"20190119105917","is_ascension_mode":true,"campfire_choices":[{"data":"Noxious Fumes","floor":8.0,"key":"SMITH"},{"data":"Neutralize","floor":13.0,"key":"SMITH"},{"data":"Backflip","floor":15.0,"key":"SMITH"},{"data":"Doppelganger","floor":24.0,"key":"SMITH"},{"floor":32.0,"key":"REST"},{"floor":42,"key":"REST"},{"floor":44,"key":"REST"},{"data":"Footwork","floor":46,"key":"SMITH"},{"floor":49,"key":"REST"}],"neow_cost":"NONE","seed_source_timestamp":0,"circlet_count":0,"master_deck":["Defend_G","Defend_G","Defend_G","Defend_G","Defend_G","Survivor","Neutralize+1","Dodge and Roll+1","Noxious Fumes+1","Catalyst+1","Noxious Fumes+1","Backflip+1","PiercingWail","Leg Sweep","Doppelganger+1","Deadly Poison+1","Prepared","Flechettes+1","Dodge and Roll","Well Laid Plans","Crippling Poison","Footwork+1","All Out Attack+1","Footwork+1","Heel Hook+1","Catalyst+1","Madness"],"special_seed":0,"relics":["Golden Idol","Tiny Chest","Ornamental Fan","Blood Vial","Busted Crown","Paper Crane","Matryoshka","Nloth\u0027s Gift","Orrery","Letter Opener","FossilizedHelix"],"potions_floor_usage":[37,38,45,50,50],"damage_taken":[{"damage":4.0,"enemies":"Jaw Worm","floor":1.0,"turns":4.0},{"damage":0.0,"enemies":"Small Slimes","floor":3.0,"turns":4.0},{"damage":0.0,"enemies":"2 Louse","floor":7.0,"turns":4.0},{"damage":8.0,"enemies":"Large Slime","floor":12.0,"turns":6.0},{"damage":0.0,"enemies":"Blue Slaver","floor":14.0,"turns":5.0},{"damage":19.0,"enemies":"The Guardian","floor":16.0,"turns":9.0},{"damage":1.0,"enemies":"3 Byrds","floor":18.0,"turns":5.0},{"damage":9.0,"enemies":"Chosen","floor":19.0,"turns":7.0},{"damage":7.0,"enemies":"Sentry and Sphere","floor":21.0,"turns":5.0},{"damage":15.0,"enemies":"Snake Plant","floor":22.0,"turns":5.0},{"damage":6.0,"enemies":"Centurion and Healer","floor":23.0,"turns":7.0},{"damage":18.0,"enemies":"Snecko","floor":25.0,"turns":7.0},{"damage":15.0,"enemies":"Shelled Parasite and Fungi","floor":28.0,"turns":6.0},{"damage":0.0,"enemies":"Snake Plant","floor":29.0,"turns":6.0},{"damage":19.0,"enemies":"Collector","floor":33.0,"turns":7.0},{"damage":12.0,"enemies":"3 Shapes","floor":35.0,"turns":5.0},{"damage":11,"enemies":"3 Darklings","floor":37,"turns":5},{"damage":42,"enemies":"4 Shapes","floor":38,"turns":4},{"damage":0,"enemies":"Sphere and 2 Shapes","floor":39,"turns":4},{"damage":11,"enemies":"Spire Growth","floor":41,"turns":5},{"damage":0,"enemies":"3 Darklings","floor":45,"turns":4},{"damage":11,"enemies":"Sphere and 2 Shapes","floor":47,"turns":6},{"damage":15,"enemies":"Awakened One","floor":50,"turns":14}],"seed_played":"3572307869059693657","potions_obtained":[{"floor":3.0,"key":"Strength Potion"},{"floor":7.0,"key":"Swift Potion"},{"floor":16.0,"key":"Dexterity Potion"},{"floor":18.0,"key":"Dexterity Potion"},{"floor":22.0,"key":"SpeedPotion"},{"floor":35.0,"key":"GamblersBrew"},{"floor":38,"key":"Energy Potion"},{"floor":45,"key":"EssenceOfSteel"}],"is_trial":false,"path_per_floor":["M","?","M","?","?","T","M","R","T","$","?","M","R","M","R","B",null,"M","M","?","M","M","M","R","M","T","$","M","M","?","$","R","B",null,"M","?","M","M","M","?","M","R","T","R","M","R","M","?","R","B",null],"character_chosen":"THE_SILENT","items_purchased":["Dodge and Roll","Matryoshka","Well Laid Plans"],"campfire_rested":4,"item_purchase_floors":[27,27,27],"current_hp_per_floor":[66,66,66,59,59,59,59,59,59,59,52,46,46,48,48,31,70,69,61,61,56,43,39,39,23,23,23,10,12,12,12,33,16,70,58,58,49,9,11,11,2,23,23,44,46,46,37,37,58,45],"gold":314,"neow_bonus":"BOSS_RELIC","is_prod":false,"is_daily":false,"chose_seed":false,"campfire_upgraded":5,"win_rate":0,"timestamp":1547913557,"path_taken":["M","?","M","?","?","?","?","R","T","$","?","M","R","M","R","BOSS","M","M","?","M","?","M","R","M","T","$","?","M","?","?","R","BOSS","M","?","M","M","M","?","M","R","T","R","?","R","M","?","R","BOSS"],"build_version":"2019-01-17v2","purchased_purges":1,"victory":true,"max_hp_per_floor":[70,70,70,70,70,70,70,70,70,70,70,70,70,70,70,70,70,70,70,70,70,70,70,70,70,70,70,70,70,70,70,70,70,70,70,70,70,70,70,70,70,70,70,70,70,70,70,70,70,70],"card_choices":[{"not_picked":["Flying Knee","Heel Hook"],"picked":"Noxious Fumes","floor":1.0},{"not_picked":["Blade Dance","Skewer","Dagger Throw"],"picked":"SKIP","floor":3.0},{"not_picked":["PiercingWail","Prepared"],"picked":"Backflip","floor":7.0},{"not_picked":["Wraith Form v2","Dash"],"picked":"PiercingWail","floor":12.0},{"not_picked":["All Out Attack","Expertise"],"picked":"Leg Sweep","floor":14.0},{"not_picked":["Unload","Grand Finale"],"picked":"Doppelganger","floor":16.0},{"not_picked":[],"picked":"Deadly Poison+1","floor":18.0},{"not_picked":["Slice+1"],"picked":"SKIP","floor":19.0},{"not_picked":["Sucker Punch"],"picked":"SKIP","floor":21.0},{"not_picked":[],"picked":"Prepared","floor":22.0},{"not_picked":["Acrobatics"],"picked":"SKIP","floor":23.0},{"not_picked":[],"picked":"Flechettes+1","floor":25.0},{"not_picked":[],"picked":"Crippling Poison","floor":28.0},{"not_picked":["Quick Slash"],"picked":"SKIP","floor":29.0},{"not_picked":["Quick Slash"],"picked":"SKIP","floor":29.0},{"not_picked":[],"picked":"Footwork","floor":34.0},{"not_picked":[],"picked":"Bouncing Flask","floor":34.0},{"not_picked":[],"picked":"All Out Attack+1","floor":34.0},{"not_picked":[],"picked":"Footwork","floor":35.0},{"not_picked":["Accuracy+1"],"picked":"SKIP","floor":37},{"not_picked":["Slice"],"picked":"SKIP","floor":38},{"not_picked":[],"picked":"Heel Hook+1","floor":39},{"not_picked":["Dagger Throw"],"picked":"SKIP","floor":41},{"not_picked":[],"picked":"Catalyst+1","floor":45},{"not_picked":["Accuracy"],"picked":"SKIP","floor":47},{"not_picked":[],"picked":"Madness","floor":48}],"player_experience":89019,"relics_obtained":[{"floor":6.0,"key":"Ornamental Fan"},{"floor":9.0,"key":"Blood Vial"},{"floor":26.0,"key":"Paper Crane"},{"floor":43,"key":"Letter Opener"},{"floor":43,"key":"FossilizedHelix"}],"event_choices":[{"damage_healed":0.0,"max_hp_gain":0.0,"max_hp_loss":0.0,"gold_gain":0.0,"event_name":"Golden Idol","player_choice":"Take Wound","floor":2.0,"gold_loss":0.0,"damage_taken":0.0,"relics_obtained":["Golden Idol"],"cards_obtained":["Injury"]},{"damage_healed":0.0,"max_hp_gain":0.0,"max_hp_loss":0.0,"gold_gain":0.0,"event_name":"Scrap Ooze","player_choice":"Success","floor":4.0,"gold_loss":0.0,"damage_taken":7.0,"relics_obtained":["Tiny Chest"]},{"damage_healed":0.0,"max_hp_gain":0.0,"max_hp_loss":0.0,"gold_gain":0.0,"event_name":"Liars Game","player_choice":"Ignored","floor":5.0,"gold_loss":0.0,"damage_taken":0.0},{"cards_removed":["Strike_G"],"damage_healed":0.0,"max_hp_gain":0.0,"max_hp_loss":0.0,"gold_gain":0.0,"event_name":"Golden Wing","player_choice":"Card Removal","floor":11.0,"gold_loss":0.0,"damage_taken":7.0},{"cards_removed":["Strike_G"],"damage_healed":0.0,"max_hp_gain":0.0,"max_hp_loss":0.0,"gold_gain":0.0,"event_name":"Purifier","player_choice":"Purged","floor":20.0,"gold_loss":0.0,"damage_taken":0.0},{"damage_healed":0.0,"max_hp_gain":0.0,"max_hp_loss":0.0,"gold_gain":0.0,"event_name":"N\u0027loth","player_choice":"Traded Relic","floor":30.0,"relics_lost":["Astrolabe"],"gold_loss":0.0,"damage_taken":0.0,"relics_obtained":["Nloth\u0027s Gift"]},{"cards_removed":["Bouncing Flask"],"damage_healed":0,"gold_gain":0,"player_choice":"Removed Skill","damage_taken":0,"max_hp_gain":0,"max_hp_loss":0,"event_name":"Falling","floor":36,"gold_loss":0},{"damage_healed":0,"gold_gain":0,"player_choice":"Forge","damage_taken":0,"max_hp_gain":0,"max_hp_loss":0,"event_name":"Accursed Blacksmith","floor":40,"gold_loss":0,"cards_upgraded":["Footwork"]},{"damage_healed":0,"gold_gain":0,"player_choice":"Memory 1","damage_taken":0,"max_hp_gain":0,"max_hp_loss":0,"event_name":"SensoryStone","floor":48,"gold_loss":0}],"is_beta":false,"boss_relics":[{"not_picked":["WristBlade","Pandora\u0027s Box"],"picked":"Busted Crown"},{"not_picked":["Coffee Dripper","Fusion Hammer"],"picked":"Orrery"}],"items_purged_floors":[10],"is_endless":false,"potions_floor_spawned":[3,7,16,18,22,23,35,38,45],"ascension_level":2}