{"gold_per_floor":[111,33,45,45,58,58,70,20,20,20,52,52,52,70,70,173,173,185,217,217,230,248,248,265,265,265,290,307,307,323,342,342,342],"floor_reached":33,"playtime":2388,"items_purged":[],"score":294,"play_id":"d074e1e0-ad7c-4178-a00b-04f03569cedf","local_time":"20190107171438","is_ascension_mode":false,"campfire_choices":[{"data":"Ball Lightning","floor":6.0,"key":"SMITH"},{"data":"Beam Cell","floor":10.0,"key":"SMITH"},{"data":"Sweeping Beam","floor":12.0,"key":"SMITH"},{"data":"Steam","floor":15.0,"key":"SMITH"},{"floor":23,"key":"REST"},{"floor":25,"key":"REST"},{"floor":29,"key":"REST"},{"floor":32,"key":"REST"}],"neow_cost":"NONE","seed_source_timestamp":0,"circlet_count":0,"master_deck":["Strike_B","Strike_B","Defend_B","Defend_B","Defend_B","Defend_B","Zap","Dualcast","Ball Lightning+1","Steam+1","Leap","Beam Cell+1","Rebound","Melter","Sweeping Beam+1","Conserve Battery","All For One","Fusion+1","Gash","RitualDagger","Undo+1","Conserve Battery+1","Skim+1","BootSequence+1","Steam Power"],"special_seed":0,"relics":["Cracked Core","NeowsBlessing","Mango","Unceasing Top","Lizard Tail","Red Mask","Letter Opener","Centennial Puzzle"],"potions_floor_usage":[22,27,30],"damage_taken":[{"damage":0.0,"enemies":"2 Louse","floor":1.0,"turns":1.0},{"damage":0.0,"enemies":"Small Slimes","floor":3.0,"turns":1.0},{"damage":0.0,"enemies":"Jaw Worm","floor":5.0,"turns":1.0},{"damage":2.0,"enemies":"Blue Slaver","floor":7.0,"turns":3.0},{"damage":16.0,"enemies":"Gremlin Nob","floor":11.0,"turns":3.0},{"damage":6.0,"enemies":"2 Fungi Beasts","floor":14.0,"turns":2.0},{"damage":58.0,"enemies":"Hexaghost","floor":16.0,"turns":10.0},{"damage":8,"enemies":"2 Thieves","floor":18,"turns":4},{"damage":40,"enemies":"Masked Bandits","floor":19,"turns":5},{"damage":0,"enemies":"Chosen","floor":21,"turns":3},{"damage":20,"enemies":"Sentry and Sphere","floor":22,"turns":5},{"damage":21,"enemies":"Cultist and Chosen","floor":24,"turns":8},{"damage":42,"enemies":"Book of Stabbing","floor":27,"turns":7},{"damage":1,"enemies":"Centurion and Healer","floor":28,"turns":4},{"damage":17,"enemies":"Snake Plant","floor":30,"turns":6},{"damage":12,"enemies":"Shelled Parasite and Fungi","floor":31,"turns":4},{"damage":107,"enemies":"Automaton","floor":33,"turns":12}],"seed_played":"6446763643650579859","potions_obtained":[{"floor":5.0,"key":"Poison Potion"},{"floor":16.0,"key":"Weak Potion"},{"floor":19,"key":"Ancient Potion"},{"floor":21,"key":"Fruit Juice"},{"floor":24,"key":"EssenceOfSteel"}],"is_trial":false,"path_per_floor":["M","$","M","?","M","R","M","?","T","R","E","R","?","M","R","B",null,"M","?","?","M","M","R","M","R","T","E","M","R","M","M","R","B"],"character_chosen":"DEFECT","items_purchased":["Ball Lightning","Steam"],"campfire_rested":4,"item_purchase_floors":[2,2],"current_hp_per_floor":[75,75,75,75,75,75,73,73,87,87,71,71,76,70,70,12,94,86,46,40,40,25,54,33,62,62,20,19,48,31,19,48,0],"gold":342,"neow_bonus":"THREE_ENEMY_KILL","is_prod":false,"is_daily":false,"chose_seed":false,"campfire_upgraded":4,"win_rate":0.0,"timestamp":1546881278,"path_taken":["M","$","M","?","M","R","M","?","T","R","E","R","?","M","R","BOSS","M","?","?","M","M","R","M","R","T","E","M","R","M","M","R","BOSS"],"build_version":"2019-01-03v4","purchased_purges":0,"victory":false,"max_hp_per_floor":[75,75,75,75,75,75,75,75,89,89,89,89,94,94,94,94,94,94,94,94,94,99,99,99,99,99,99,99,99,99,99,99,99],"card_choices":[{"not_picked":["Barrage","Rebound","Redo"],"picked":"SKIP","floor":1.0},{"not_picked":["Stack","Go for the Eyes"],"picked":"Leap","floor":3.0},{"not_picked":["Barrage","Hello World"],"picked":"Rebound","floor":5.0},{"not_picked":["Stack","Compile Driver"],"picked":"Melter","floor":7.0},{"not_picked":["Redo","Darkness"],"picked":"Sweeping Beam","floor":11.0},{"not_picked":["Rebound","Heatsinks"],"picked":"Conserve Battery","floor":14.0},{"not_picked":["Thunder Strike","Echo Form"],"picked":"All For One","floor":16.0},{"not_picked":["White Noise","Reprogram+1"],"picked":"Fusion+1","floor":18},{"not_picked":["Cold Snap","Rebound"],"picked":"Gash","floor":19},{"not_picked":["Doom and Gloom+1","Sweeping Beam"],"picked":"Undo+1","floor":21},{"not_picked":["Sweeping Beam","Compile Driver"],"picked":"Conserve Battery+1","floor":22},{"not_picked":["Barrage","Go for the Eyes"],"picked":"Skim+1","floor":24},{"not_picked":["Ball Lightning","Compile Driver","Sweeping Beam"],"picked":"SKIP","floor":27},{"not_picked":["Streamline+1","Aggregate"],"picked":"BootSequence+1","floor":28},{"not_picked":["Steam Power","Heatsinks","Ball Lightning"],"picked":"SKIP","floor":30},{"not_picked":["Heatsinks","Ball Lightning"],"picked":"Steam Power","floor":30},{"not_picked":["Skim","Rebound+1","Melter+1"],"picked":"SKIP","floor":31}],"player_experience":51973,"relics_obtained":[{"floor":9.0,"key":"Mango"},{"floor":11.0,"key":"Unceasing Top"},{"floor":19,"key":"Red Mask"},{"floor":26,"key":"Letter Opener"},{"floor":27,"key":"Centennial Puzzle"}],"event_choices":[{"damage_healed":0.0,"max_hp_gain":0.0,"max_hp_loss":0.0,"gold_gain":0.0,"cards_transformed":["Strike_B"],"event_name":"Living Wall","player_choice":"Change","floor":4.0,"gold_loss":0.0,"damage_taken":0.0,"cards_obtained":["Beam Cell"]},{"cards_removed":["Strike_B"],"damage_healed":0.0,"max_hp_gain":0.0,"max_hp_loss":0.0,"gold_gain":0.0,"event_name":"The Cleric","player_choice":"Card Removal","floor":8.0,"gold_loss":50.0,"damage_taken":0.0},{"damage_healed":0.0,"max_hp_gain":5.0,"max_hp_loss":0.0,"gold_gain":0.0,"event_name":"Big Fish","player_choice":"Donut","floor":13.0,"gold_loss":0.0,"damage_taken":0.0},{"damage_healed":0,"gold_gain":0,"player_choice":"Fought Bandits","damage_taken":0,"max_hp_gain":0,"max_hp_loss":0,"event_name":"Masked Bandits","floor":19,"gold_loss":0},{"damage_healed":0,"gold_gain":0,"player_choice":"Joined the Cult","damage_taken":6,"max_hp_gain":0,"max_hp_loss":0,"event_name":"Nest","floor":20,"gold_loss":0,"cards_obtained":["RitualDagger"]}],"is_beta":false,"boss_relics":[{"not_picked":["Snecko Eye","White Beast Statue"],"picked":"Lizard Tail"}],"items_purged_floors":[],"is_endless":false,"potions_floor_spawned":[5,16,19,21,24],"killed_by":"Automaton","ascension_level":0}