{"gold_per_floor":[109,120,120,120,134,134,234,248,271,282,282,313,313,326,326,427,427,447,463,481,275,374,324,339,339,339,349,349,121,153,167,167,167],"floor_reached":33,"playtime":1232,"items_purged":[],"score":269,"play_id":"98e4e64c-fb79-45c9-8651-964ac8a009dd","local_time":"20181216150329","is_ascension_mode":false,"campfire_choices":[{"data":"Perfected Strike","floor":6,"key":"SMITH"},{"data":"Wild Strike","floor":11,"key":"SMITH"},{"data":"Spot Weakness","floor":13,"key":"SMITH"},{"data":"Disarm","floor":15,"key":"SMITH"},{"floor":25,"key":"REST"},{"data":"Demon Form","floor":28,"key":"SMITH"},{"floor":32,"key":"REST"}],"neow_cost":"NONE","seed_source_timestamp":186652106267166,"circlet_count":0,"master_deck":["Strike_R","Strike_R","Strike_R","Strike_R","Strike_R","Defend_R","Defend_R","Defend_R","Defend_R","Bash","Infernal Blade+1","Disarm","Perfected Strike+1","Wild Strike+1","Disarm+1","Spot Weakness+1","Immolate","Demon Form+1","Sword Boomerang+1","Corruption","Disarm","Twin Strike"],"relics":["Burning Blood","Pen Nib","Omamori","Lantern","Runic Cube","Juzu Bracelet","Frozen Egg 2","Happy Flower","Unceasing Top"],"potions_floor_usage":[10,12,20,30,33],"damage_taken":[{"damage":6,"enemies":"2 Louse","floor":1,"turns":4},{"damage":6,"enemies":"Jaw Worm","floor":2,"turns":3},{"damage":4,"enemies":"Cultist","floor":5,"turns":3},{"damage":10,"enemies":"2 Fungi Beasts","floor":8,"turns":3},{"damage":0,"enemies":"Gremlin Gang","floor":10,"turns":2},{"damage":14,"enemies":"Lagavulin","floor":12,"turns":4},{"damage":5,"enemies":"3 Louse","floor":14,"turns":2},{"damage":39,"enemies":"Hexaghost","floor":16,"turns":8},{"damage":17,"enemies":"Shell Parasite","floor":18,"turns":6},{"damage":5,"enemies":"Chosen","floor":19,"turns":3},{"damage":25,"enemies":"3 Cultists","floor":20,"turns":4},{"damage":28,"enemies":"Centurion and Healer","floor":24,"turns":6},{"damage":8,"enemies":"Snecko","floor":27,"turns":3},{"damage":27,"enemies":"Book of Stabbing","floor":30,"turns":5},{"damage":15,"enemies":"Snake Plant","floor":31,"turns":3},{"damage":59,"enemies":"Collector","floor":33,"turns":5}],"seed_played":"-2588493784588857712","potions_obtained":[{"floor":1,"key":"Fire Potion"},{"floor":2,"key":"Explosive Potion"},{"floor":12,"key":"SpeedPotion"},{"floor":16,"key":"Dexterity Potion"},{"floor":18,"key":"FearPotion"},{"floor":24,"key":"LiquidBronze"},{"floor":27,"key":"FairyPotion"}],"is_trial":false,"path_per_floor":["M","M","$","?","M","R","?","M","T","M","R","E","R","M","R","B",null,"M","M","M","$","?","?","M","R","T","M","R","$","E","M","R","B"],"character_chosen":"IRONCLAD","items_purchased":["Juzu Bracelet","Strength Potion","Disarm","Happy Flower"],"campfire_rested":2,"item_purchase_floors":[21,21,29,29],"current_hp_per_floor":[80,80,80,80,80,80,80,76,76,80,80,72,72,73,73,40,80,69,70,51,51,51,51,29,53,53,51,51,51,30,21,45,0],"gold":167,"neow_bonus":"RANDOM_COMMON_RELIC","is_prod":false,"is_daily":false,"chose_seed":false,"campfire_upgraded":5,"win_rate":0,"timestamp":1544969009,"path_taken":["M","M","$","?","M","R","?","M","T","M","R","E","R","M","R","BOSS","M","M","M","$","?","?","M","R","T","M","R","$","E","M","R","BOSS"],"build_version":"2018-12-13","purchased_purges":0,"victory":false,"max_hp_per_floor":[80,80,80,80,80,80,80,80,80,80,80,80,80,80,80,80,80,80,80,80,80,80,80,80,80,80,80,80,80,80,80,80,80],"card_choices":[{"not_picked":["Burning Pact","Uppercut"],"picked":"Infernal Blade","floor":1},{"not_picked":["Rampage","Blood for Blood"],"picked":"Disarm","floor":2},{"not_picked":["Cleave","Dual Wield"],"picked":"Perfected Strike","floor":5},{"not_picked":["Evolve","Clothesline"],"picked":"Wild Strike","floor":8},{"not_picked":["Combust","True Grit"],"picked":"Disarm","floor":10},{"not_picked":["Entrench","Clothesline"],"picked":"Spot Weakness","floor":12},{"not_picked":["Metallicize","Clash"],"picked":"Immolate","floor":14},{"not_picked":["Feed","Dark Embrace"],"picked":"Demon Form","floor":16},{"not_picked":["Rupture","Battle Trance","Combust"],"picked":"SKIP","floor":18},{"not_picked":["Sword Boomerang","Clothesline+1","Feel No Pain+1"],"picked":"SKIP","floor":19},{"not_picked":["Burning Pact","Anger"],"picked":"Sword Boomerang+1","floor":20},{"not_picked":["Uppercut","Headbutt+1"],"picked":"Corruption","floor":24},{"not_picked":["Pommel Strike","Iron Wave+1","Cleave+1"],"picked":"SKIP","floor":27},{"not_picked":["True Grit+1","Warcry","Clothesline+1"],"picked":"SKIP","floor":30},{"not_picked":["Combust+1","Uppercut+1"],"picked":"Twin Strike","floor":31}],"player_experience":195546,"relics_obtained":[{"floor":9,"key":"Omamori"},{"floor":12,"key":"Lantern"},{"floor":26,"key":"Frozen Egg 2"},{"floor":30,"key":"Unceasing Top"}],"event_choices":[{"damage_healed":0,"gold_gain":0,"player_choice":"Grow","damage_taken":0,"max_hp_gain":0,"max_hp_loss":0,"event_name":"Living Wall","floor":4,"gold_loss":0,"cards_upgraded":["Infernal Blade"]},{"damage_healed":0,"gold_gain":100,"player_choice":"Pray","damage_taken":0,"max_hp_gain":0,"max_hp_loss":0,"event_name":"Golden Shrine","floor":7,"gold_loss":0},{"damage_healed":0,"gold_gain":99,"player_choice":"Stole From Cult","damage_taken":0,"max_hp_gain":0,"max_hp_loss":0,"event_name":"Nest","floor":22,"gold_loss":0},{"damage_healed":0,"gold_gain":0,"player_choice":"Bet on Murderer","damage_taken":0,"max_hp_gain":0,"max_hp_loss":0,"event_name":"The Joust","floor":23,"gold_loss":50}],"is_beta":false,"boss_relics":[{"not_picked":["Philosopher\u0027s Stone","Empty Cage"],"picked":"Runic Cube"}],"items_purged_floors":[],"is_endless":false,"potions_floor_spawned":[1,2,12,16,18,24,27],"killed_by":"Collector","ascension_level":0}