{"gold_per_floor":[119,119,119,119,134,175,195,175,175,200,218,242,277,277,277,367,367,383,403,156,156,169,169],"floor_reached":23,"playtime":761,"items_purged":[],"score":433,"play_id":"3952414c-72e0-4ace-a2fc-e4c21bf89eb3","local_time":"20190104052234","is_ascension_mode":true,"campfire_choices":[{"data":"Berserk","floor":15,"key":"SMITH"}],"neow_cost":"NONE","seed_source_timestamp":2353265226536665,"circlet_count":0,"master_deck":["AscendersBane","Strike_R","Defend_R+1","Defend_R","Defend_R+1","Defend_R","Bash","Twin Strike","Spot Weakness","Sword Boomerang","Berserk+1","Battle Trance","Wild Strike+1","Battle Trance+1","Bludgeon+1","Flame Barrier","Iron Wave+1","Madness"],"relics":["Burning Blood","NeowsBlessing","Golden Idol","Self Forming Clay","Centennial Puzzle","War Paint","Astrolabe","Anchor"],"potions_floor_usage":[11,12,12,23],"damage_taken":[{"damage":0,"enemies":"Cultist","floor":1,"turns":1},{"damage":0,"enemies":"2 Louse","floor":5,"turns":1},{"damage":0,"enemies":"Gremlin Nob","floor":6,"turns":1},{"damage":2,"enemies":"Jaw Worm","floor":7,"turns":5},{"damage":10,"enemies":"Red Slaver","floor":10,"turns":3},{"damage":2,"enemies":"Exordium Wildlife","floor":11,"turns":3},{"damage":15,"enemies":"Gremlin Gang","floor":12,"turns":2},{"damage":32,"enemies":"Lagavulin","floor":13,"turns":5},{"damage":28,"enemies":"Hexaghost","floor":16,"turns":9},{"damage":10,"enemies":"Chosen","floor":18,"turns":3},{"damage":18,"enemies":"2 Thieves","floor":19,"turns":5},{"damage":16,"enemies":"Centurion and Healer","floor":22,"turns":6},{"damage":41,"enemies":"Slavers","floor":23,"turns":4}],"seed_played":"-2522996701876762590","potions_obtained":[{"floor":1,"key":"Explosive Potion"},{"floor":5,"key":"SteroidPotion"},{"floor":8,"key":"Fire Potion"},{"floor":11,"key":"Block Potion"},{"floor":13,"key":"SneckoOil"},{"floor":16,"key":"SpeedPotion"},{"floor":19,"key":"EssenceOfSteel"}],"is_trial":false,"path_per_floor":["M","?","?","?","M","E","M","?","T","M","M","M","E","T","R","B",null,"M","M","$","?","M","E"],"character_chosen":"IRONCLAD","items_purchased":["Anchor","Madness"],"campfire_rested":0,"item_purchase_floors":[20,20],"current_hp_per_floor":[74,74,48,48,54,60,64,64,64,60,64,55,29,29,29,7,58,54,42,42,42,32,0],"gold":169,"neow_bonus":"THREE_ENEMY_KILL","is_prod":false,"is_daily":false,"chose_seed":false,"campfire_upgraded":1,"win_rate":0,"timestamp":1546575754,"path_taken":["M","?","?","?","M","E","?","?","T","?","M","M","E","?","R","BOSS","M","M","$","?","M","E"],"build_version":"2019-01-03v2","purchased_purges":0,"victory":false,"max_hp_per_floor":[75,75,75,75,75,75,75,75,75,75,75,75,75,75,75,75,75,75,75,75,75,75,75],"card_choices":[{"not_picked":["Second Wind","Warcry","Dropkick"],"picked":"SKIP","floor":1},{"not_picked":["Rupture","Pommel Strike"],"picked":"Twin Strike","floor":5},{"not_picked":["Reaper","Clash"],"picked":"Spot Weakness","floor":6},{"not_picked":["Anger","Iron Wave","Rage"],"picked":"SKIP","floor":7},{"not_picked":["Anger","Iron Wave","Rage"],"picked":"SKIP","floor":7},{"not_picked":["Warcry","Body Slam"],"picked":"Sword Boomerang","floor":10},{"not_picked":["Cleave","Warcry"],"picked":"Berserk","floor":11},{"not_picked":["Pommel Strike","Clothesline","Sword Boomerang"],"picked":"SKIP","floor":12},{"not_picked":["Headbutt","Cleave"],"picked":"Battle Trance","floor":13},{"not_picked":["Offering","Impervious"],"picked":"Bludgeon","floor":16},{"not_picked":["Battle Trance","Iron Wave+1"],"picked":"Flame Barrier","floor":18},{"not_picked":["Battle Trance","Flame Barrier"],"picked":"Iron Wave+1","floor":18},{"not_picked":["Reckless Charge","Searing Blow","Intimidate"],"picked":"SKIP","floor":19},{"not_picked":["Reckless Charge","Searing Blow","Intimidate"],"picked":"SKIP","floor":19},{"not_picked":["Perfected Strike+1","Heavy Blade","Second Wind"],"picked":"SKIP","floor":22}],"player_experience":673543,"relics_obtained":[{"floor":6,"key":"Self Forming Clay"},{"floor":9,"key":"Centennial Puzzle"},{"floor":13,"key":"War Paint"}],"event_choices":[{"damage_healed":0,"gold_gain":0,"player_choice":"Ignored","damage_taken":0,"max_hp_gain":0,"max_hp_loss":0,"event_name":"Liars Game","floor":2,"gold_loss":0},{"damage_healed":0,"gold_gain":0,"player_choice":"Take Damage","damage_taken":26,"relics_obtained":["Golden Idol"],"max_hp_gain":0,"max_hp_loss":0,"event_name":"Golden Idol","floor":3,"gold_loss":0},{"cards_removed":["Strike_R"],"damage_healed":0,"gold_gain":0,"player_choice":"Purged","damage_taken":0,"max_hp_gain":0,"max_hp_loss":0,"event_name":"Purifier","floor":4,"gold_loss":0},{"damage_healed":0,"gold_gain":0,"player_choice":"Bought 1 Potion","damage_taken":0,"max_hp_gain":0,"max_hp_loss":0,"event_name":"The Woman in Blue","floor":8,"gold_loss":0},{"cards_removed":["Bludgeon"],"damage_healed":0,"gold_gain":0,"player_choice":"Elegance","damage_taken":0,"max_hp_gain":0,"max_hp_loss":0,"event_name":"Back to Basics","floor":21,"gold_loss":0}],"is_beta":false,"boss_relics":[{"not_picked":["Orrery","Black Star"],"picked":"Astrolabe"}],"items_purged_floors":[],"is_endless":false,"potions_floor_spawned":[1,5,7,11,13,16,19],"killed_by":"Slavers","ascension_level":18}