{"gold_per_floor":[110,35,55,55,55,83,83,117,143,175,187,209,221,250,262,347,359,384,321,333,51,62,62,92,102,102,102,102],"floor_reached":28,"playtime":707,"items_purged":[],"score":558,"play_id":"56930e7b-91a1-42db-91a1-1e9528a95394","local_time":"20190601095315","is_ascension_mode":true,"campfire_choices":[{"data":"Predator","floor":7,"key":"SMITH"},{"floor":11,"key":"REST"},{"floor":15,"key":"REST"},{"floor":23,"key":"REST"},{"floor":27,"key":"REST"}],"neow_cost":"NONE","seed_source_timestamp":1335317086042805,"circlet_count":0,"master_deck":["AscendersBane","Defend_G","Defend_G","Defend_G","Defend_G","Defend_G","Survivor","Neutralize","Predator+1","Cloak And Dagger","Poisoned Stab","PiercingWail","Escape Plan","Dagger Spray","Deflect","Dagger Spray","Dagger Throw","Deadly Poison","Cloak And Dagger"],"relics":["Ring of the Snake","NeowsBlessing","Dream Catcher","Gremlin Horn","Centennial Puzzle","MawBank","Sozu","TwistedFunnel","Pen Nib","Calipers"],"potions_floor_usage":[8,8,16,16,16,24],"damage_taken":[{"damage":0,"enemies":"2 Louse","floor":1,"turns":1},{"damage":0,"enemies":"Jaw Worm","floor":3,"turns":1},{"damage":0,"enemies":"3 Sentries","floor":6,"turns":1},{"damage":14,"enemies":"Gremlin Nob","floor":8,"turns":4},{"damage":37,"enemies":"Lagavulin","floor":10,"turns":7},{"damage":0,"enemies":"Small Slimes","floor":12,"turns":2},{"damage":1,"enemies":"Gremlin Gang","floor":14,"turns":3},{"damage":33,"enemies":"Slime Boss","floor":16,"turns":12},{"damage":19,"enemies":"Spheric Guardian","floor":18,"turns":6},{"damage":10,"enemies":"Shell Parasite","floor":22,"turns":5},{"damage":30,"enemies":"Book of Stabbing","floor":24,"turns":6},{"damage":0,"enemies":"3 Cultists","floor":25,"turns":4},{"damage":31,"enemies":"Gremlin Leader","floor":28,"turns":4}],"seed_played":"943486474350576610","potions_obtained":[{"floor":1,"key":"FearPotion"},{"floor":3,"key":"Weak Potion"},{"floor":6,"key":"Block Potion"},{"floor":12,"key":"EntropicBrew"},{"floor":16,"key":"Swift Potion"}],"is_trial":false,"path_per_floor":["M","?","M","?","$","E","R","E","T","E","R","M","?","M","R","B",null,"M","?","?","$","M","R","E","M","T","R","E"],"character_chosen":"THE_SILENT","items_purchased":["TwistedFunnel","Dagger Spray","Dagger Throw"],"campfire_rested":4,"item_purchase_floors":[21,21,21],"current_hp_per_floor":[59,59,59,52,52,52,52,38,38,1,20,20,20,19,38,5,51,32,32,32,32,22,41,11,11,11,30,0],"gold":102,"neow_bonus":"THREE_ENEMY_KILL","is_prod":false,"is_daily":false,"chose_seed":false,"campfire_upgraded":1,"win_rate":0,"timestamp":1559407995,"path_taken":["M","?","M","?","?","E","R","E","T","E","R","M","?","?","R","BOSS","M","?","?","$","M","R","E","M","T","R","E"],"build_version":"2019-05-31","purchased_purges":0,"victory":false,"max_hp_per_floor":[66,66,66,66,66,66,66,66,66,66,66,66,66,66,66,66,66,66,66,66,66,66,66,66,66,66,66,66],"card_choices":[{"not_picked":["Sucker Punch","Flechettes"],"picked":"Predator","floor":1},{"not_picked":["Finisher","Terror"],"picked":"Cloak And Dagger","floor":3},{"not_picked":["Cloak And Dagger","Acrobatics"],"picked":"Poisoned Stab","floor":6},{"not_picked":["Blade Dance","Slice"],"picked":"PiercingWail","floor":8},{"not_picked":["Flechettes","Calculated Gamble"],"picked":"Escape Plan","floor":10},{"not_picked":["PiercingWail","Quick Slash"],"picked":"Dagger Spray","floor":11},{"not_picked":["Escape Plan","Underhanded Strike","Tactician"],"picked":"SKIP","floor":12},{"not_picked":["Escape Plan","Slice","Endless Agony"],"picked":"SKIP","floor":14},{"not_picked":["Underhanded Strike","Bane"],"picked":"Deflect","floor":18},{"not_picked":["Acrobatics","Finisher","Reflex"],"picked":"SKIP","floor":22},{"not_picked":["Choke+1","Cloak And Dagger+1"],"picked":"Deadly Poison","floor":24},{"not_picked":["Dagger Throw+1","Riddle With Holes"],"picked":"Cloak And Dagger","floor":25}],"player_experience":1289472,"relics_obtained":[{"floor":6,"key":"Dream Catcher"},{"floor":8,"key":"Gremlin Horn"},{"floor":9,"key":"Centennial Puzzle"},{"floor":10,"key":"MawBank"},{"floor":24,"key":"Pen Nib"},{"floor":26,"key":"Calipers"}],"event_choices":[{"cards_removed":["Strike_G"],"damage_healed":0,"gold_gain":0,"player_choice":"Card Removal","damage_taken":0,"max_hp_gain":0,"max_hp_loss":0,"event_name":"The Cleric","floor":2,"gold_loss":75},{"cards_removed":["Strike_G"],"damage_healed":0,"gold_gain":0,"player_choice":"Card Removal","damage_taken":7,"max_hp_gain":0,"max_hp_loss":0,"event_name":"Golden Wing","floor":4,"gold_loss":0},{"cards_removed":["Strike_G"],"damage_healed":0,"gold_gain":0,"player_choice":"Forget","damage_taken":0,"max_hp_gain":0,"max_hp_loss":0,"event_name":"Living Wall","floor":13,"gold_loss":0},{"cards_removed":["Strike_G"],"damage_healed":0,"gold_gain":0,"player_choice":"Gave Gold","damage_taken":0,"max_hp_gain":0,"max_hp_loss":0,"event_name":"Beggar","floor":19,"gold_loss":75},{"cards_removed":["Strike_G"],"damage_healed":0,"gold_gain":0,"player_choice":"Purged","damage_taken":0,"max_hp_gain":0,"max_hp_loss":0,"event_name":"Purifier","floor":20,"gold_loss":0}],"is_beta":true,"boss_relics":[{"not_picked":["Orrery","HoveringKite"],"picked":"Sozu"}],"items_purged_floors":[],"is_endless":false,"potions_floor_spawned":[1,3,6,12,16,18,24],"killed_by":"Gremlin Leader","ascension_level":20}