{"gold_per_floor":[117,127,127,127,52,52,66,66,66,109,109,109,127,162,162,253,253,267,267,267,290,290,290,323,344,344,344,344,362,401,58,58,154,154,169,119,30,45,21,65,65,105,105,105,125,125,148,164,164,164,164,164,164,0,36,36],"floor_reached":56,"playtime":2776,"items_purged":["Bite+1"],"score":2002,"play_id":"60482dfd-e8fd-4ffd-8e93-ac7e1c505ff5","local_time":"20190509143111","is_ascension_mode":true,"campfire_choices":[{"data":"Crippling Poison","floor":6.0,"key":"SMITH"},{"data":"Backstab","floor":8.0,"key":"SMITH"},{"floor":12.0,"key":"REST"},{"floor":15.0,"key":"REST"},{"data":"Wraith Form v2","floor":23.0,"key":"SMITH"},{"data":"Noxious Fumes","floor":28.0,"key":"SMITH"},{"data":"Malaise","floor":32.0,"key":"SMITH"},{"data":"Calculated Gamble","floor":41.0,"key":"SMITH"},{"floor":44.0,"key":"RECALL"},{"data":"PiercingWail","floor":49.0,"key":"SMITH"},{"data":"Survivor","floor":53.0,"key":"SMITH"}],"neow_cost":"NONE","seed_source_timestamp":712062611676770,"circlet_count":0,"master_deck":["AscendersBane","Defend_G+1","Defend_G+1","Defend_G+1","Defend_G+1","Defend_G+1","Survivor+1","Neutralize+1","Crippling Poison+1","Backstab+1","PiercingWail+1","Noxious Fumes+1","Predator+1","Masterful Stab+1","Wraith Form v2+1","Infinite Blades","Calculated Gamble+1","All Out Attack+1","Escape Plan","Bite+1","Bite+1","Bite+1","Bite+1","Malaise+1","Catalyst+1","Footwork+1","After Image+1","Noxious Fumes+1","Deflect","Leg Sweep","Deflect"],"special_seed":0,"relics":["Ring of the Snake","Golden Idol","War Paint","Molten Egg 2","Centennial Puzzle","Coffee Dripper","Regal Pillow","Kunai","Frozen Egg 2","Chemical X","Busted Crown","Bag of Preparation","Art of War","Vajra"],"potions_floor_usage":[56,56],"damage_taken":[{"damage":0.0,"enemies":"2 Louse","floor":1.0,"turns":3.0},{"damage":0.0,"enemies":"Jaw Worm","floor":2.0,"turns":4.0},{"damage":4.0,"enemies":"Small Slimes","floor":7.0,"turns":4.0},{"damage":47.0,"enemies":"Gremlin Nob","floor":10.0,"turns":6.0},{"damage":5.0,"enemies":"Exordium Thugs","floor":13.0,"turns":5.0},{"damage":13.0,"enemies":"3 Sentries","floor":14.0,"turns":10.0},{"damage":10.0,"enemies":"Hexaghost","floor":16.0,"turns":8.0},{"damage":6.0,"enemies":"3 Byrds","floor":18.0,"turns":4.0},{"damage":10.0,"enemies":"Spheric Guardian","floor":21.0,"turns":4.0},{"damage":7.0,"enemies":"Gremlin Leader","floor":24.0,"turns":8.0},{"damage":0.0,"enemies":"Centurion and Healer","floor":25.0,"turns":5.0},{"damage":18.0,"enemies":"Snake Plant","floor":29.0,"turns":5.0},{"damage":0.0,"enemies":"Book of Stabbing","floor":30.0,"turns":6.0},{"damage":21.0,"enemies":"Automaton","floor":33.0,"turns":12.0},{"damage":26.0,"enemies":"3 Darklings","floor":35.0,"turns":5.0},{"damage":0.0,"enemies":"3 Shapes","floor":38.0,"turns":8.0},{"damage":18.0,"enemies":"Giant Head","floor":40.0,"turns":11.0},{"damage":29.0,"enemies":"Nemesis","floor":42.0,"turns":9.0},{"damage":0.0,"enemies":"Sphere and 2 Shapes","floor":45.0,"turns":7.0},{"damage":4.0,"enemies":"4 Shapes","floor":47.0,"turns":6.0},{"damage":7.0,"enemies":"Writhing Mass","floor":48.0,"turns":6.0},{"damage":30.0,"enemies":"Donu and Deca","floor":50.0,"turns":12.0},{"damage":57.0,"enemies":"Awakened One","floor":51.0,"turns":23.0},{"damage":47.0,"enemies":"Shield and Spear","floor":55.0,"turns":9.0},{"damage":32,"enemies":"The Heart","floor":56,"turns":5}],"seed_played":"7118385730057793521","potions_obtained":[{"floor":1.0,"key":"Dexterity Potion"},{"floor":10.0,"key":"Swift Potion"},{"floor":11.0,"key":"LiquidBronze"},{"floor":11.0,"key":"FearPotion"},{"floor":13.0,"key":"GhostInAJar"},{"floor":16.0,"key":"Fruit Juice"},{"floor":24.0,"key":"Energy Potion"},{"floor":29.0,"key":"Dexterity Potion"},{"floor":30.0,"key":"SteroidPotion"},{"floor":47.0,"key":"Swift Potion"}],"is_trial":false,"path_per_floor":["M","M","?","?","?","R","M","R","T","E","?","R","M","E","R","B",null,"M","?","?","M","?","R","E","M","T","?","R","M","E","$","R","B",null,"M","?","$","M","$","E","R","E","T","R","M","?","M","M","R","B","B",null,"R","$","E","B"],"character_chosen":"THE_SILENT","items_purchased":["Footwork+1","Chemical X","Noxious Fumes+1","Deflect","Leg Sweep","LiquidBronze"],"campfire_rested":2,"item_purchase_floors":[31,31,37,39,54,54],"current_hp_per_floor":[59,59,59,59,59,59,55,55,55,8,8,26,21,8,26,16,49,43,43,34,24,24,24,17,17,17,17,17,19,43,43,43,47,47,33,33,33,47,47,47,47,36,36,36,47,45,45,45,45,45,45,45,45,45,22,0],"gold":36,"neow_bonus":"UPGRADE_CARD","is_prod":false,"is_daily":false,"chose_seed":false,"campfire_upgraded":8,"win_rate":0,"timestamp":1557437471,"path_taken":["M","M","?","?","?","R","M","R","T","E","?","R","?","E","R","BOSS","M","?","?","?","?","R","E","?","T","?","R","M","E","$","R","BOSS","M","?","?","?","$","E","R","E","T","R","M","?","M","M","R","BOSS","BOSS","R","$","E","BOSS"],"build_version":"2019-05-07","purchased_purges":1,"victory":false,"max_hp_per_floor":[66,66,66,60,60,60,60,60,60,60,60,60,60,60,60,60,60,60,60,60,60,60,60,60,60,60,42,42,47,47,47,47,47,47,47,47,47,47,47,47,47,47,47,47,47,45,45,45,45,45,45,45,45,45,45,45],"card_choices":[{"not_picked":["Dagger Spray","Acrobatics"],"picked":"Crippling Poison","floor":1.0},{"not_picked":["Flechettes","Heel Hook"],"picked":"Backstab","floor":2.0},{"not_picked":["Outmaneuver","Concentrate"],"picked":"PiercingWail","floor":7.0},{"not_picked":["Terror","Poisoned Stab"],"picked":"Noxious Fumes","floor":10.0},{"not_picked":["Dagger Spray+1","Backstab+1"],"picked":"Predator+1","floor":13.0},{"not_picked":["Heel Hook+1","Flying Knee+1"],"picked":"Masterful Stab+1","floor":14.0},{"not_picked":["A Thousand Cuts","Phantasmal Killer"],"picked":"Wraith Form v2","floor":16.0},{"not_picked":["Sucker Punch+1","Terror","Underhanded Strike+1"],"picked":"SKIP","floor":18.0},{"not_picked":["Poisoned Stab+1","Choke+1"],"picked":"Infinite Blades","floor":21.0},{"not_picked":["Blade Dance","Deflect"],"picked":"All Out Attack+1","floor":24.0},{"not_picked":["Outmaneuver","Slice+1"],"picked":"Escape Plan","floor":25.0},{"not_picked":["Setup","Cloak And Dagger"],"picked":"Malaise","floor":29.0},{"not_picked":["Predator+1","Underhanded Strike+1"],"picked":"Catalyst","floor":30.0},{"not_picked":["Malaise","Envenom+1"],"picked":"After Image+1","floor":33.0},{"not_picked":["Distraction+1"],"picked":"SKIP","floor":35.0},{"not_picked":["Deadly Poison"],"picked":"SKIP","floor":38.0},{"not_picked":["Acrobatics"],"picked":"SKIP","floor":40.0},{"not_picked":["Dagger Spray+1"],"picked":"SKIP","floor":42.0},{"not_picked":["Blade Dance"],"picked":"SKIP","floor":45.0},{"not_picked":["Flying Knee+1"],"picked":"SKIP","floor":47.0},{"not_picked":["Outmaneuver"],"picked":"SKIP","floor":48.0},{"not_picked":[],"picked":"Deflect","floor":55.0}],"player_experience":1239964,"relics_obtained":[{"floor":9.0,"key":"War Paint"},{"floor":10.0,"key":"Molten Egg 2"},{"floor":14.0,"key":"Centennial Puzzle"},{"floor":24.0,"key":"Regal Pillow"},{"floor":26.0,"key":"Kunai"},{"floor":30.0,"key":"Frozen Egg 2"},{"floor":40.0,"key":"Bag of Preparation"},{"floor":42.0,"key":"Art of War"},{"floor":55.0,"key":"Vajra"}],"event_choices":[{"damage_healed":0.0,"max_hp_gain":0.0,"max_hp_loss":0.0,"gold_gain":0.0,"event_name":"Liars Game","player_choice":"Ignored","floor":3.0,"gold_loss":0.0,"damage_taken":0.0},{"damage_healed":0.0,"max_hp_gain":0.0,"max_hp_loss":6.0,"gold_gain":0.0,"event_name":"Golden Idol","player_choice":"Lose Max HP","floor":4.0,"gold_loss":0.0,"damage_taken":0.0,"relics_obtained":["Golden Idol"]},{"cards_removed":["Strike_G"],"damage_healed":0.0,"max_hp_gain":0.0,"max_hp_loss":0.0,"gold_gain":0.0,"event_name":"The Cleric","player_choice":"Card Removal","floor":5.0,"gold_loss":75.0,"damage_taken":0.0},{"damage_healed":0.0,"max_hp_gain":0.0,"max_hp_loss":0.0,"gold_gain":0.0,"event_name":"Lab","player_choice":"Got Potions","floor":11.0,"gold_loss":0.0,"damage_taken":0.0},{"damage_healed":0.0,"max_hp_gain":0.0,"max_hp_loss":0.0,"gold_gain":0.0,"event_name":"Back to Basics","player_choice":"Simplicity","floor":19.0,"gold_loss":0.0,"damage_taken":0.0,"cards_upgraded":["Defend_G","Defend_G","Defend_G","Strike_G","Strike_G","Strike_G","Strike_G"]},{"damage_healed":0.0,"max_hp_gain":0.0,"max_hp_loss":0.0,"gold_gain":0.0,"event_name":"Wheel of Change","player_choice":"Damaged","floor":20.0,"gold_loss":0.0,"damage_taken":9.0},{"damage_healed":0.0,"max_hp_gain":0.0,"max_hp_loss":0.0,"gold_gain":0.0,"cards_transformed":["Strike_G"],"event_name":"Transmorgrifier","player_choice":"Transformed","floor":22.0,"gold_loss":0.0,"damage_taken":0.0,"cards_obtained":["Calculated Gamble"]},{"damage_healed":0.0,"max_hp_gain":0.0,"max_hp_loss":18.0,"gold_gain":0.0,"event_name":"Vampires","player_choice":"Became a vampire","floor":27.0,"gold_loss":0.0,"damage_taken":0.0,"cards_obtained":["Bite","Bite","Bite","Bite","Bite"]},{"damage_healed":0.0,"max_hp_gain":0.0,"max_hp_loss":0.0,"gold_gain":0.0,"event_name":"Designer","player_choice":"Upgrade","floor":36.0,"gold_loss":50.0,"damage_taken":0.0,"cards_upgraded":["Catalyst"]},{"damage_healed":0.0,"max_hp_gain":0.0,"max_hp_loss":2.0,"gold_gain":0.0,"event_name":"Winding Halls","player_choice":"Max HP","floor":46.0,"gold_loss":0.0,"damage_taken":0.0}],"is_beta":true,"boss_relics":[{"not_picked":["Sozu","HoveringKite"],"picked":"Coffee Dripper"},{"not_picked":["Black Star","Empty Cage"],"picked":"Busted Crown"}],"items_purged_floors":[31],"is_endless":false,"potions_floor_spawned":[1,10,13,16,24,29,30,35,47,48],"killed_by":"The Heart","ascension_level":20}