{"gold_per_floor":[111,129,61,78,93,123,138,138,138,138,472,483,511,511,511,615,615,625,625,625,641,61,61,81,116,139,139,139,165,184,201,201,303,303,321,332,332,343,357,357,357,375,375,400,413,428,9,21,21,21],"floor_reached":51,"playtime":5135,"items_purged":["Whirlwind"],"score":745,"play_id":"d2eb6ba3-e346-46f3-8d37-04fdeecc1401","local_time":"20190613041424","daily_mods":["SealedDeck","DeadlyEvents","Binary"],"is_ascension_mode":false,"campfire_choices":[{"data":"True Grit","floor":8.0,"key":"SMITH"},{"data":"Intimidate","floor":15.0,"key":"SMITH"},{"data":"Armaments","floor":23.0,"key":"SMITH"},{"data":"True Grit","floor":28.0,"key":"SMITH"},{"data":"Transmutation","floor":32.0,"key":"SMITH"},{"data":"Limit Break","floor":40,"key":"SMITH"},{"floor":49,"key":"REST"}],"neow_cost":"","seed_source_timestamp":0,"circlet_count":0,"master_deck":["Cleave","Iron Wave","Inflame","Inflame","True Grit+1","Armaments+1","Shrug It Off","Shrug It Off","Bludgeon","True Grit+1","Limit Break+1","Inflame","Shrug It Off","Intimidate+1","Double Tap","Metallicize","Whirlwind+1","Metallicize","Transmutation+1","Armaments+1","Feed","Uppercut+1","Body Slam+1","Body Slam+1","Flame Barrier","Trip","Impervious"],"special_seed":0,"relics":["Burning Blood","Shuriken","Ginger","Old Coin","Charon\u0027s Ashes","Mark of Pain","Mercury Hourglass","FossilizedHelix","Bag of Marbles","Centennial Puzzle","Unceasing Top","Black Star","Gremlin Horn","Frozen Egg 2","Potion Belt","Art of War"],"potions_floor_usage":[48,50,50,50,50,50],"damage_taken":[{"damage":1.0,"enemies":"Cultist","floor":1.0,"turns":4.0},{"damage":1.0,"enemies":"Jaw Worm","floor":2.0,"turns":4.0},{"damage":0.0,"enemies":"2 Louse","floor":4.0,"turns":1.0},{"damage":14.0,"enemies":"Blue Slaver","floor":5.0,"turns":4.0},{"damage":4.0,"enemies":"3 Sentries","floor":6.0,"turns":7.0},{"damage":0.0,"enemies":"Red Slaver","floor":7.0,"turns":4.0},{"damage":13.0,"enemies":"Lagavulin","floor":11.0,"turns":6.0},{"damage":12.0,"enemies":"Exordium Wildlife","floor":12.0,"turns":3.0},{"damage":13.0,"enemies":"3 Sentries","floor":13.0,"turns":7.0},{"damage":0.0,"enemies":"Exordium Thugs","floor":14.0,"turns":1.0},{"damage":36.0,"enemies":"The Guardian","floor":16.0,"turns":13.0},{"damage":0.0,"enemies":"Spheric Guardian","floor":18.0,"turns":1.0},{"damage":0.0,"enemies":"3 Byrds","floor":21.0,"turns":3.0},{"damage":0.0,"enemies":"Cultist and Chosen","floor":24.0,"turns":4.0},{"damage":15.0,"enemies":"Book of Stabbing","floor":25.0,"turns":5.0},{"damage":0.0,"enemies":"Gremlin Leader","floor":29.0,"turns":7.0},{"damage":0.0,"enemies":"Centurion and Healer","floor":30.0,"turns":5.0},{"damage":0.0,"enemies":"Snake Plant","floor":31.0,"turns":4.0},{"damage":45.0,"enemies":"Champ","floor":33.0,"turns":8.0},{"damage":0.0,"enemies":"3 Shapes","floor":35.0,"turns":2.0},{"damage":23.0,"enemies":"3 Darklings","floor":36.0,"turns":3.0},{"damage":0.0,"enemies":"Maw","floor":38.0,"turns":8.0},{"damage":44.0,"enemies":"Transient","floor":39.0,"turns":5.0},{"damage":0,"enemies":"4 Shapes","floor":42,"turns":2},{"damage":6,"enemies":"Nemesis","floor":44,"turns":5},{"damage":23,"enemies":"Spire Growth","floor":45,"turns":4},{"damage":0,"enemies":"Transient","floor":46,"turns":5},{"damage":0,"enemies":"3 Darklings","floor":48,"turns":4},{"damage":32,"enemies":"Time Eater","floor":50,"turns":10}],"seed_played":"7967481588599385239","potions_obtained":[{"floor":4.0,"key":"GamblersBrew"},{"floor":5.0,"key":"SmokeBomb"},{"floor":6.0,"key":"Swift Potion"},{"floor":11.0,"key":"SpeedPotion"},{"floor":30.0,"key":"AttackPotion"},{"floor":33.0,"key":"Swift Potion"},{"floor":36.0,"key":"BloodPotion"},{"floor":38.0,"key":"Regen Potion"},{"floor":39.0,"key":"AttackPotion"},{"floor":46,"key":"EssenceOfSteel"},{"floor":48,"key":"GamblersBrew"}],"is_trial":true,"path_per_floor":["M","M","$","M","M","E","M","R","T","$","E","M","E","M","R","B",null,"M","T","?","M","$","R","M","E","T","$","R","E","M","M","R","B",null,"M","M","?","M","M","R","?","M","T","E","M","M","$","M","R","B",null],"character_chosen":"IRONCLAD","items_purchased":["Bludgeon","Metallicize","Transmutation","FossilizedHelix","AttackPotion","Strength Potion","Art of War","Flame Barrier","Trip"],"campfire_rested":1,"item_purchase_floors":[3,22,22,22,47,47,47,47,47],"current_hp_per_floor":[80,80,80,80,72,74,80,80,80,80,73,67,60,66,66,36,80,80,80,80,80,80,80,80,71,71,71,71,77,80,80,80,41,80,80,63,68,74,45,45,45,51,51,51,34,40,40,54,78,52],"gold":21,"neow_bonus":"","is_prod":false,"is_daily":false,"chose_seed":false,"campfire_upgraded":6,"win_rate":0,"timestamp":1560395664,"path_taken":["M","M","$","?","?","E","M","R","T","?","E","M","?","M","R","BOSS","M","?","?","?","$","R","M","?","T","$","R","E","M","M","R","BOSS","M","M","?","?","M","R","?","M","T","?","M","M","$","M","R","BOSS"],"build_version":"2019-01-23","purchased_purges":1,"victory":true,"max_hp_per_floor":[80,80,80,80,80,80,80,80,80,80,80,80,80,80,80,80,80,80,80,80,80,80,80,80,80,80,80,80,80,80,80,80,80,80,80,80,80,80,80,80,80,80,80,80,80,80,80,80,80,80],"card_choices":[{"not_picked":["Sever Soul","Wild Strike"],"picked":"SKIP","floor":1.0},{"not_picked":["Havoc","Anger"],"picked":"SKIP","floor":2.0},{"not_picked":["Hemokinesis","Power Through"],"picked":"SKIP","floor":4.0},{"not_picked":["Dropkick"],"picked":"True Grit","floor":5.0},{"not_picked":["Evolve"],"picked":"Limit Break","floor":6.0},{"not_picked":["Second Wind","Havoc"],"picked":"SKIP","floor":7.0},{"not_picked":["Blood for Blood"],"picked":"Inflame","floor":11.0},{"not_picked":["Armaments"],"picked":"Shrug It Off","floor":12.0},{"not_picked":["Flex"],"picked":"Intimidate","floor":13.0},{"not_picked":["Dark Embrace"],"picked":"Double Tap","floor":16.0},{"not_picked":["Perfected Strike+1","Iron Wave"],"picked":"SKIP","floor":18.0},{"not_picked":["Bloodletting"],"picked":"Whirlwind+1","floor":21.0},{"not_picked":["Warcry","Havoc+1"],"picked":"SKIP","floor":24.0},{"not_picked":["Armaments"],"picked":"Pommel Strike","floor":25.0},{"not_picked":["Bloodletting","Flex"],"picked":"SKIP","floor":29.0},{"not_picked":["Anger"],"picked":"Armaments+1","floor":30.0},{"not_picked":["Armaments","Clothesline"],"picked":"SKIP","floor":31.0},{"not_picked":["Reaper"],"picked":"Feed","floor":33.0},{"not_picked":["Whirlwind"],"picked":"Uppercut+1","floor":35.0},{"not_picked":["Seeing Red","Dual Wield"],"picked":"SKIP","floor":36.0},{"not_picked":["Perfected Strike","Warcry"],"picked":"SKIP","floor":38.0},{"not_picked":["Armaments","Rampage+1"],"picked":"SKIP","floor":39.0},{"not_picked":["Twin Strike"],"picked":"Body Slam+1","floor":42},{"not_picked":["Clash+1"],"picked":"Body Slam+1","floor":44},{"not_picked":["Second Wind","Burning Pact"],"picked":"SKIP","floor":45},{"not_picked":["Twin Strike","Dual Wield"],"picked":"SKIP","floor":46},{"not_picked":["Clothesline"],"picked":"Impervious","floor":48}],"player_experience":793455,"relics_obtained":[{"floor":6.0,"key":"Shuriken"},{"floor":9.0,"key":"Ginger"},{"floor":11.0,"key":"Old Coin"},{"floor":13.0,"key":"Charon\u0027s Ashes"},{"floor":19.0,"key":"Mercury Hourglass"},{"floor":25.0,"key":"Bag of Marbles"},{"floor":26.0,"key":"Centennial Puzzle"},{"floor":29.0,"key":"Unceasing Top"},{"floor":43,"key":"Gremlin Horn"},{"floor":44,"key":"Frozen Egg 2"},{"floor":44,"key":"Potion Belt"}],"event_choices":[{"damage_healed":0.0,"max_hp_gain":0.0,"max_hp_loss":0.0,"gold_gain":0.0,"event_name":"The Library","player_choice":"Read","floor":20.0,"gold_loss":0.0,"damage_taken":0.0,"cards_obtained":["Metallicize"]},{"cards_removed":["Pommel Strike"],"damage_healed":5.0,"max_hp_gain":0.0,"max_hp_loss":0.0,"gold_gain":0.0,"event_name":"Bonfire Elementals","player_choice":"Offered Common","floor":37.0,"gold_loss":0.0,"damage_taken":0.0},{"cards_removed":["Pommel Strike"],"damage_healed":5.0,"max_hp_gain":0.0,"max_hp_loss":0.0,"gold_gain":0.0,"event_name":"Bonfire Elementals","player_choice":"Offered Special","floor":37.0,"gold_loss":0.0,"damage_taken":0.0},{"cards_removed":["Iron Wave"],"damage_healed":0,"gold_gain":0,"player_choice":"Purged","damage_taken":0,"max_hp_gain":0,"max_hp_loss":0,"event_name":"Purifier","floor":41,"gold_loss":0}],"is_beta":false,"boss_relics":[{"not_picked":["Tiny House","Empty Cage"],"picked":"Mark of Pain"},{"not_picked":["Runic Dome","Calling Bell"],"picked":"Black Star"}],"items_purged_floors":[22],"is_endless":false,"potions_floor_spawned":[4,5,6,11,13,30,33,36,38,39,46,48],"ascension_level":0}