{"gold_per_floor":[118,193,118,118,145,180,180,237,262,282,282,294,326,341,341,413,463,483,533,117,137,137,137,170,170,170,181,181,197,210,1,1,76,76,96,110,210,30,44,44,77,77,104,117,127,142,17,27,27,27],"floor_reached":51,"playtime":4413,"items_purged":["Strike_B","Defend_B","Defend_B"],"score":1342,"play_id":"0c94909d-d222-4e13-82bd-cdaf9cb192b5","local_time":"20190317160029","is_ascension_mode":true,"campfire_choices":[{"data":"Zap","floor":7,"key":"SMITH"},{"data":"Buffer","floor":11,"key":"SMITH"},{"data":"Go for the Eyes","floor":15,"key":"SMITH"},{"data":"Defragment","floor":23,"key":"SMITH"},{"data":"Rainbow","floor":25,"key":"SMITH"},{"floor":28,"key":"REST"},{"floor":32,"key":"REST"},{"floor":40,"key":"REST"},{"floor":42,"key":"REST"},{"floor":49,"key":"REST"}],"neow_cost":"NONE","seed_source_timestamp":23916937889588148,"circlet_count":0,"master_deck":["AscendersBane","Strike_B+1","Strike_B+1","Defend_B","Defend_B","Zap+1","Dualcast","Chill","Buffer+1","Go for the Eyes+1","Sweeping Beam+1","Rebound","Steam","Cold Snap","Rainbow+1","Leap","Leap","Defragment+1","Capacitor","Compile Driver+1","Creative AI","Defragment+1","Machine Learning","BootSequence","Coolheaded+1","Force Field","Thinking Ahead","Loop","Steam+1","BootSequence"],"relics":["Cracked Core","NeowsBlessing","Whetstone","Potion Belt","Tiny Chest","Blood Vial","Boot","Tiny House","Mercury Hourglass","Ornamental Fan","Mummified Hand","DollysMirror","Fusion Hammer","Du-Vu Doll","Bottled Tornado","Juzu Bracelet"],"potions_floor_usage":[24,24,30,50,50,50],"damage_taken":[{"damage":0,"enemies":"Small Slimes","floor":1,"turns":1},{"damage":0,"enemies":"Lagavulin","floor":6,"turns":1},{"damage":0,"enemies":"3 Sentries","floor":8,"turns":1},{"damage":0,"enemies":"Jaw Worm","floor":10,"turns":3},{"damage":0,"enemies":"Cultist","floor":12,"turns":3},{"damage":0,"enemies":"Gremlin Nob","floor":13,"turns":4},{"damage":1,"enemies":"2 Fungi Beasts","floor":14,"turns":3},{"damage":14,"enemies":"Slime Boss","floor":16,"turns":13},{"damage":1,"enemies":"Shell Parasite","floor":18,"turns":5},{"damage":1,"enemies":"3 Byrds","floor":21,"turns":5},{"damage":38,"enemies":"Slavers","floor":24,"turns":6},{"damage":6,"enemies":"3 Cultists","floor":27,"turns":5},{"damage":1,"enemies":"Centurion and Healer","floor":29,"turns":7},{"damage":9,"enemies":"Chosen and Byrds","floor":30,"turns":7},{"damage":19,"enemies":"Champ","floor":33,"turns":13},{"damage":30,"enemies":"3 Shapes","floor":35,"turns":4},{"damage":37,"enemies":"3 Darklings","floor":36,"turns":5},{"damage":0,"enemies":"Mind Bloom Boss Battle","floor":37,"turns":8},{"damage":0,"enemies":"Spire Growth","floor":39,"turns":6},{"damage":0,"enemies":"Giant Head","floor":41,"turns":10},{"damage":37,"enemies":"4 Shapes","floor":44,"turns":6},{"damage":6,"enemies":"Writhing Mass","floor":45,"turns":8},{"damage":0,"enemies":"Maw","floor":46,"turns":8},{"damage":0,"enemies":"Sphere and 2 Shapes","floor":48,"turns":6},{"damage":30,"enemies":"Time Eater","floor":50,"turns":11}],"seed_played":"-3602850942377014196","potions_obtained":[{"floor":1,"key":"Energy Potion"},{"floor":8,"key":"EssenceOfSteel"},{"floor":10,"key":"SkillPotion"},{"floor":12,"key":"Ancient Potion"},{"floor":16,"key":"Strength Potion"},{"floor":24,"key":"SpeedPotion"},{"floor":30,"key":"SpeedPotion"},{"floor":35,"key":"LiquidBronze"},{"floor":39,"key":"Energy Potion"},{"floor":45,"key":"EssenceOfSteel"}],"is_trial":false,"path_per_floor":["M","?","$","?","T","E","R","E","T","M","R","M","E","M","R","B",null,"M","?","$","M","?","R","E","R","T","M","R","M","M","$","R","B",null,"M","M","?","$","M","R","E","R","T","M","M","M","$","M","R","B",null],"character_chosen":"DEFECT","items_purchased":["Defragment","Mercury Hourglass","DollysMirror","Thinking Ahead"],"campfire_rested":5,"item_purchase_floors":[20,20,31,38],"current_hp_per_floor":[64,53,53,53,53,53,53,53,53,55,55,57,59,60,60,48,70,71,71,71,72,72,72,36,36,36,32,54,55,48,48,70,53,70,42,7,9,9,11,33,35,57,57,22,18,20,20,22,44,16],"gold":27,"neow_bonus":"THREE_ENEMY_KILL","is_prod":false,"is_daily":false,"chose_seed":false,"campfire_upgraded":5,"win_rate":0,"timestamp":1552834829,"path_taken":["M","?","$","?","?","E","R","E","T","M","R","M","E","M","R","BOSS","M","?","$","?","?","R","E","R","T","M","R","M","M","$","R","BOSS","M","M","?","$","M","R","E","R","T","M","M","M","$","M","R","BOSS"],"build_version":"2019-01-23","purchased_purges":3,"victory":true,"max_hp_per_floor":[71,71,71,71,71,71,71,71,71,71,71,71,71,71,71,71,76,76,76,76,76,76,76,76,76,76,76,76,76,76,76,76,76,76,76,76,76,76,76,76,76,76,76,76,76,76,76,76,76,76],"card_choices":[{"not_picked":["Rebound","Compile Driver"],"picked":"Chill","floor":1},{"not_picked":["Amplify","Static Discharge"],"picked":"Buffer","floor":6},{"not_picked":["Beam Cell","Force Field"],"picked":"Go for the Eyes","floor":8},{"not_picked":["Turbo","Reprogram"],"picked":"Sweeping Beam","floor":10},{"not_picked":["Scrape","Static Discharge"],"picked":"Rebound","floor":12},{"not_picked":["Redo","Rainbow"],"picked":"Steam","floor":13},{"not_picked":["Undo","Rebound"],"picked":"Cold Snap","floor":14},{"not_picked":["Buffer","Biased Cognition"],"picked":"Rainbow","floor":16},{"not_picked":["Go for the Eyes","Gash"],"picked":"Leap","floor":17},{"not_picked":["Recycle","Force Field"],"picked":"Leap","floor":18},{"not_picked":["Rebound","Turbo"],"picked":"Capacitor","floor":21},{"not_picked":["Hologram","Doom and Gloom","Go for the Eyes"],"picked":"SKIP","floor":24},{"not_picked":["Barrage","Ball Lightning"],"picked":"Compile Driver+1","floor":27},{"not_picked":["Steam","Double Energy","Compile Driver"],"picked":"SKIP","floor":29},{"not_picked":["Sweeping Beam","Gash"],"picked":"Creative AI","floor":30},{"not_picked":["Hyperbeam","Fission"],"picked":"Machine Learning","floor":33},{"not_picked":["Go for the Eyes","Compile Driver"],"picked":"BootSequence","floor":35},{"not_picked":["Tempest","Recycle"],"picked":"Coolheaded+1","floor":36},{"not_picked":["Compile Driver","Go for the Eyes"],"picked":"Force Field","floor":37},{"not_picked":["Double Energy","Skim","Rebound+1"],"picked":"SKIP","floor":39},{"not_picked":["Beam Cell","Capacitor"],"picked":"Loop","floor":41},{"not_picked":["Ball Lightning","Hologram","Buffer"],"picked":"SKIP","floor":44},{"not_picked":["Genetic Algorithm+1","Force Field"],"picked":"Steam+1","floor":45},{"not_picked":["Coolheaded","Storm+1","Redo"],"picked":"SKIP","floor":46},{"not_picked":["Compile Driver","Stack"],"picked":"BootSequence","floor":48}],"player_experience":433459,"relics_obtained":[{"floor":5,"key":"Whetstone"},{"floor":6,"key":"Potion Belt"},{"floor":8,"key":"Tiny Chest"},{"floor":9,"key":"Blood Vial"},{"floor":13,"key":"Boot"},{"floor":24,"key":"Ornamental Fan"},{"floor":26,"key":"Mummified Hand"},{"floor":37,"key":"Du-Vu Doll"},{"floor":41,"key":"Bottled Tornado"},{"floor":43,"key":"Juzu Bracelet"}],"event_choices":[{"damage_healed":0,"gold_gain":75,"player_choice":"Gather Gold","damage_taken":11,"max_hp_gain":0,"max_hp_loss":0,"event_name":"World of Goop","floor":2,"gold_loss":0},{"cards_removed":["Strike_B"],"damage_healed":0,"gold_gain":0,"player_choice":"Forget","damage_taken":0,"max_hp_gain":0,"max_hp_loss":0,"event_name":"Living Wall","floor":4,"gold_loss":0},{"damage_healed":0,"gold_gain":100,"player_choice":"Bet on Murderer","damage_taken":0,"max_hp_gain":0,"max_hp_loss":0,"event_name":"The Joust","floor":19,"gold_loss":50},{"damage_healed":0,"gold_gain":0,"player_choice":"Ignored","damage_taken":0,"max_hp_gain":0,"max_hp_loss":0,"event_name":"Ghosts","floor":22,"gold_loss":0},{"damage_healed":0,"gold_gain":0,"player_choice":"Fight","damage_taken":0,"max_hp_gain":0,"max_hp_loss":0,"event_name":"MindBloom","floor":37,"gold_loss":0}],"is_beta":false,"boss_relics":[{"not_picked":["Black Star","Astrolabe"],"picked":"Tiny House"},{"not_picked":["Nuclear Battery","Lizard Tail"],"picked":"Fusion Hammer"}],"items_purged_floors":[3,20,47],"is_endless":false,"potions_floor_spawned":[1,8,10,12,16,18,24,30,35,39,41,45],"ascension_level":15}