{"gold_per_floor":[119,138,155,155,170,170,130,130,130,159,159,172,190,204,204,204],"floor_reached":16,"playtime":684,"items_purged":[],"score":203,"play_id":"ba0917f0-17f9-4225-beca-5ea246555def","local_time":"20190422003443","is_ascension_mode":true,"campfire_choices":[{"floor":6,"key":"REST"},{"floor":8,"key":"REST"},{"data":"Zap","floor":11,"key":"SMITH"},{"floor":15,"key":"REST"}],"neow_cost":"NONE","seed_source_timestamp":876190570881468,"circlet_count":0,"master_deck":["AscendersBane","Strike_B","Strike_B","Strike_B+1","Defend_B","Defend_B","Defend_B","Defend_B","Zap+1","Dualcast","Regret","Doubt","Parasite","Capacitor","Self Repair","Cold Snap","Compile Driver+1","Leap","Cold Snap","Sweeping Beam","Core Surge","Glacier"],"relics":["Calling Bell","Centennial Puzzle","Matryoshka","Incense Burner","Whetstone","Turnip","Bag of Preparation"],"potions_floor_usage":[7,10,10,10,16,16],"damage_taken":[{"damage":16,"enemies":"Cultist","floor":1,"turns":5},{"damage":11,"enemies":"Jaw Worm","floor":2,"turns":6},{"damage":20,"enemies":"Small Slimes","floor":3,"turns":5},{"damage":9,"enemies":"Blue Slaver","floor":5,"turns":5},{"damage":15,"enemies":"Looter","floor":7,"turns":4},{"damage":28,"enemies":"3 Sentries","floor":10,"turns":12},{"damage":26,"enemies":"2 Fungi Beasts","floor":12,"turns":4},{"damage":5,"enemies":"Large Slime","floor":13,"turns":6},{"damage":11,"enemies":"3 Louse","floor":14,"turns":4},{"damage":38,"enemies":"Slime Boss","floor":16,"turns":7}],"seed_played":"6427436149106838013","potions_obtained":[{"floor":3,"key":"EntropicBrew"},{"floor":12,"key":"Weak Potion"},{"floor":13,"key":"PowerPotion"}],"is_trial":false,"path_per_floor":["M","M","M","?","M","R","M","R","T","E","R","M","M","M","R","B"],"character_chosen":"DEFECT","items_purchased":[],"campfire_rested":3,"item_purchase_floors":[],"current_hp_per_floor":[48,37,24,24,22,43,35,56,56,35,35,16,18,14,35,0],"gold":204,"neow_bonus":"BOSS_RELIC","is_prod":false,"is_daily":false,"chose_seed":false,"campfire_upgraded":1,"win_rate":0,"timestamp":1555886083,"path_taken":["M","?","M","?","?","R","M","R","T","E","R","M","M","M","R","BOSS"],"build_version":"2019-01-23","purchased_purges":0,"victory":false,"max_hp_per_floor":[71,71,71,71,71,71,71,71,71,71,71,71,71,71,71,71],"card_choices":[{"not_picked":["Leap","Gash"],"picked":"Capacitor","floor":1},{"not_picked":["Chill","Rebound"],"picked":"Self Repair","floor":2},{"not_picked":["Hologram","Barrage"],"picked":"Cold Snap","floor":3},{"not_picked":["Ball Lightning","Auto Shields"],"picked":"Leap","floor":5},{"not_picked":["Consume","Turbo"],"picked":"Cold Snap","floor":7},{"not_picked":["Hologram","Scrape"],"picked":"Sweeping Beam","floor":10},{"not_picked":["Coolheaded","Sweeping Beam"],"picked":"Core Surge","floor":12},{"not_picked":["Stack","Compile Driver"],"picked":"Glacier","floor":13},{"not_picked":["Stack","Gash","Barrage"],"picked":"SKIP","floor":14}],"player_experience":510963,"relics_obtained":[{"floor":0,"key":"Centennial Puzzle"},{"floor":0,"key":"Matryoshka"},{"floor":0,"key":"Incense Burner"},{"floor":9,"key":"Whetstone"},{"floor":9,"key":"Turnip"},{"floor":10,"key":"Bag of Preparation"}],"event_choices":[{"damage_healed":0,"gold_gain":0,"cards_transformed":["Strike_B"],"player_choice":"Transformed","damage_taken":0,"max_hp_gain":0,"max_hp_loss":0,"event_name":"Transmorgrifier","floor":4,"gold_loss":0,"cards_obtained":["Compile Driver"]}],"is_beta":false,"boss_relics":[],"items_purged_floors":[],"is_endless":false,"potions_floor_spawned":[3,12,13,14],"killed_by":"Slime Boss","ascension_level":19}