{"path_per_floor":["M","$","?","M","M","R","M","M","T","R","M","M","?","M","R","B",null,"M","M","M","?","?","R","$","M","T","T","M","$","$","M","R","B",null,"M","$","M","?","$","?","M","M","T","M","?","?","$","M","R","B"],"character_chosen":"IRONCLAD","items_purchased":["Oddly Smooth Stone","Apotheosis","Bag of Marbles","Block Potion"],"gold_per_floor":[219,70,70,84,100,100,118,138,164,164,183,206,206,221,221,346,346,370,385,399,449,449,449,374,390,444,444,469,9,9,24,24,143,143,166,41,60,60,10,10,26,49,49,67,67,27,27,50,50,50],"floor_reached":51,"campfire_rested":1,"playtime":4438,"current_hp_per_floor":[80,80,60,60,63,63,57,57,57,57,59,58,58,52,52,48,80,79,80,80,80,80,80,80,65,65,72,78,78,78,78,78,16,87,74,74,64,64,64,64,37,28,28,34,34,34,34,17,51,10],"items_purged":["Strike_R","Strike_R","Strike_R"],"gold":50,"score":589,"play_id":"8925de06-dada-41ba-80e4-b9071f59f818","is_prod":false,"is_daily":false,"is_ascension_mode":true,"campfire_upgraded":5,"path_taken":["M","$","?","M","?","R","M","M","T","R","M","?","?","M","R","BOSS","M","M","?","?","?","R","$","M","T","?","M","?","$","M","R","BOSS","M","$","M","?","$","?","M","?","T","M","?","?","?","M","R","BOSS"],"build_version":"2018-02-15-PROD1","purchased_purges":3,"victory":true,"master_deck":["Strike_R","Defend_R","Defend_R","Defend_R","Defend_R","Bash","Spot Weakness","Shockwave+1","Shrug It Off","Evolve+1","Twin Strike","Headbutt","Pommel Strike","Heavy Blade+1","Disarm+1","Shrug It Off","Cleave+1","Apotheosis+1","Metallicize+1","Limit Break","Power Through","Heavy Blade+1","Seeing Red+1"],"max_hp_per_floor":[80,80,80,80,80,80,80,80,80,80,80,80,80,80,80,80,80,80,80,80,80,80,80,80,80,80,87,87,87,87,87,87,87,87,87,87,87,87,87,87,87,87,87,87,87,87,87,87,87,87],"relics":["Burning Blood","Oddly Smooth Stone","Golden Idol","Bag of Preparation","Philosopher\u0027s Stone","Pantograph","Tiny Chest","Strawberry","Bag of Marbles","Eternal Feather","Frozen Eye"],"card_choices":[{"not_picked":["Berserk","Flame Barrier"],"picked":"Spot Weakness"},{"not_picked":["Reckless Charge","Evolve"],"picked":"Shockwave"},{"not_picked":["Dropkick","Clash"],"picked":"Shrug It Off"},{"not_picked":["Clash","Rage"],"picked":"Evolve"},{"not_picked":["Shrug It Off","Hemokinesis"],"picked":"Twin Strike"},{"not_picked":["Perfected Strike","Hemokinesis"],"picked":"Headbutt"},{"not_picked":["Iron Wave","Bloodletting"],"picked":"Heavy Blade"},{"not_picked":["Sentinel","Corruption"],"picked":"Disarm"},{"not_picked":["Spot Weakness","Sentinel"],"picked":"Shrug It Off"},{"not_picked":["Flame Barrier","Warcry"],"picked":"Cleave"},{"not_picked":["Wild Strike","Clothesline"],"picked":"Armaments"},{"not_picked":["Impervious","Headbutt"],"picked":"Metallicize"},{"not_picked":["Brutality","Bludgeon"],"picked":"Limit Break"},{"not_picked":["Cleave","Intimidate"],"picked":"Power Through"},{"not_picked":["Feel No Pain","Evolve"],"picked":"Heavy Blade"},{"not_picked":["Clothesline","Pommel Strike"],"picked":"Seeing Red"}],"player_experience":90753,"potions_floor_usage":[16,25,28,28,31,41,41,42,50,50,50],"damage_taken":[{"damage":6,"enemies":"Cultist","floor":1,"turns":3},{"damage":6,"enemies":"2 Louse","floor":4,"turns":4},{"damage":3,"enemies":"Jaw Worm","floor":5,"turns":3},{"damage":12,"enemies":"Lots of Slimes","floor":7,"turns":6},{"damage":6,"enemies":"3 Louse","floor":8,"turns":4},{"damage":4,"enemies":"Exordium Thugs","floor":11,"turns":7},{"damage":7,"enemies":"Looter","floor":12,"turns":3},{"damage":12,"enemies":"Gremlin Gang","floor":14,"turns":5},{"damage":10,"enemies":"The Guardian","floor":16,"turns":7},{"damage":7,"enemies":"Spheric Guardian","floor":18,"turns":3},{"damage":4,"enemies":"Chosen","floor":19,"turns":5},{"damage":4,"enemies":"Snecko","floor":20,"turns":4},{"damage":21,"enemies":"Snake Plant","floor":25,"turns":4},{"damage":0,"enemies":"Cultist and Chosen","floor":28,"turns":5},{"damage":6,"enemies":"3 Cultists","floor":31,"turns":5},{"damage":77,"enemies":"Automaton","floor":33,"turns":10},{"damage":19,"enemies":"Orb Walker","floor":35,"turns":5},{"damage":16,"enemies":"3 Shapes","floor":37,"turns":9},{"damage":33,"enemies":"Sphere and 2 Shapes","floor":41,"turns":12},{"damage":15,"enemies":"3 Darklings","floor":42,"turns":6},{"damage":0,"enemies":"Maw","floor":44,"turns":8},{"damage":23,"enemies":"Sphere and 2 Shapes","floor":48,"turns":8},{"damage":72,"enemies":"Awakened One","floor":50,"turns":14}],"event_choices":[{"event_name":"Golden Idol","player_choice":"Take Damage","floor":3,"damage_taken":0},{"event_name":"Transmorgrifier","player_choice":"Transform","floor":13,"damage_taken":0},{"event_name":"The Joust","player_choice":"Bet on Murderer","floor":21,"damage_taken":0},{"event_name":"The Mausoleum","player_choice":"Yes","floor":22,"damage_taken":0},{"event_name":"Upgrade Shrine","player_choice":"Upgraded","floor":38,"damage_taken":0},{"event_name":"Golden Shrine","player_choice":"Skipped","floor":45,"damage_taken":0},{"event_name":"The Woman in Blue","player_choice":"Bought 3 Potions","floor":46,"damage_taken":0}],"boss_relics":[{"not_picked":["Runic Pyramid","Runic Dome"],"picked":"Philosopher\u0027s Stone"},{"not_picked":["Snecko Eye","Runic Cube"],"picked":"Eternal Feather"}],"potions_floor_spawned":[1,11,14,18,20,25,37,41,48],"seed_played":"-4513217835936778427","ascension_level":4,"is_trial":false}