{"gold_per_floor":[118,130,46,46,46,46,75,75,75,105,105,105,119,144,144,221,221,232,251,166,91,104,134,134,134,134,149,149,164,192,206,206,206],"floor_reached":33,"playtime":855,"items_purged":["Strike_R"],"score":656,"play_id":"fad67652-341c-46ab-a54d-4db882d258f4","local_time":"20190601145427","is_ascension_mode":true,"campfire_choices":[{"data":"Immolate","floor":6.0,"key":"SMITH"},{"data":"Inflame","floor":8.0,"key":"SMITH"},{"data":"Bash","floor":11,"key":"SMITH"},{"data":"Juggernaut","floor":15,"key":"SMITH"},{"data":"Metallicize","floor":24,"key":"SMITH"},{"data":"True Grit","floor":28,"key":"SMITH"},{"data":"Havoc","floor":32,"key":"SMITH"}],"neow_cost":"NONE","seed_source_timestamp":1353229563753830,"circlet_count":0,"master_deck":["AscendersBane","Strike_R","Strike_R","Defend_R","Defend_R","Defend_R","Defend_R","Bash+1","Brutality","Anger","Twin Strike","Immolate+1","Inflame+1","Flame Barrier","Juggernaut+1","Warcry","True Grit+1","Metallicize+1","Feed","Shrug It Off","Spot Weakness","Clothesline","Rage","Havoc+1"],"special_seed":0,"relics":["Burning Blood","FossilizedHelix","Question Card","Oddly Smooth Stone","Torii","Coffee Dripper","Regal Pillow","Gremlin Horn","Orichalcum","Pen Nib"],"potions_floor_usage":[10,30,33],"damage_taken":[{"damage":4.0,"enemies":"2 Louse","floor":1.0,"turns":5.0},{"damage":12.0,"enemies":"Small Slimes","floor":2.0,"turns":4.0},{"damage":8.0,"enemies":"Gremlin Nob","floor":7.0,"turns":3.0},{"damage":22,"enemies":"Lagavulin","floor":10,"turns":6},{"damage":0,"enemies":"Cultist","floor":13,"turns":3},{"damage":0,"enemies":"3 Sentries","floor":14,"turns":3},{"damage":20,"enemies":"Hexaghost","floor":16,"turns":9},{"damage":0,"enemies":"Chosen","floor":18,"turns":3},{"damage":2,"enemies":"Shell Parasite","floor":19,"turns":6},{"damage":0,"enemies":"Centurion and Healer","floor":22,"turns":5},{"damage":37,"enemies":"Slavers","floor":23,"turns":6},{"damage":0,"enemies":"Snecko","floor":27,"turns":4},{"damage":27,"enemies":"Cultist and Chosen","floor":29,"turns":6},{"damage":13,"enemies":"Book of Stabbing","floor":30,"turns":4},{"damage":15,"enemies":"Snake Plant","floor":31,"turns":5},{"damage":50,"enemies":"Automaton","floor":33,"turns":6}],"seed_played":"5565294363784793783","potions_obtained":[{"floor":2.0,"key":"Weak Potion"},{"floor":7.0,"key":"AttackPotion"},{"floor":10,"key":"BloodPotion"},{"floor":18,"key":"PowerPotion"},{"floor":23,"key":"AttackPotion"},{"floor":30,"key":"Weak Potion"}],"is_trial":false,"path_per_floor":["M","M","$","?","?","R","E","R","T","E","R","?","M","E","R","B",null,"M","M","?","$","M","E","R","$","T","M","R","M","E","M","R","B"],"character_chosen":"IRONCLAD","items_purchased":["Immolate"],"campfire_rested":0,"item_purchase_floors":[3],"current_hp_per_floor":[70,64,64,57,57,57,55,55,55,39,39,39,45,51,51,37,66,75,78,78,78,81,50,50,50,50,56,56,35,31,25,25,0],"gold":206,"neow_bonus":"ONE_RANDOM_RARE_CARD","is_prod":false,"is_daily":false,"chose_seed":false,"campfire_upgraded":7,"win_rate":0,"timestamp":1559426067,"path_taken":["M","M","$","?","?","R","E","R","T","E","R","?","M","E","R","BOSS","M","?","?","$","M","E","R","$","T","M","R","M","E","M","R","BOSS"],"build_version":"2019-05-31","purchased_purges":1,"victory":false,"max_hp_per_floor":[75,75,75,75,75,75,75,75,75,75,75,75,75,75,75,75,75,78,78,78,78,81,81,81,81,81,81,81,81,84,87,87,87],"card_choices":[{"not_picked":["Ghostly Armor","Clash"],"picked":"Anger","floor":1.0},{"not_picked":["Clash","Body Slam"],"picked":"Twin Strike","floor":2.0},{"not_picked":["Twin Strike","Bloodletting"],"picked":"Inflame","floor":7.0},{"not_picked":["Feel No Pain","Warcry","Cleave"],"picked":"Flame Barrier","floor":10},{"not_picked":["Entrench","Pommel Strike","Headbutt"],"picked":"True Grit","floor":13},{"not_picked":["Clothesline","Body Slam","Ghostly Armor"],"picked":"Metallicize","floor":14},{"not_picked":["Brutality","Juggernaut","Exhume"],"picked":"Feed","floor":16},{"not_picked":["Wild Strike","Clash","Flex"],"picked":"Shrug It Off","floor":18},{"not_picked":["Anger","Immolate","Armaments+1"],"picked":"Spot Weakness","floor":19},{"not_picked":["Flex","Sentinel","Body Slam"],"picked":"Clothesline","floor":22},{"not_picked":["Berserk","Clothesline","Clash","Inflame"],"picked":"SKIP","floor":23},{"not_picked":["Headbutt","Cleave","Anger","Heavy Blade"],"picked":"SKIP","floor":27},{"not_picked":["Wild Strike","Warcry","Evolve","Second Wind"],"picked":"SKIP","floor":29},{"not_picked":["Blood for Blood","Dark Embrace","Sword Boomerang"],"picked":"Rage","floor":30},{"not_picked":["Warcry","Iron Wave","Armaments"],"picked":"Havoc","floor":31}],"player_experience":1293227,"relics_obtained":[{"floor":7.0,"key":"FossilizedHelix"},{"floor":9.0,"key":"Question Card"},{"floor":10,"key":"Oddly Smooth Stone"},{"floor":14,"key":"Torii"},{"floor":23,"key":"Gremlin Horn"},{"floor":26,"key":"Orichalcum"},{"floor":30,"key":"Pen Nib"}],"event_choices":[{"cards_removed":["Strike_R"],"damage_healed":0.0,"max_hp_gain":0.0,"max_hp_loss":0.0,"gold_gain":0.0,"event_name":"Golden Wing","player_choice":"Card Removal","floor":4.0,"gold_loss":0.0,"damage_taken":7.0},{"cards_removed":["Strike_R"],"damage_healed":0.0,"max_hp_gain":0.0,"max_hp_loss":0.0,"gold_gain":0.0,"event_name":"Living Wall","player_choice":"Forget","floor":5.0,"gold_loss":0.0,"damage_taken":0.0},{"damage_healed":0,"gold_gain":0,"player_choice":"2 cards matched","damage_taken":0,"max_hp_gain":0,"max_hp_loss":0,"event_name":"Match and Keep!","floor":12,"gold_loss":0,"cards_obtained":["Juggernaut","Warcry"]},{"damage_healed":0,"gold_gain":0,"player_choice":"2 cards matched","damage_taken":0,"max_hp_gain":0,"max_hp_loss":0,"event_name":"Match and Keep!","floor":12,"gold_loss":0,"cards_obtained":["Juggernaut","Warcry"]},{"damage_healed":0,"gold_gain":0,"player_choice":"Obtained Relic","damage_taken":0,"relics_obtained":["Regal Pillow"],"max_hp_gain":0,"max_hp_loss":0,"event_name":"Addict","floor":20,"gold_loss":85}],"is_beta":true,"boss_relics":[{"not_picked":["Runic Dome","Runic Pyramid"],"picked":"Coffee Dripper"}],"items_purged_floors":[21],"is_endless":false,"potions_floor_spawned":[2,7,10,18,23,29,30],"killed_by":"Automaton","ascension_level":20}