{"gold_per_floor":[363,18,32,32,52,52,52,52,52,63,77,77,2,19,19,93,93,103,103,119,137,62,62,75,75,154,154,154],"floor_reached":28,"playtime":830,"items_purged":["Strike_B"],"score":410,"play_id":"a38f724e-3a98-4731-b096-b1f0c85b73d4","local_time":"20190422232637","is_ascension_mode":true,"campfire_choices":[{"data":"Zap","floor":6,"key":"SMITH"},{"floor":8,"key":"REST"},{"data":"Streamline","floor":12,"key":"SMITH"},{"floor":15,"key":"REST"},{"floor":23,"key":"REST"}],"neow_cost":"PERCENT_DAMAGE","seed_source_timestamp":958362805206036,"circlet_count":0,"master_deck":["AscendersBane","Strike_B+1","Strike_B+1","Defend_B+1","Defend_B+1","Defend_B+1","Defend_B+1","Zap+1","Dualcast","Steam","Cold Snap+1","Streamline+1","Gash","Cold Snap","Echo Form","Undo","Gash"],"relics":["Cracked Core","Torii","Pear","Nuclear Battery","Blue Candle"],"potions_floor_usage":[16,16,20,28],"damage_taken":[{"damage":0,"enemies":"Small Slimes","floor":1,"turns":2},{"damage":0,"enemies":"2 Louse","floor":3,"turns":2},{"damage":12,"enemies":"Jaw Worm","floor":5,"turns":2},{"damage":1,"enemies":"3 Louse","floor":10,"turns":4},{"damage":12,"enemies":"Red Slaver","floor":11,"turns":2},{"damage":1,"enemies":"2 Fungi Beasts","floor":14,"turns":2},{"damage":57,"enemies":"Slime Boss","floor":16,"turns":13},{"damage":13,"enemies":"Shell Parasite","floor":18,"turns":5},{"damage":16,"enemies":"3 Byrds","floor":20,"turns":5},{"damage":29,"enemies":"Snecko","floor":21,"turns":7},{"damage":42,"enemies":"Shelled Parasite and Fungi","floor":24,"turns":7},{"damage":7,"enemies":"3 Cultists","floor":28,"turns":4}],"seed_played":"6055853077632720525","potions_obtained":[{"floor":1,"key":"Energy Potion"},{"floor":5,"key":"PowerPotion"},{"floor":11,"key":"Regen Potion"},{"floor":19,"key":"Regen Potion"},{"floor":19,"key":"FearPotion"},{"floor":20,"key":"LiquidBronze"},{"floor":24,"key":"Strength Potion"}],"is_trial":false,"path_per_floor":["M","$","M","$","M","R","?","R","T","M","M","R","?","M","R","B",null,"M","?","M","M","$","R","M","?","T","?","M"],"character_chosen":"DEFECT","items_purchased":["Torii"],"campfire_rested":3,"item_purchase_floors":[2],"current_hp_per_floor":[46,46,46,46,34,34,13,34,44,43,31,31,31,30,54,12,64,51,51,49,20,20,44,2,2,2,2,0],"gold":154,"neow_bonus":"TWO_FIFTY_GOLD","is_prod":false,"is_daily":false,"chose_seed":false,"campfire_upgraded":2,"win_rate":0,"timestamp":1555968397,"path_taken":["M","$","M","$","M","R","?","R","T","M","M","R","?","?","R","BOSS","M","?","M","?","$","R","M","?","T","?","M"],"build_version":"2019-01-23","purchased_purges":1,"victory":false,"max_hp_per_floor":[71,71,71,71,71,71,71,71,81,81,81,81,81,81,81,81,81,81,81,81,81,81,81,81,81,81,81,81],"card_choices":[{"not_picked":["Aggregate","Hologram"],"picked":"Steam","floor":1},{"not_picked":["Conserve Battery","Ball Lightning"],"picked":"Cold Snap","floor":3},{"not_picked":["Go for the Eyes","Undo"],"picked":"Streamline","floor":5},{"not_picked":["Static Discharge","Rebound"],"picked":"Gash","floor":10},{"not_picked":["Barrage","Turbo","Skim"],"picked":"SKIP","floor":11},{"not_picked":["Stack","Hologram"],"picked":"Cold Snap","floor":14},{"not_picked":["All For One","Seek"],"picked":"Echo Form","floor":16},{"not_picked":["Barrage","Steam","Cold Snap+1"],"picked":"SKIP","floor":18},{"not_picked":["Double Energy","Skim"],"picked":"Undo","floor":20},{"not_picked":["Skim","Barrage"],"picked":"Gash","floor":21},{"not_picked":["Go for the Eyes","Multi-Cast","Compile Driver"],"picked":"SKIP","floor":24}],"player_experience":519229,"relics_obtained":[{"floor":9,"key":"Pear"},{"floor":26,"key":"Blue Candle"}],"event_choices":[{"damage_healed":0,"gold_gain":0,"player_choice":"Entered Light","damage_taken":21,"max_hp_gain":0,"max_hp_loss":0,"event_name":"Shining Light","floor":7,"gold_loss":0,"cards_upgraded":["Defend_B","Cold Snap"]},{"cards_removed":["Strike_B"],"damage_healed":0,"gold_gain":0,"player_choice":"Card Removal","damage_taken":0,"max_hp_gain":0,"max_hp_loss":0,"event_name":"The Cleric","floor":13,"gold_loss":75},{"damage_healed":0,"gold_gain":0,"player_choice":"Got Potions","damage_taken":0,"max_hp_gain":0,"max_hp_loss":0,"event_name":"Lab","floor":19,"gold_loss":0},{"damage_healed":0,"gold_gain":0,"player_choice":"Simplicity","damage_taken":0,"max_hp_gain":0,"max_hp_loss":0,"event_name":"Back to Basics","floor":27,"gold_loss":0,"cards_upgraded":["Strike_B","Strike_B","Defend_B","Defend_B","Defend_B"]}],"is_beta":false,"boss_relics":[{"not_picked":["Coffee Dripper","Snecko Eye"],"picked":"Nuclear Battery"}],"items_purged_floors":[22],"is_endless":false,"potions_floor_spawned":[1,5,11,20,24],"killed_by":"3 Cultists","ascension_level":19}