{"gold_per_floor":[113,132,132,147,147,147,172,201,255,255,287,303,316,336,336,440,440,451,250,250,269,285,285,347,376,376,387,404,415,52,78,78,180,180,190,204,217,230,65,93,93,113,113,113,113,128,128,128],"floor_reached":48,"playtime":2766,"items_purged":["Normality"],"score":646,"play_id":"40a4b2ce-219f-41b1-a19d-437e3ee91f19","local_time":"20190612011037","daily_mods":["SealedDeck","DeadlyEvents","Binary"],"is_ascension_mode":false,"campfire_choices":[{"data":"Metallicize","floor":6.0,"key":"SMITH"},{"data":"Shockwave","floor":10.0,"key":"SMITH"},{"data":"Inflame","floor":15.0,"key":"SMITH"},{"data":"Mayhem","floor":23.0,"key":"SMITH"},{"data":"Transmutation","floor":32.0,"key":"SMITH"},{"floor":41.0,"key":"REST"},{"data":"Barricade","floor":45.0,"key":"SMITH"}],"neow_cost":"","seed_source_timestamp":0,"circlet_count":0,"master_deck":["Whirlwind","Headbutt+1","Cleave","Cleave","Cleave","Cleave","Clothesline","Power Through","Armaments+1","Armaments+1","Headbutt+1","Shrug It Off","Metallicize+1","Shockwave+1","Juggernaut","Ghostly Armor","Sentinel","Inflame+1","Feed","Shrug It Off+1","Mayhem+1","True Grit+1","Sword Boomerang","Transmutation+1","Metallicize","Barricade+1","Battle Trance+1","Finesse","Regret","Pain","Body Slam+1"],"special_seed":0,"relics":["Burning Blood","Bottled Flame","Bag of Preparation","Happy Flower","Ornamental Fan","Cursed Key","Tiny Chest","Boot","Kunai","TheAbacus","Champion Belt","Black Star","Mercury Hourglass","Frozen Egg 2","Girya","Strawberry"],"potions_floor_usage":[],"damage_taken":[{"damage":0.0,"enemies":"Jaw Worm","floor":1.0,"turns":3.0},{"damage":5.0,"enemies":"Small Slimes","floor":2.0,"turns":2.0},{"damage":0.0,"enemies":"Cultist","floor":4.0,"turns":3.0},{"damage":23.0,"enemies":"Gremlin Nob","floor":7.0,"turns":5.0},{"damage":9.0,"enemies":"3 Sentries","floor":8.0,"turns":4.0},{"damage":10.0,"enemies":"Gremlin Nob","floor":11.0,"turns":4.0},{"damage":0.0,"enemies":"Lots of Slimes","floor":12.0,"turns":1.0},{"damage":3.0,"enemies":"Blue Slaver","floor":13.0,"turns":3.0},{"damage":0.0,"enemies":"3 Louse","floor":14.0,"turns":1.0},{"damage":6.0,"enemies":"Hexaghost","floor":16.0,"turns":8.0},{"damage":15.0,"enemies":"3 Byrds","floor":18.0,"turns":4.0},{"damage":5.0,"enemies":"Spheric Guardian","floor":21.0,"turns":4.0},{"damage":0.0,"enemies":"Chosen and Byrds","floor":22.0,"turns":5.0},{"damage":4.0,"enemies":"Book of Stabbing","floor":24.0,"turns":5.0},{"damage":9.0,"enemies":"Gremlin Leader","floor":25.0,"turns":5.0},{"damage":4.0,"enemies":"Snecko","floor":27.0,"turns":4.0},{"damage":17.0,"enemies":"Cultist and Chosen","floor":28.0,"turns":6.0},{"damage":9.0,"enemies":"Centurion and Healer","floor":29.0,"turns":5.0},{"damage":11.0,"enemies":"Slavers","floor":31.0,"turns":2.0},{"damage":25.0,"enemies":"Automaton","floor":33.0,"turns":8.0},{"damage":0.0,"enemies":"3 Shapes","floor":35.0,"turns":1.0},{"damage":14.0,"enemies":"3 Darklings","floor":36.0,"turns":6.0},{"damage":0.0,"enemies":"Maw","floor":37.0,"turns":9.0},{"damage":26.0,"enemies":"Jaw Worm Horde","floor":38.0,"turns":3.0},{"damage":67.0,"enemies":"Reptomancer","floor":40.0,"turns":8.0},{"damage":19.0,"enemies":"Spire Growth","floor":42.0,"turns":5.0},{"damage":31.0,"enemies":"Transient","floor":46.0,"turns":5.0},{"damage":9,"enemies":"Writhing Mass","floor":48,"turns":2}],"seed_played":"-8539878913219206927","potions_obtained":[{"floor":2.0,"key":"Swift Potion"},{"floor":4.0,"key":"Fire Potion"},{"floor":8.0,"key":"Explosive Potion"},{"floor":13.0,"key":"SkillPotion"},{"floor":22.0,"key":"Swift Potion"},{"floor":24.0,"key":"Block Potion"},{"floor":25.0,"key":"Weak Potion"},{"floor":33.0,"key":"Energy Potion"},{"floor":40.0,"key":"EssenceOfSteel"},{"floor":46.0,"key":"Swift Potion"}],"is_trial":true,"path_per_floor":["M","M","?","M","?","R","E","E","T","R","E","M","M","M","R","B",null,"M","$","?","M","M","R","E","E","T","M","M","M","$","E","R","B",null,"M","M","M","M","$","E","R","M","T","T","R","M","?","M"],"character_chosen":"IRONCLAD","items_purchased":["Mayhem","True Grit","TheAbacus","Transmutation","Finesse"],"campfire_rested":1,"item_purchase_floors":[19,19,30,30,39],"current_hp_per_floor":[80,80,80,80,64,64,47,44,44,44,40,46,49,55,55,55,80,74,74,74,75,84,84,86,86,86,88,80,77,77,72,72,53,92,92,84,90,73,73,12,40,27,27,34,34,9,9,0],"gold":128,"neow_bonus":"","is_prod":false,"is_daily":false,"chose_seed":false,"campfire_upgraded":6,"win_rate":0,"timestamp":1560298237,"path_taken":["M","M","?","M","?","R","E","?","T","R","E","M","M","M","R","BOSS","M","$","?","M","M","R","?","E","T","M","M","M","$","E","R","BOSS","M","M","M","?","$","E","R","M","T","?","R","M","?","M"],"build_version":"2019-01-23","purchased_purges":1,"victory":false,"max_hp_per_floor":[80,80,80,80,80,80,80,80,80,80,80,80,80,80,80,80,80,83,83,83,83,86,86,86,89,89,89,92,92,92,92,92,92,92,92,92,92,95,95,95,95,95,95,102,102,102,102,102],"card_choices":[{"not_picked":["Clothesline"],"picked":"Headbutt","floor":1.0},{"not_picked":["Headbutt"],"picked":"Shrug It Off","floor":2.0},{"not_picked":["Havoc"],"picked":"Metallicize","floor":4.0},{"not_picked":["Sword Boomerang"],"picked":"Shockwave","floor":7.0},{"not_picked":["Corruption"],"picked":"Juggernaut","floor":8.0},{"not_picked":["Shockwave"],"picked":"Ghostly Armor","floor":11.0},{"not_picked":["Warcry"],"picked":"Sentinel","floor":12.0},{"not_picked":["Wild Strike"],"picked":"Inflame","floor":13.0},{"not_picked":["Wild Strike","Rage"],"picked":"SKIP","floor":14.0},{"not_picked":["Exhume"],"picked":"Feed","floor":16.0},{"not_picked":["Entrench"],"picked":"Shrug It Off+1","floor":18.0},{"not_picked":["Ghostly Armor"],"picked":"Sword Boomerang","floor":21.0},{"not_picked":["Shockwave","Anger"],"picked":"SKIP","floor":22.0},{"not_picked":["Headbutt+1","Cleave"],"picked":"SKIP","floor":24.0},{"not_picked":["Clothesline","Burning Pact"],"picked":"SKIP","floor":25.0},{"not_picked":["Anger+1","Twin Strike"],"picked":"SKIP","floor":27.0},{"not_picked":["Twin Strike","Carnage"],"picked":"SKIP","floor":28.0},{"not_picked":["Blood for Blood","Power Through"],"picked":"SKIP","floor":29.0},{"not_picked":["Ghostly Armor+1"],"picked":"Metallicize","floor":31.0},{"not_picked":["Dark Embrace"],"picked":"Barricade","floor":33.0},{"not_picked":["Heavy Blade"],"picked":"Battle Trance+1","floor":35.0},{"not_picked":["Blood for Blood","Seeing Red+1"],"picked":"SKIP","floor":36.0},{"not_picked":["Rampage","Twin Strike"],"picked":"SKIP","floor":37.0},{"not_picked":["Anger","Wild Strike+1"],"picked":"SKIP","floor":38.0},{"not_picked":["Perfected Strike+1","Warcry+1"],"picked":"SKIP","floor":40.0},{"not_picked":["Intimidate","Armaments"],"picked":"SKIP","floor":42.0},{"not_picked":["Whirlwind"],"picked":"Body Slam+1","floor":46.0}],"player_experience":790689,"relics_obtained":[{"floor":7.0,"key":"Bottled Flame"},{"floor":8.0,"key":"Bag of Preparation"},{"floor":9.0,"key":"Happy Flower"},{"floor":11.0,"key":"Ornamental Fan"},{"floor":24.0,"key":"Tiny Chest"},{"floor":25.0,"key":"Boot"},{"floor":26.0,"key":"Kunai"},{"floor":31.0,"key":"Champion Belt"},{"floor":40.0,"key":"Mercury Hourglass"},{"floor":40.0,"key":"Frozen Egg 2"},{"floor":43.0,"key":"Girya"},{"floor":44.0,"key":"Strawberry"}],"event_choices":[{"damage_healed":0.0,"max_hp_gain":0.0,"max_hp_loss":0.0,"gold_gain":0.0,"event_name":"Living Wall","player_choice":"Grow","floor":3.0,"gold_loss":0.0,"damage_taken":0.0,"cards_upgraded":["Armaments"]},{"damage_healed":0.0,"max_hp_gain":0.0,"max_hp_loss":0.0,"gold_gain":0.0,"event_name":"Shining Light","player_choice":"Entered Light","floor":5.0,"gold_loss":0.0,"damage_taken":16.0,"cards_upgraded":["Headbutt","Headbutt"]},{"damage_healed":0.0,"max_hp_gain":0.0,"max_hp_loss":0.0,"gold_gain":0.0,"event_name":"Upgrade Shrine","player_choice":"Upgraded","floor":20.0,"gold_loss":0.0,"damage_taken":0.0,"cards_upgraded":["True Grit"]},{"damage_healed":0.0,"max_hp_gain":0.0,"max_hp_loss":0.0,"gold_gain":0.0,"event_name":"Upgrade Shrine","player_choice":"Upgraded","floor":47.0,"gold_loss":0.0,"damage_taken":0.0,"cards_upgraded":["Armaments"]}],"is_beta":false,"boss_relics":[{"not_picked":["White Beast Statue","Runic Dome"],"picked":"Cursed Key"},{"not_picked":["Velvet Choker","Orrery"],"picked":"Black Star"}],"items_purged_floors":[39],"is_endless":false,"potions_floor_spawned":[2,4,8,13,22,24,25,33,40,46],"killed_by":"Writhing Mass","ascension_level":0}