{"gold_per_floor":[114,39,39,39,57,57,111,111,111,124,124,149,165,179,179,254,254,269,269,289,389,389,419,419,454,454,38,38,70,123,138,138,215,215,235,156,175,125,141,170,170,204,204,204,204,214,214,228,228,228,228,228,228,61,61],"floor_reached":55,"playtime":3306,"items_purged":["Strike_G"],"score":1912,"play_id":"f2f44e1c-7bb4-4fb6-9748-a7bbdf63e077","local_time":"20190505124551","is_ascension_mode":true,"campfire_choices":[{"data":"Neutralize","floor":6.0,"key":"SMITH"},{"data":"Dagger Spray","floor":8.0,"key":"SMITH"},{"data":"Cloak And Dagger","floor":11.0,"key":"SMITH"},{"data":"Defend_G","floor":15.0,"key":"SMITH"},{"floor":24.0,"key":"REST"},{"data":"Noxious Fumes","floor":28.0,"key":"SMITH"},{"data":"Ghostly","floor":32.0,"key":"SMITH"},{"data":"Well Laid Plans","floor":41.0,"key":"SMITH"},{"floor":44.0,"key":"RECALL"},{"data":"Footwork","floor":49.0,"key":"SMITH"},{"floor":53,"key":"REST"}],"neow_cost":"NONE","seed_source_timestamp":359453410238383,"circlet_count":0,"master_deck":["AscendersBane","Defend_G+1","Defend_G","Defend_G","Defend_G","Defend_G+1","Strike_G","Strike_G","Survivor","Neutralize+1","Skewer+1","Dagger Spray+1","Cloak And Dagger+1","Dagger Throw","Well Laid Plans+1","PiercingWail","Malaise","Ghostly","Ghostly+1","Ghostly+1","Tactician+1","Envenom","Dash","Noxious Fumes+1","Crippling Poison","Bullet Time","Acrobatics+1","Footwork+1","Backflip","Backflip","Writhe","Mind Blast","Footwork"],"special_seed":0,"relics":["Lizard Tail","PreservedInsect","Sundial","Snecko Eye","StoneCalendar","Meat on the Bone","Mummified Hand","Ninja Scroll","Gremlin Horn","Happy Flower","Strawberry","Orichalcum","HoveringKite","Snake Skull","Du-Vu Doll"],"potions_floor_usage":[51],"damage_taken":[{"damage":0.0,"enemies":"Small Slimes","floor":1.0,"turns":5.0},{"damage":0.0,"enemies":"2 Louse","floor":5.0,"turns":3.0},{"damage":0.0,"enemies":"Cultist","floor":10.0,"turns":3.0},{"damage":2.0,"enemies":"Lagavulin","floor":12.0,"turns":5.0},{"damage":1.0,"enemies":"3 Louse","floor":13.0,"turns":4.0},{"damage":5.0,"enemies":"Blue Slaver","floor":14.0,"turns":3.0},{"damage":52.0,"enemies":"Hexaghost","floor":16.0,"turns":15.0},{"damage":14.0,"enemies":"Chosen","floor":18.0,"turns":6.0},{"damage":0.0,"enemies":"3 Byrds","floor":20.0,"turns":9.0},{"damage":2.0,"enemies":"Colosseum Slavers","floor":21.0,"turns":6.0},{"damage":16.0,"enemies":"Colosseum Nobs","floor":21.0,"turns":6.0},{"damage":12.0,"enemies":"Book of Stabbing","floor":23.0,"turns":7.0},{"damage":2.0,"enemies":"Gremlin Leader","floor":25.0,"turns":7.0},{"damage":11.0,"enemies":"Book of Stabbing","floor":29.0,"turns":6.0},{"damage":0.0,"enemies":"Snake Plant","floor":31.0,"turns":4.0},{"damage":17.0,"enemies":"Automaton","floor":33.0,"turns":9.0},{"damage":1.0,"enemies":"3 Shapes","floor":35.0,"turns":7.0},{"damage":2.0,"enemies":"Orb Walker","floor":37.0,"turns":3.0},{"damage":0.0,"enemies":"Jaw Worm Horde","floor":39.0,"turns":5.0},{"damage":0.0,"enemies":"Reptomancer","floor":40.0,"turns":6.0},{"damage":16.0,"enemies":"Nemesis","floor":42.0,"turns":7.0},{"damage":0.0,"enemies":"4 Shapes","floor":46.0,"turns":6.0},{"damage":6.0,"enemies":"Transient","floor":48.0,"turns":6.0},{"damage":19,"enemies":"Time Eater","floor":50,"turns":15},{"damage":8,"enemies":"Donu and Deca","floor":51,"turns":10},{"damage":43,"enemies":"Shield and Spear","floor":55,"turns":2}],"seed_played":"-5541855772018544071","potions_obtained":[{"floor":10.0,"key":"GamblersBrew"},{"floor":13.0,"key":"Weak Potion"},{"floor":14.0,"key":"GhostInAJar"},{"floor":20.0,"key":"FearPotion"},{"floor":23.0,"key":"Energy Potion"},{"floor":31.0,"key":"LiquidBronze"},{"floor":35.0,"key":"Energy Potion"}],"is_trial":false,"path_per_floor":["M","?","?","?","M","R","?","R","T","M","R","E","M","M","R","B",null,"M","?","M","?","?","E","R","E","T","$","R","E","T","M","R","B",null,"M","$","M","?","M","E","R","E","T","R","?","M","?","M","R","B","B",null,"R","$","E"],"character_chosen":"THE_SILENT","items_purchased":["Dash","Noxious Fumes","Happy Flower","Footwork","Footwork","GhostInAJar"],"campfire_rested":2,"item_purchase_floors":[27,27,27,36,54,54],"current_hp_per_floor":[59,59,39,39,39,39,39,39,39,39,39,37,36,31,31,12,53,39,33,33,15,15,15,24,22,22,22,22,30,30,30,30,25,36,35,35,33,33,33,33,33,29,29,29,37,37,37,31,31,24,28,37,40,40,0],"gold":61,"neow_bonus":"BOSS_RELIC","is_prod":false,"is_daily":false,"chose_seed":false,"campfire_upgraded":8,"win_rate":0,"timestamp":1557085551,"path_taken":["M","?","?","?","?","R","?","R","T","M","R","E","M","M","R","BOSS","M","?","M","?","?","E","R","E","T","?","R","E","?","M","R","BOSS","M","$","M","?","?","E","R","E","T","R","?","M","?","M","R","BOSS","BOSS","R","$","E"],"build_version":"2019-04-23","purchased_purges":1,"victory":false,"max_hp_per_floor":[66,66,66,66,66,66,66,66,66,66,66,66,66,66,66,66,66,66,33,33,33,33,33,33,33,33,33,33,40,40,40,40,40,40,40,40,40,40,40,40,40,40,40,40,40,40,40,40,40,40,40,40,40,40,40],"card_choices":[{"not_picked":["Underhanded Strike","Dagger Throw"],"picked":"Skewer","floor":1.0},{"not_picked":["Choke","Quick Slash"],"picked":"Dagger Spray","floor":5.0},{"not_picked":["Predator","Heel Hook"],"picked":"Cloak And Dagger","floor":10.0},{"not_picked":["Quick Slash","Accuracy"],"picked":"Dagger Throw","floor":12.0},{"not_picked":["Dodge and Roll","Escape Plan"],"picked":"Well Laid Plans","floor":13.0},{"not_picked":["Flying Knee","Accuracy"],"picked":"PiercingWail","floor":14.0},{"not_picked":["Storm of Steel","Night Terror"],"picked":"Malaise","floor":16.0},{"not_picked":["Quick Slash","Expertise","Dagger Spray"],"picked":"SKIP","floor":18.0},{"not_picked":["Poisoned Stab","Dagger Throw+1"],"picked":"Tactician","floor":20.0},{"not_picked":["Escape Plan","Malaise"],"picked":"Envenom","floor":23.0},{"not_picked":["Terror","Backstab+1","Escape Plan"],"picked":"SKIP","floor":25.0},{"not_picked":["Noxious Fumes","Dodge and Roll"],"picked":"Crippling Poison","floor":29.0},{"not_picked":["Escape Plan+1","Sucker Punch+1","Prepared"],"picked":"SKIP","floor":31.0},{"not_picked":["A Thousand Cuts","Burst"],"picked":"Bullet Time","floor":33.0},{"not_picked":["Dagger Throw+1","Expertise"],"picked":"Acrobatics+1","floor":35.0},{"not_picked":["Riddle With Holes+1","Predator"],"picked":"Backflip","floor":37.0},{"not_picked":["Expertise","Prepared","Concentrate"],"picked":"SKIP","floor":39.0},{"not_picked":["Storm of Steel","Die Die Die","Flying Knee"],"picked":"SKIP","floor":40.0},{"not_picked":["Outmaneuver","Dagger Spray"],"picked":"Backflip","floor":42.0},{"not_picked":["Sucker Punch","Setup","Dodge and Roll"],"picked":"SKIP","floor":46.0},{"not_picked":["Dark Shackles","Purity"],"picked":"Mind Blast","floor":47.0},{"not_picked":["Distraction","Outmaneuver","Die Die Die"],"picked":"SKIP","floor":48.0}],"player_experience":1214551,"relics_obtained":[{"floor":9.0,"key":"PreservedInsect"},{"floor":12.0,"key":"Sundial"},{"floor":21.0,"key":"StoneCalendar"},{"floor":21.0,"key":"Meat on the Bone"},{"floor":23.0,"key":"Mummified Hand"},{"floor":25.0,"key":"Ninja Scroll"},{"floor":26.0,"key":"Gremlin Horn"},{"floor":29.0,"key":"Strawberry"},{"floor":30.0,"key":"Orichalcum"},{"floor":40.0,"key":"Snake Skull"},{"floor":42.0,"key":"Du-Vu Doll"}],"event_choices":[{"cards_removed":["Strike_G"],"damage_healed":0.0,"max_hp_gain":0.0,"max_hp_loss":0.0,"gold_gain":0.0,"event_name":"The Cleric","player_choice":"Card Removal","floor":2.0,"gold_loss":75.0,"damage_taken":0.0},{"damage_healed":0.0,"max_hp_gain":0.0,"max_hp_loss":0.0,"gold_gain":0.0,"event_name":"Shining Light","player_choice":"Entered Light","floor":3.0,"gold_loss":0.0,"damage_taken":20.0,"cards_upgraded":["Skewer","Defend_G"]},{"cards_removed":["Strike_G"],"damage_healed":0.0,"max_hp_gain":0.0,"max_hp_loss":0.0,"gold_gain":0.0,"event_name":"Purifier","player_choice":"Purged","floor":4.0,"gold_loss":0.0,"damage_taken":0.0},{"damage_healed":0.0,"max_hp_gain":0.0,"max_hp_loss":0.0,"gold_gain":54.0,"event_name":"Golden Wing","player_choice":"Gained Gold","floor":7.0,"gold_loss":0.0,"damage_taken":0.0},{"damage_healed":0.0,"max_hp_gain":0.0,"max_hp_loss":33.0,"gold_gain":0.0,"event_name":"Ghosts","player_choice":"Became a Ghost","floor":19.0,"gold_loss":0.0,"damage_taken":0.0,"cards_obtained":["Ghostly","Ghostly","Ghostly"]},{"damage_healed":0.0,"max_hp_gain":0.0,"max_hp_loss":0.0,"gold_gain":0.0,"event_name":"Colosseum","player_choice":"Fight","floor":21.0,"gold_loss":0.0,"damage_taken":0.0},{"damage_healed":0.0,"max_hp_gain":0.0,"max_hp_loss":0.0,"gold_gain":0.0,"event_name":"Colosseum","player_choice":"Fought Nobs","floor":21.0,"gold_loss":0.0,"damage_taken":0.0},{"damage_healed":0.0,"max_hp_gain":0.0,"max_hp_loss":0.0,"gold_gain":0.0,"event_name":"Vampires","player_choice":"Ignored","floor":22.0,"gold_loss":0.0,"damage_taken":0.0},{"damage_healed":0.0,"max_hp_gain":0.0,"max_hp_loss":0.0,"gold_gain":0.0,"event_name":"Designer","player_choice":"Upgraded Two","floor":38.0,"gold_loss":50.0,"damage_taken":0.0,"cards_upgraded":["Ghostly","Tactician"]},{"damage_healed":8.0,"max_hp_gain":0.0,"max_hp_loss":0.0,"gold_gain":0.0,"event_name":"Winding Halls","player_choice":"Writhe","floor":45.0,"gold_loss":0.0,"damage_taken":0.0,"cards_obtained":["Writhe"]},{"damage_healed":0.0,"max_hp_gain":0.0,"max_hp_loss":0.0,"gold_gain":0.0,"event_name":"SensoryStone","player_choice":"Memory 1","floor":47.0,"gold_loss":0.0,"damage_taken":0.0}],"is_beta":true,"boss_relics":[{"not_picked":["Empty Cage","Black Star"],"picked":"Snecko Eye"},{"not_picked":["Runic Dome","Pandora\u0027s Box"],"picked":"HoveringKite"}],"items_purged_floors":[27],"is_endless":false,"potions_floor_spawned":[10,13,14,20,21,23,31,35,39,48],"killed_by":"Shield and Spear","ascension_level":20}