{"gold_per_floor":[114,114,39,54,12,44,63,63,63,63,63,63,79,107,107,181,181,194,228,245,260,75,75,110,110,162,162,189,200,250,260,260,333,333,346,364,44,60,60],"floor_reached":39,"playtime":973,"items_purged":["Strike_R","Strike_R"],"score":1008,"play_id":"0b71ed45-81fc-4bf5-a654-a6b461b24584","local_time":"20190522194403","is_ascension_mode":true,"campfire_choices":[{"data":"Juggernaut","floor":8.0,"key":"SMITH"},{"data":"1","floor":10.0,"key":"LIFT"},{"data":"2","floor":12.0,"key":"LIFT"},{"data":"3","floor":15.0,"key":"LIFT"},{"floor":23,"key":"REST"},{"data":"Demon Form","floor":25,"key":"SMITH"},{"floor":27,"key":"REST"},{"data":"Shockwave","floor":32,"key":"SMITH"}],"neow_cost":"NONE","seed_source_timestamp":504401572819526,"circlet_count":0,"master_deck":["AscendersBane","Strike_R","Strike_R","Strike_R","Defend_R","Defend_R","Defend_R","Defend_R","Bash","Sword Boomerang","Juggernaut+1","Pommel Strike","Corruption","Battle Trance","Twin Strike","Demon Form+1","Immolate","Disarm","Clothesline","Havoc","Entrench","Shockwave+1","Impervious","Battle Trance","Reaper","Sentinel","Shockwave"],"special_seed":0,"relics":["Burning Blood","NeowsBlessing","Peace Pipe","Girya","StoneCalendar","Snecko Eye","Red Mask","Charon\u0027s Ashes","Potion Belt","PreservedInsect","Mark of Pain","Turnip"],"potions_floor_usage":[16,19],"damage_taken":[{"damage":0.0,"enemies":"Small Slimes","floor":1.0,"turns":1.0},{"damage":0.0,"enemies":"Cultist","floor":4.0,"turns":1.0},{"damage":0.0,"enemies":"3 Sentries","floor":6.0,"turns":2.0},{"damage":14.0,"enemies":"2 Louse","floor":7.0,"turns":3.0},{"damage":12.0,"enemies":"Looter","floor":13.0,"turns":3.0},{"damage":5.0,"enemies":"Lagavulin","floor":14.0,"turns":5.0},{"damage":0,"enemies":"Slime Boss","floor":16,"turns":4},{"damage":0,"enemies":"Chosen","floor":18,"turns":3},{"damage":41,"enemies":"Masked Bandits","floor":19,"turns":4},{"damage":23,"enemies":"2 Thieves","floor":20,"turns":5},{"damage":8,"enemies":"Snake Plant","floor":21,"turns":2},{"damage":22,"enemies":"Slavers","floor":24,"turns":3},{"damage":22,"enemies":"Gremlin Leader","floor":28,"turns":4},{"damage":0,"enemies":"Centurion and Healer","floor":29,"turns":4},{"damage":7,"enemies":"Snecko","floor":31,"turns":3},{"damage":20,"enemies":"Collector","floor":33,"turns":5},{"damage":34,"enemies":"3 Darklings","floor":35,"turns":4},{"damage":20,"enemies":"3 Shapes","floor":36,"turns":3},{"damage":32,"enemies":"Sphere and 2 Shapes","floor":38,"turns":6},{"damage":33,"enemies":"4 Shapes","floor":39,"turns":4}],"seed_played":"-7636007088702345510","potions_obtained":[{"floor":4.0,"key":"Ancient Potion"},{"floor":6.0,"key":"Fire Potion"},{"floor":13.0,"key":"Energy Potion"},{"floor":14.0,"key":"AttackPotion"},{"floor":20,"key":"PowerPotion"},{"floor":24,"key":"Poison Potion"},{"floor":31,"key":"Fire Potion"},{"floor":33,"key":"SpeedPotion"}],"is_trial":false,"path_per_floor":["M","?","$","M","$","E","M","R","T","R","$","R","M","E","R","B",null,"M","?","M","M","$","R","E","R","T","R","E","M","?","M","R","B",null,"M","M","$","M","M"],"character_chosen":"IRONCLAD","items_purchased":["Corruption","Shockwave","Turnip"],"campfire_rested":2,"item_purchase_floors":[5,22,37],"current_hp_per_floor":[74,74,74,75,75,75,67,67,67,67,67,67,61,62,62,68,73,75,40,23,21,21,43,27,27,27,49,33,39,39,38,38,24,62,47,52,52,26,0],"gold":60,"neow_bonus":"THREE_ENEMY_KILL","is_prod":false,"is_daily":false,"chose_seed":false,"campfire_upgraded":3,"win_rate":0,"timestamp":1558579443,"path_taken":["M","?","$","?","?","E","M","R","T","R","$","R","M","E","R","BOSS","M","?","M","M","$","R","E","R","T","R","E","M","?","M","R","BOSS","M","M","$","M","M"],"build_version":"2019-05-07","purchased_purges":2,"victory":false,"max_hp_per_floor":[75,75,75,75,75,75,75,75,75,75,75,75,75,75,75,75,75,75,75,75,75,75,75,75,75,75,75,75,75,75,75,75,75,75,75,75,75,75,75],"card_choices":[{"not_picked":["Thunderclap","Clothesline"],"picked":"Sword Boomerang","floor":1.0},{"not_picked":["Twin Strike","Rupture"],"picked":"Pommel Strike","floor":4.0},{"not_picked":["Heavy Blade","Clash"],"picked":"Battle Trance","floor":6.0},{"not_picked":["Searing Blow","Corruption","Rampage"],"picked":"SKIP","floor":7.0},{"not_picked":["Wild Strike","Heavy Blade"],"picked":"Twin Strike","floor":13.0},{"not_picked":["Twin Strike","Clothesline"],"picked":"Demon Form","floor":14.0},{"not_picked":["Impervious","Juggernaut"],"picked":"Immolate","floor":16},{"not_picked":["Heavy Blade","Body Slam"],"picked":"Disarm","floor":18},{"not_picked":["Headbutt","Burning Pact"],"picked":"Clothesline","floor":19},{"not_picked":["Sentinel+1","Twin Strike","Havoc"],"picked":"SKIP","floor":20},{"not_picked":["Sentinel+1","Twin Strike"],"picked":"Havoc","floor":20},{"not_picked":["Pommel Strike","Second Wind"],"picked":"Entrench","floor":21},{"not_picked":["Dual Wield","Seeing Red","Heavy Blade"],"picked":"SKIP","floor":24},{"not_picked":["Armaments","Warcry"],"picked":"Impervious","floor":28},{"not_picked":["Cleave","Pommel Strike","Infernal Blade"],"picked":"SKIP","floor":29},{"not_picked":["Thunderclap+1","True Grit+1"],"picked":"Battle Trance","floor":31},{"not_picked":["Berserk","Fiend Fire"],"picked":"Reaper","floor":33},{"not_picked":["Cleave","Rampage","Armaments"],"picked":"SKIP","floor":35},{"not_picked":["Warcry","Pummel"],"picked":"Sentinel","floor":36},{"not_picked":["Headbutt","Flex+1"],"picked":"Shockwave","floor":38}],"player_experience":1272235,"relics_obtained":[{"floor":6.0,"key":"Peace Pipe"},{"floor":9.0,"key":"Girya"},{"floor":14.0,"key":"StoneCalendar"},{"floor":19,"key":"Red Mask"},{"floor":24,"key":"Charon\u0027s Ashes"},{"floor":26,"key":"Potion Belt"},{"floor":28,"key":"PreservedInsect"}],"event_choices":[{"damage_healed":0.0,"max_hp_gain":0.0,"max_hp_loss":0.0,"gold_gain":0.0,"event_name":"Match and Keep!","player_choice":"1 cards matched","floor":2.0,"gold_loss":0.0,"damage_taken":0.0,"cards_obtained":["Juggernaut"]},{"damage_healed":0,"gold_gain":0,"player_choice":"Fought Bandits","damage_taken":0,"max_hp_gain":0,"max_hp_loss":0,"event_name":"Masked Bandits","floor":19,"gold_loss":0},{"damage_healed":0,"gold_gain":100,"player_choice":"Bet on Murderer","damage_taken":0,"max_hp_gain":0,"max_hp_loss":0,"event_name":"The Joust","floor":30,"gold_loss":50}],"is_beta":true,"boss_relics":[{"not_picked":["Runic Dome","Philosopher\u0027s Stone"],"picked":"Snecko Eye"},{"not_picked":["Orrery","Tiny House"],"picked":"Mark of Pain"}],"items_purged_floors":[3,22],"is_endless":false,"potions_floor_spawned":[4,6,13,14,20,24,31,33,38],"killed_by":"4 Shapes","ascension_level":20}