{"gold_per_floor":[116,116,128,25,25,25,58,58,58,58,77,77,92,92,92,167,167,184,234,260,271,171,204,204,204,204,215,215,215,215,315,315,315],"floor_reached":33,"playtime":1140,"items_purged":["Strike_B","Pain"],"score":518,"play_id":"35452a4c-959c-447c-b196-2592eef8d9f5","local_time":"20190507215037","is_ascension_mode":true,"campfire_choices":[{"data":"Zap","floor":6,"key":"SMITH"},{"data":"Hyperbeam","floor":8,"key":"SMITH"},{"data":"Streamline","floor":10,"key":"SMITH"},{"data":"White Noise","floor":15,"key":"SMITH"},{"floor":24,"key":"REST"},{"floor":28,"key":"REST"},{"floor":30,"key":"RECALL"},{"floor":32,"key":"REST"}],"neow_cost":"NONE","seed_source_timestamp":567327385051368,"circlet_count":0,"master_deck":["AscendersBane","Strike_B","Strike_B","Defend_B","Defend_B","Defend_B","Defend_B","Zap+1","Dualcast","Cold Snap","Streamline+1","Chill","White Noise+1","Compile Driver","Hyperbeam+1","Leap","Genetic Algorithm","Fission","Sunder","Leap+1"],"relics":["Cracked Core","Juzu Bracelet","Orichalcum","WarpedTongs","Fusion Hammer","Red Mask","Art of War","MutagenicStrength","Bag of Marbles","Incense Burner","Frozen Egg 2"],"potions_floor_usage":[16,18,27],"damage_taken":[{"damage":1,"enemies":"2 Louse","floor":1,"turns":2},{"damage":0,"enemies":"Cultist","floor":3,"turns":3},{"damage":3,"enemies":"3 Sentries","floor":7,"turns":2},{"damage":2,"enemies":"Jaw Worm","floor":11,"turns":2},{"damage":0,"enemies":"2 Fungi Beasts","floor":13,"turns":1},{"damage":39,"enemies":"The Guardian","floor":16,"turns":12},{"damage":32,"enemies":"Chosen","floor":18,"turns":5},{"damage":0,"enemies":"Masked Bandits","floor":20,"turns":1},{"damage":1,"enemies":"3 Byrds","floor":21,"turns":2},{"damage":9,"enemies":"Slavers","floor":23,"turns":9},{"damage":5,"enemies":"Snake Plant","floor":27,"turns":2},{"damage":0,"enemies":"Colosseum Slavers","floor":31,"turns":2},{"damage":16,"enemies":"Colosseum Nobs","floor":31,"turns":4},{"damage":116,"enemies":"Collector","floor":33,"turns":10}],"seed_played":"7315875942805122414","potions_obtained":[{"floor":7,"key":"Fire Potion"},{"floor":13,"key":"SkillPotion"},{"floor":18,"key":"Explosive Potion"},{"floor":21,"key":"FairyPotion"}],"is_trial":false,"path_per_floor":["M","?","M","$","?","R","E","R","T","R","M","?","M","?","R","B",null,"M","?","?","M","$","E","R","?","T","M","R","?","R","?","R","B"],"character_chosen":"DEFECT","items_purchased":["Compile Driver"],"campfire_rested":3,"item_purchase_floors":[4],"current_hp_per_floor":[63,63,63,63,63,63,60,60,60,60,58,63,63,63,63,24,63,31,31,31,30,30,21,43,43,43,38,60,60,60,44,66,0],"gold":315,"neow_bonus":"THREE_CARDS","is_prod":false,"is_daily":false,"chose_seed":false,"campfire_upgraded":4,"win_rate":0,"timestamp":1557291037,"path_taken":["M","?","M","?","?","R","E","R","T","R","M","?","M","?","R","BOSS","M","?","?","M","$","E","R","?","T","M","R","?","R","?","R","BOSS"],"build_version":"2019-04-23","purchased_purges":2,"victory":false,"max_hp_per_floor":[71,71,71,71,71,71,71,71,71,71,71,76,76,76,76,76,76,76,76,76,76,76,76,76,76,76,76,76,76,76,76,76,76],"card_choices":[{"not_picked":["Storm","Beam Cell"],"picked":"Cold Snap","floor":0},{"not_picked":["Coolheaded","Steam"],"picked":"Streamline","floor":1},{"not_picked":["Turbo","Auto Shields"],"picked":"White Noise","floor":3},{"not_picked":["Compile Driver","Heatsinks"],"picked":"Hyperbeam","floor":7},{"not_picked":["Steam","Force Field"],"picked":"Leap","floor":11},{"not_picked":["Capacitor","Hologram"],"picked":"Genetic Algorithm","floor":13},{"not_picked":["Amplify","Machine Learning"],"picked":"Fission","floor":16},{"not_picked":["Recycle","Melter","Capacitor"],"picked":"SKIP","floor":18},{"not_picked":["Self Repair","Loop+1"],"picked":"Sunder","floor":20},{"not_picked":["Compile Driver","Stack"],"picked":"Leap+1","floor":21},{"not_picked":["Melter","Static Discharge","Gash"],"picked":"SKIP","floor":23},{"not_picked":["Stack","Rebound","Steam+1"],"picked":"SKIP","floor":27}],"player_experience":1236991,"relics_obtained":[{"floor":7,"key":"Juzu Bracelet"},{"floor":9,"key":"Orichalcum"},{"floor":20,"key":"Red Mask"},{"floor":23,"key":"Art of War"},{"floor":26,"key":"Bag of Marbles"},{"floor":31,"key":"Incense Burner"},{"floor":31,"key":"Frozen Egg 2"}],"event_choices":[{"damage_healed":0,"gold_gain":0,"player_choice":"1 cards matched","damage_taken":0,"max_hp_gain":0,"max_hp_loss":0,"event_name":"Match and Keep!","floor":2,"gold_loss":0,"cards_obtained":["Chill"]},{"cards_removed":["Strike_B"],"damage_healed":0,"gold_gain":0,"player_choice":"Forget","damage_taken":0,"max_hp_gain":0,"max_hp_loss":0,"event_name":"Living Wall","floor":5,"gold_loss":0},{"damage_healed":0,"gold_gain":0,"player_choice":"Donut","damage_taken":0,"max_hp_gain":5,"max_hp_loss":0,"event_name":"Big Fish","floor":12,"gold_loss":0},{"damage_healed":0,"gold_gain":0,"player_choice":"Rummage","damage_taken":0,"relics_obtained":["WarpedTongs"],"max_hp_gain":0,"max_hp_loss":0,"event_name":"Accursed Blacksmith","floor":14,"gold_loss":0,"cards_obtained":["Pain"]},{"damage_healed":0,"gold_gain":100,"player_choice":"Bet on Murderer","damage_taken":0,"max_hp_gain":0,"max_hp_loss":0,"event_name":"The Joust","floor":19,"gold_loss":50},{"damage_healed":0,"gold_gain":0,"player_choice":"Fought Bandits","damage_taken":0,"max_hp_gain":0,"max_hp_loss":0,"event_name":"Masked Bandits","floor":20,"gold_loss":0},{"damage_healed":0,"gold_gain":0,"player_choice":"Inject Mutagens","damage_taken":0,"relics_obtained":["MutagenicStrength"],"max_hp_gain":0,"max_hp_loss":0,"event_name":"Drug Dealer","floor":25,"gold_loss":0},{"damage_healed":0,"gold_gain":0,"player_choice":"Ignored","damage_taken":0,"max_hp_gain":0,"max_hp_loss":0,"event_name":"The Mausoleum","floor":29,"gold_loss":0},{"damage_healed":0,"gold_gain":0,"player_choice":"Fight","damage_taken":0,"max_hp_gain":0,"max_hp_loss":0,"event_name":"Colosseum","floor":31,"gold_loss":0},{"damage_healed":0,"gold_gain":0,"player_choice":"Fought Nobs","damage_taken":0,"max_hp_gain":0,"max_hp_loss":0,"event_name":"Colosseum","floor":31,"gold_loss":0}],"is_beta":true,"boss_relics":[{"not_picked":["Empty Cage","Pandora\u0027s Box"],"picked":"Fusion Hammer"}],"items_purged_floors":[4,22],"is_endless":false,"potions_floor_spawned":[7,13,18,21,23],"killed_by":"Collector","ascension_level":20}