{"gold_per_floor":[360,376,376,376,61,61,94,94,118,149,23,36,36,50,50,139,139,157,175,100,100,45,45,85,138,138,162,178,178,196,243,243,332,332,351,365,381,442,466,466,507,507,507,528,528,42,73,92,92,92,92,92,92,13,52,52],"floor_reached":57,"playtime":4692,"items_purged":["Strike_G","Bite"],"score":2780,"play_id":"92a48813-d67b-4774-a0cf-44343bfcaae4","local_time":"20190519005054","is_ascension_mode":true,"campfire_choices":[{"data":"Neutralize","floor":6.0,"key":"SMITH"},{"floor":8.0,"key":"REST"},{"floor":13.0,"key":"REST"},{"data":"Cloak And Dagger","floor":15.0,"key":"SMITH"},{"data":"Wraith Form v2","floor":23,"key":"SMITH"},{"data":"Leg Sweep","floor":29,"key":"SMITH"},{"data":"Skewer","floor":32,"key":"SMITH"},{"floor":40,"key":"RECALL"},{"data":"Well Laid Plans","floor":42,"key":"SMITH"},{"floor":49,"key":"DIG"},{"floor":53,"key":"DIG"}],"neow_cost":"CURSE","seed_source_timestamp":0,"circlet_count":0,"master_deck":["AscendersBane","Defend_G","Defend_G","Defend_G","Defend_G","Defend_G","Survivor","Neutralize+1","Dagger Throw","Flying Knee","Cloak And Dagger+1","Quick Slash","Night Terror","Infinite Blades","Cloak And Dagger","Wraith Form v2+1","Leg Sweep+1","Bite","Bite","Bite","Bite","PiercingWail+1","Envenom","Concentrate+1","After Image","Backflip","Backstab","Well Laid Plans+1","After Image"],"special_seed":0,"relics":["Ring of the Snake","Golden Idol","Paper Crane","Bottled Lightning","Oddly Smooth Stone","Dead Branch","Snecko Eye","Tiny Chest","PreservedInsect","Snake Skull","Mummified Hand","Art of War","HoveringKite","Gambling Chip","Dodecahedron","ClockworkSouvenir","Shovel","Pantograph","Gremlin Horn","Centennial Puzzle"],"potions_floor_usage":[24,41,47,56,56],"damage_taken":[{"damage":9.0,"enemies":"Cultist","floor":1.0,"turns":5.0},{"damage":0.0,"enemies":"Small Slimes","floor":2.0,"turns":4.0},{"damage":32.0,"enemies":"3 Sentries","floor":7.0,"turns":13.0},{"damage":30.0,"enemies":"Lagavulin","floor":10.0,"turns":8.0},{"damage":0.0,"enemies":"Jaw Worm","floor":12.0,"turns":3.0},{"damage":0.0,"enemies":"Looter","floor":14.0,"turns":4.0},{"damage":7.0,"enemies":"The Guardian","floor":16.0,"turns":15.0},{"damage":20.0,"enemies":"Shell Parasite","floor":18.0,"turns":7.0},{"damage":2.0,"enemies":"Spheric Guardian","floor":19.0,"turns":4.0},{"damage":9,"enemies":"Slavers","floor":24,"turns":8},{"damage":23,"enemies":"Centurion and Healer","floor":27,"turns":21},{"damage":1,"enemies":"Snecko","floor":28,"turns":5},{"damage":0,"enemies":"3 Cultists","floor":30,"turns":3},{"damage":2,"enemies":"Champ","floor":33,"turns":12},{"damage":4,"enemies":"3 Darklings","floor":35,"turns":6},{"damage":4,"enemies":"Orb Walker","floor":36,"turns":4},{"damage":0,"enemies":"3 Darklings","floor":37,"turns":5},{"damage":3,"enemies":"2 Orb Walkers","floor":38,"turns":4},{"damage":5,"enemies":"Sphere and 2 Shapes","floor":39,"turns":4},{"damage":9,"enemies":"Reptomancer","floor":41,"turns":9},{"damage":40,"enemies":"Jaw Worm Horde","floor":44,"turns":3},{"damage":0,"enemies":"Giant Head","floor":47,"turns":8},{"damage":0,"enemies":"Transient","floor":48,"turns":6},{"damage":4,"enemies":"Donu and Deca","floor":50,"turns":9},{"damage":43,"enemies":"Awakened One","floor":51,"turns":16},{"damage":0,"enemies":"Shield and Spear","floor":55,"turns":7},{"damage":24,"enemies":"The Heart","floor":56,"turns":12}],"seed_played":"6729207496727221216","potions_obtained":[{"floor":7.0,"key":"AttackPotion"},{"floor":10.0,"key":"SkillPotion"},{"floor":16.0,"key":"Strength Potion"},{"floor":24,"key":"Dexterity Potion"},{"floor":28,"key":"Block Potion"},{"floor":44,"key":"Regen Potion"},{"floor":47,"key":"Energy Potion"},{"floor":48,"key":"GamblersBrew"}],"is_trial":false,"path_per_floor":["M","M","?","?","$","R","E","R","T","E","$","M","R","M","R","B",null,"M","M","$","?","?","R","E","T","T","M","M","R","M","T","R","B",null,"M","M","M","?","M","R","E","R","T","M","?","$","E","M","R","B","B",null,"R","$","E","B",null],"character_chosen":"THE_SILENT","items_purchased":["Paper Crane","Cloak And Dagger","Infinite Blades","Cloak And Dagger","After Image","ClockworkSouvenir","GhostInAJar"],"campfire_rested":2,"item_purchase_floors":[5,5,11,11,46,46,54],"current_hp_per_floor":[50,50,50,50,50,50,18,36,36,6,6,6,24,24,24,17,49,29,27,27,27,27,27,28,28,28,41,41,41,42,42,42,42,42,42,42,42,41,42,42,39,39,39,3,3,3,32,42,42,42,17,36,36,36,40,28],"gold":52,"neow_bonus":"TWO_FIFTY_GOLD","is_prod":false,"is_daily":false,"chose_seed":false,"campfire_upgraded":6,"win_rate":0,"timestamp":1558252254,"path_taken":["M","?","?","?","$","R","E","R","T","E","?","M","R","M","R","BOSS","M","M","$","?","?","R","E","?","T","?","M","R","M","?","R","BOSS","M","M","?","?","M","R","E","R","T","M","?","$","E","M","R","BOSS","BOSS","R","$","E","BOSS"],"build_version":"2019-05-07","purchased_purges":2,"victory":true,"max_hp_per_floor":[66,66,66,60,60,60,60,60,60,60,60,60,60,60,60,60,60,60,60,60,42,42,42,42,42,42,42,42,42,42,42,42,42,42,42,42,42,42,42,42,42,42,42,42,42,42,42,42,42,42,42,42,42,42,42,42],"card_choices":[{"not_picked":["Sucker Punch","Blur"],"picked":"Dagger Throw","floor":1.0},{"not_picked":["Prepared","Heel Hook"],"picked":"Flying Knee","floor":2.0},{"not_picked":["Dodge and Roll","Tactician"],"picked":"Quick Slash","floor":7.0},{"not_picked":["Flechettes","Tools of the Trade"],"picked":"Night Terror","floor":10.0},{"not_picked":["Deflect","Catalyst","Dagger Throw"],"picked":"SKIP","floor":12.0},{"not_picked":["Quick Slash","Dagger Throw","Underhanded Strike"],"picked":"SKIP","floor":14.0},{"not_picked":["Glass Knife","Night Terror"],"picked":"Wraith Form v2","floor":16.0},{"not_picked":["Underhanded Strike","Setup+1"],"picked":"Skewer","floor":18.0},{"not_picked":["PiercingWail","Underhanded Strike"],"picked":"Leg Sweep","floor":19.0},{"not_picked":["Bane+1","Caltrops"],"picked":"PiercingWail+1","floor":24},{"not_picked":["Deadly Poison","Flying Knee","Eviscerate"],"picked":"SKIP","floor":27},{"not_picked":["Deadly Poison","Flying Knee","Eviscerate"],"picked":"SKIP","floor":27},{"not_picked":["Bane+1","Dagger Spray"],"picked":"Envenom","floor":28},{"not_picked":["PiercingWail","Underhanded Strike"],"picked":"Concentrate+1","floor":30},{"not_picked":["Doppelganger","Grand Finale"],"picked":"After Image","floor":33},{"not_picked":["Expertise+1","Infinite Blades","Dagger Throw"],"picked":"SKIP","floor":35},{"not_picked":["Sucker Punch","Dagger Throw"],"picked":"Backflip","floor":36},{"not_picked":["Bouncing Flask","Concentrate","Acrobatics"],"picked":"SKIP","floor":37},{"not_picked":["PiercingWail","Endless Agony"],"picked":"Backstab","floor":38},{"not_picked":["Poisoned Stab","Dagger Throw","Setup"],"picked":"SKIP","floor":39},{"not_picked":["Deflect","Sucker Punch"],"picked":"Well Laid Plans","floor":41},{"not_picked":["Caltrops","Expertise","Poisoned Stab"],"picked":"SKIP","floor":44},{"not_picked":["Bane+1","Outmaneuver","Tactician+1"],"picked":"SKIP","floor":47},{"not_picked":["Slice","Sucker Punch","Quick Slash"],"picked":"SKIP","floor":48},{"not_picked":["Reflex","Endless Agony+1","Choke"],"picked":"SKIP","floor":55}],"player_experience":1262611,"relics_obtained":[{"floor":7.0,"key":"Bottled Lightning"},{"floor":9.0,"key":"Oddly Smooth Stone"},{"floor":10.0,"key":"Dead Branch"},{"floor":24,"key":"PreservedInsect"},{"floor":25,"key":"Snake Skull"},{"floor":26,"key":"Mummified Hand"},{"floor":31,"key":"Art of War"},{"floor":38,"key":"Gambling Chip"},{"floor":41,"key":"Dodecahedron"},{"floor":47,"key":"Shovel"},{"floor":49,"key":"Pantograph"},{"floor":53,"key":"Gremlin Horn"},{"floor":55,"key":"Centennial Puzzle"}],"event_choices":[{"cards_removed":["Regret"],"damage_healed":0.0,"max_hp_gain":0.0,"max_hp_loss":0.0,"gold_gain":0.0,"event_name":"Living Wall","player_choice":"Forget","floor":3.0,"gold_loss":0.0,"damage_taken":0.0},{"damage_healed":0.0,"max_hp_gain":0.0,"max_hp_loss":6.0,"gold_gain":0.0,"event_name":"Golden Idol","player_choice":"Lose Max HP","floor":4.0,"gold_loss":0.0,"damage_taken":0.0,"relics_obtained":["Golden Idol"]},{"damage_healed":0,"gold_gain":0,"player_choice":"Became a vampire","damage_taken":0,"max_hp_gain":0,"max_hp_loss":18,"event_name":"Vampires","floor":21,"gold_loss":0,"cards_obtained":["Bite","Bite","Bite","Bite","Bite"]},{"damage_healed":0,"gold_gain":0,"player_choice":"Obtained Relic","damage_taken":0,"relics_obtained":["Tiny Chest"],"max_hp_gain":0,"max_hp_loss":0,"event_name":"Addict","floor":22,"gold_loss":85},{"damage_healed":0,"gold_gain":0,"player_choice":"Fight","damage_taken":0,"max_hp_gain":0,"max_hp_loss":0,"event_name":"Mysterious Sphere","floor":38,"gold_loss":0},{"cards_removed":["Skewer"],"damage_healed":0,"gold_gain":0,"player_choice":"Removed Attack","damage_taken":0,"max_hp_gain":0,"max_hp_loss":0,"event_name":"Falling","floor":45,"gold_loss":0}],"is_beta":true,"boss_relics":[{"not_picked":["Ring of the Serpent","Cursed Key"],"picked":"Snecko Eye"},{"not_picked":["Calling Bell","WristBlade"],"picked":"HoveringKite"}],"items_purged_floors":[20,46],"is_endless":false,"potions_floor_spawned":[7,10,16,24,28,30,36,44,47,48],"ascension_level":20}