{"gold_per_floor":[118,43,43,62,62,62,62,76,130,130,145,145,174,193,193,193],"floor_reached":16,"playtime":476,"items_purged":[],"score":195,"play_id":"57435421-62bf-4ec0-90b6-395a630869e7","local_time":"20190508154955","is_ascension_mode":true,"campfire_choices":[{"data":"Zap","floor":6,"key":"SMITH"},{"data":"Capacitor","floor":10,"key":"SMITH"},{"floor":12,"key":"REST"},{"floor":15,"key":"REST"}],"neow_cost":"NONE","seed_source_timestamp":2313789531823752,"circlet_count":0,"master_deck":["AscendersBane","Strike_B","Strike_B","Defend_B","Defend_B","Defend_B","Defend_B","Zap+1","Dualcast","Panacea","Genetic Algorithm","Rebound","Hyperbeam","Glacier","Capacitor+1","Coolheaded","Rebound","Leap","Self Repair","Ball Lightning"],"relics":["Cracked Core","Dream Catcher","Pen Nib"],"potions_floor_usage":[13,16],"damage_taken":[{"damage":8,"enemies":"2 Louse","floor":1,"turns":3},{"damage":15,"enemies":"Jaw Worm","floor":4,"turns":4},{"damage":4,"enemies":"Small Slimes","floor":8,"turns":3},{"damage":14,"enemies":"Red Slaver","floor":11,"turns":3},{"damage":31,"enemies":"Lagavulin","floor":13,"turns":8},{"damage":0,"enemies":"Large Slime","floor":14,"turns":3},{"damage":27,"enemies":"Hexaghost","floor":16,"turns":13}],"seed_played":"-5438041686160170169","potions_obtained":[{"floor":11,"key":"Energy Potion"},{"floor":13,"key":"SkillPotion"}],"is_trial":false,"path_per_floor":["M","?","$","M","?","R","?","M","T","R","M","R","E","M","R","B"],"character_chosen":"DEFECT","items_purchased":[],"campfire_rested":2,"item_purchase_floors":[],"current_hp_per_floor":[56,56,56,41,34,34,34,30,30,30,16,37,6,6,27,0],"gold":193,"neow_bonus":"RANDOM_COLORLESS","is_prod":false,"is_daily":false,"chose_seed":false,"campfire_upgraded":2,"win_rate":0,"timestamp":1557323395,"path_taken":["M","?","$","M","?","R","?","M","T","R","M","R","E","M","R","BOSS"],"build_version":"2019-01-23","purchased_purges":0,"victory":false,"max_hp_per_floor":[71,71,71,71,71,71,71,71,71,71,71,71,71,71,71,71],"card_choices":[{"not_picked":["Undo","Stack"],"picked":"Genetic Algorithm","floor":1},{"not_picked":["Static Discharge","Double Energy"],"picked":"Rebound","floor":4},{"not_picked":["Redo","Go for the Eyes"],"picked":"Capacitor","floor":8},{"not_picked":["Fusion","Steam Power"],"picked":"Coolheaded","floor":11},{"not_picked":["Hello World","Beam Cell"],"picked":"Rebound","floor":12},{"not_picked":["Steam","Multi-Cast"],"picked":"Leap","floor":13},{"not_picked":["Genetic Algorithm","White Noise"],"picked":"Self Repair","floor":14},{"not_picked":["Reprogram","Conserve Battery"],"picked":"Ball Lightning","floor":15}],"player_experience":553488,"relics_obtained":[{"floor":9,"key":"Dream Catcher"},{"floor":13,"key":"Pen Nib"}],"event_choices":[{"cards_removed":["Strike_B"],"damage_healed":0,"gold_gain":0,"player_choice":"Card Removal","damage_taken":0,"max_hp_gain":0,"max_hp_loss":0,"event_name":"The Cleric","floor":2,"gold_loss":75},{"cards_removed":["Strike_B"],"damage_healed":0,"gold_gain":0,"player_choice":"Card Removal","damage_taken":7,"max_hp_gain":0,"max_hp_loss":0,"event_name":"Golden Wing","floor":5,"gold_loss":0},{"damage_healed":0,"gold_gain":0,"player_choice":"2 cards matched","damage_taken":0,"max_hp_gain":0,"max_hp_loss":0,"event_name":"Match and Keep!","floor":7,"gold_loss":0,"cards_obtained":["Hyperbeam","Glacier"]}],"is_beta":false,"boss_relics":[],"items_purged_floors":[],"is_endless":false,"potions_floor_spawned":[11,13],"killed_by":"Hexaghost","ascension_level":19}