{"gold_per_floor":[116,91,366,378,248,248,275,275,275,307,307,20,20,81,81,152,152,170,201,75,75,93,93,93],"floor_reached":24,"playtime":448,"items_purged":["Regret"],"score":466,"play_id":"ce8b4ca5-69c4-4e72-8f7f-c6c89475b98a","local_time":"20190525204617","is_ascension_mode":true,"campfire_choices":[{"data":"Zap","floor":6.0,"key":"SMITH"},{"data":"Chaos","floor":11.0,"key":"SMITH"},{"data":"Barrage","floor":15.0,"key":"SMITH"},{"floor":23,"key":"REST"}],"neow_cost":"NONE","seed_source_timestamp":769860646249258,"circlet_count":0,"master_deck":["AscendersBane","Strike_B","Strike_B","Defend_B","Defend_B","Defend_B","Defend_B","Zap+1","Dualcast","Cold Snap","Barrage+1","Leap","Sweeping Beam","Chaos+1","Conserve Battery","Loop+1","Defragment+1","Creative AI+1","Defragment+1","Blizzard+1"],"special_seed":0,"relics":["Cracked Core","NeowsBlessing","DataDisk","Frozen Egg 2","Sling","Tiny Chest","Black Star","Red Mask"],"potions_floor_usage":[16],"damage_taken":[{"damage":0.0,"enemies":"Cultist","floor":1.0,"turns":1.0},{"damage":0.0,"enemies":"Jaw Worm","floor":4.0,"turns":1.0},{"damage":0.0,"enemies":"Gremlin Nob","floor":7.0,"turns":1.0},{"damage":4.0,"enemies":"Lagavulin","floor":10.0,"turns":5.0},{"damage":35.0,"enemies":"Gremlin Nob","floor":14.0,"turns":4.0},{"damage":10,"enemies":"The Guardian","floor":16,"turns":8},{"damage":1,"enemies":"Spheric Guardian","floor":18,"turns":6},{"damage":26,"enemies":"Masked Bandits","floor":19,"turns":6},{"damage":14,"enemies":"2 Thieves","floor":22,"turns":4},{"damage":48,"enemies":"Slavers","floor":24,"turns":4}],"seed_played":"-7424214668692027402","potions_obtained":[{"floor":1.0,"key":"Energy Potion"},{"floor":4.0,"key":"Regen Potion"},{"floor":7.0,"key":"AttackPotion"},{"floor":18,"key":"Dexterity Potion"}],"is_trial":false,"path_per_floor":["M","$","?","M","$","R","E","?","T","E","R","$","?","E","R","B",null,"M","?","$","?","M","R","E"],"character_chosen":"DEFECT","items_purchased":["Barrage","Sweeping Beam","Sling","Loop+1","Defragment+1","Blizzard"],"campfire_rested":1,"item_purchase_floors":[2,5,12,12,20,20],"current_hp_per_floor":[64,64,64,64,64,64,64,64,64,60,60,60,53,18,18,23,59,58,32,32,32,18,39,0],"gold":93,"neow_bonus":"THREE_ENEMY_KILL","is_prod":false,"is_daily":false,"chose_seed":false,"campfire_upgraded":3,"win_rate":0,"timestamp":1558842377,"path_taken":["M","$","?","?","$","R","E","?","T","E","R","$","?","E","R","BOSS","M","?","$","?","M","R","E"],"build_version":"2019-05-24v2","purchased_purges":1,"victory":false,"max_hp_per_floor":[71,71,71,71,71,71,71,71,71,71,71,71,71,71,71,71,71,71,71,71,71,71,71,71],"card_choices":[{"not_picked":["Tempest","Go for the Eyes"],"picked":"Cold Snap","floor":1.0},{"not_picked":["Stack","Gash"],"picked":"Leap","floor":4.0},{"not_picked":["Beam Cell","Rebound"],"picked":"Chaos","floor":7.0},{"not_picked":["Compile Driver","Stack"],"picked":"Conserve Battery","floor":10.0},{"not_picked":["Rip and Tear","Hello World+1"],"picked":"Defragment+1","floor":14.0},{"not_picked":["Machine Learning+1","Thunder Strike"],"picked":"Creative AI+1","floor":16},{"not_picked":["Leap","Tempest","Compile Driver"],"picked":"SKIP","floor":18},{"not_picked":["Beam Cell+1","Leap","Machine Learning+1"],"picked":"SKIP","floor":22}],"player_experience":1276728,"relics_obtained":[{"floor":7.0,"key":"DataDisk"},{"floor":10.0,"key":"Frozen Egg 2"},{"floor":14.0,"key":"Tiny Chest"},{"floor":19,"key":"Red Mask"}],"event_choices":[{"damage_healed":0.0,"max_hp_gain":0.0,"max_hp_loss":0.0,"gold_gain":275.0,"event_name":"Golden Shrine","player_choice":"Desecrate","floor":3.0,"gold_loss":0.0,"damage_taken":0.0,"cards_obtained":["Regret"]},{"cards_removed":["Strike_B"],"damage_healed":0.0,"max_hp_gain":0.0,"max_hp_loss":0.0,"gold_gain":0.0,"event_name":"Living Wall","player_choice":"Forget","floor":8.0,"gold_loss":0.0,"damage_taken":0.0},{"cards_removed":["Strike_B"],"damage_healed":0.0,"max_hp_gain":0.0,"max_hp_loss":0.0,"gold_gain":0.0,"event_name":"Golden Wing","player_choice":"Card Removal","floor":13.0,"gold_loss":0.0,"damage_taken":7.0},{"damage_healed":0,"gold_gain":0,"player_choice":"Fought Bandits","damage_taken":0,"max_hp_gain":0,"max_hp_loss":0,"event_name":"Masked Bandits","floor":19,"gold_loss":0},{"damage_healed":0,"gold_gain":0,"player_choice":"Upgraded","damage_taken":0,"max_hp_gain":0,"max_hp_loss":0,"event_name":"Upgrade Shrine","floor":21,"gold_loss":0,"cards_upgraded":["Blizzard"]}],"is_beta":true,"boss_relics":[{"not_picked":["Calling Bell","Busted Crown"],"picked":"Black Star"}],"items_purged_floors":[5],"is_endless":false,"potions_floor_spawned":[1,4,7,18],"killed_by":"Slavers","ascension_level":20}