{"path_per_floor":["M","?","?","M","?","E","M","?","T","R","?","?","R","M","R"],"character_chosen":"THE_SILENT","items_purchased":[],"gold_per_floor":[110,60,60,73,73,105,123,153,153,153,153,153,153,173,173],"floor_reached":16,"campfire_rested":2,"playtime":998,"current_hp_per_floor":[70,70,70,70,70,70,70,40,40,40,37,37,58,32,53],"items_purged":[],"gold":173,"score":141,"play_id":"ff2b1446-e828-4a5c-a0f0-b8139e24b8cf","is_prod":false,"is_daily":false,"is_ascension_mode":true,"campfire_upgraded":1,"path_taken":["M","?","?","M","?","E","?","?","T","R","?","?","R","M","R","BOSS"],"build_version":"2018-02-12-PROD1","purchased_purges":0,"victory":false,"master_deck":["Defend_G","Defend_G","Defend_G","Defend_G","Strike_G","Strike_G","Strike_G","Strike_G","Survivor","Neutralize+1","Blur","Sucker Punch+1","Dagger Throw","Backflip","Dagger Spray","Terror"],"max_hp_per_floor":[70,70,70,70,70,70,70,70,70,70,70,70,70,70,70],"relics":["Ring of the Snake","NeowsBlessing","Matryoshka","Odd Mushroom","Prayer Wheel","Snake Skull","Ornamental Fan"],"card_choices":[{"not_picked":["Choke","PiercingWail"],"picked":"Blur"},{"not_picked":["Distraction","Catalyst"],"picked":"Sucker Punch"},{"not_picked":["Deadly Poison","Poisoned Stab"],"picked":"Dagger Throw"},{"not_picked":["Underhanded Strike","Heel Hook"],"picked":"Backflip"},{"not_picked":["Endless Agony","Expertise"],"picked":"Dagger Spray"},{"not_picked":["Deadly Poison","Cloak And Dagger"],"picked":"Terror"}],"player_experience":79923,"potions_floor_usage":[8],"damage_taken":[{"damage":0,"enemies":"Small Slimes","floor":1,"turns":1},{"damage":0,"enemies":"Jaw Worm","floor":4,"turns":1},{"damage":0,"enemies":"Gremlin Nob","floor":6,"turns":1},{"damage":0,"enemies":"2 Louse","floor":7,"turns":3},{"damage":30,"enemies":"The Mushroom Lair","floor":8,"turns":6},{"damage":26,"enemies":"Exordium Thugs","floor":14,"turns":7},{"damage":60,"enemies":"Slime Boss","floor":16,"turns":12}],"event_choices":[{"event_name":"The Cleric","player_choice":"Card Removal","floor":2,"damage_taken":0},{"event_name":"Bonfire Elementals","player_choice":"BASIC","floor":3,"damage_taken":0},{"event_name":"Accursed Blacksmith","player_choice":"Forge","floor":5,"damage_taken":0},{"event_name":"Mushrooms","player_choice":"Fought Mushrooms","floor":8,"damage_taken":0},{"event_name":"Scrap Ooze","player_choice":"success","floor":11,"damage_taken":3},{"event_name":"Liars Game","player_choice":"disagreed","floor":12,"damage_taken":0}],"boss_relics":[],"potions_floor_spawned":[1,7],"seed_played":"2645814650233674544","killed_by":"Slime Boss","ascension_level":3,"is_trial":false}