{"gold_per_floor":[113,0,12,12,31,31,48,48,118,118,133,143,160,172,172,271,271,287,287,268,268,70,105,122,122,122,122,152,152,163,173,173,273,273,284,284,300,313,325,358,56,0,0,100,100,114,114,129,129,129],"floor_reached":51,"playtime":3651,"items_purged":["Strike_B","Strike_B+1","Strike_B+1"],"score":961,"play_id":"16373516-7ae6-4079-bd74-4ac063944aa9","local_time":"20190304000732","is_ascension_mode":true,"campfire_choices":[{"data":"Defragment","floor":6,"key":"SMITH"},{"data":"Ball Lightning","floor":8,"key":"SMITH"},{"data":"Self Repair","floor":10,"key":"SMITH"},{"data":"Conserve Battery","floor":15,"key":"SMITH"},{"data":"Capacitor","floor":25,"key":"SMITH"},{"data":"Conserve Battery","floor":27,"key":"SMITH"},{"data":"Go for the Eyes","floor":32,"key":"SMITH"},{"data":"Defragment","floor":45,"key":"SMITH"},{"data":"Cold Snap","floor":47,"key":"SMITH"},{"data":"Chill","floor":49,"key":"SMITH"}],"neow_cost":"NONE","seed_source_timestamp":22737239336356344,"circlet_count":0,"master_deck":["Defend_B+1","Defend_B+1","Defend_B+1","Defend_B+1","Zap+1","Dualcast","Defragment+1","Capacitor+1","Self Repair+1","Ball Lightning+1","Chill+1","Leap","Sweeping Beam","Conserve Battery+1","Creative AI+1","Conserve Battery+1","Reinforced Body+1","Bandage Up","Coolheaded+1","Leap+1","Electrodynamics","Go for the Eyes+1","Core Surge","Ball Lightning+1","Defragment+1","Cold Snap+1","Master of Strategy","Cold Snap+1"],"relics":["Cracked Core","DataDisk","Question Card","Coffee Dripper","Pen Nib","Dodecahedron","Dead Branch","Sozu","Thread and Needle","Red Mask","Ancient Tea Set","StoneCalendar"],"potions_floor_usage":[16,33,50,50],"damage_taken":[{"damage":0,"enemies":"Small Slimes","floor":1,"turns":3},{"damage":1,"enemies":"Cultist","floor":3,"turns":3},{"damage":8,"enemies":"2 Louse","floor":5,"turns":3},{"damage":7,"enemies":"Looter","floor":7,"turns":3},{"damage":14,"enemies":"3 Louse","floor":11,"turns":3},{"damage":0,"enemies":"Red Slaver","floor":12,"turns":3},{"damage":10,"enemies":"Lots of Slimes","floor":13,"turns":3},{"damage":0,"enemies":"2 Fungi Beasts","floor":14,"turns":4},{"damage":21,"enemies":"Slime Boss","floor":16,"turns":9},{"damage":9,"enemies":"Shell Parasite","floor":18,"turns":5},{"damage":15,"enemies":"2 Thieves","floor":20,"turns":4},{"damage":18,"enemies":"Slavers","floor":23,"turns":6},{"damage":0,"enemies":"Centurion and Healer","floor":24,"turns":7},{"damage":1,"enemies":"Gremlin Leader","floor":28,"turns":8},{"damage":6,"enemies":"Colosseum Slavers","floor":29,"turns":3},{"damage":14,"enemies":"Snake Plant","floor":30,"turns":3},{"damage":0,"enemies":"Cultist and Chosen","floor":31,"turns":5},{"damage":2,"enemies":"Collector","floor":33,"turns":7},{"damage":10,"enemies":"3 Shapes","floor":35,"turns":3},{"damage":0,"enemies":"Orb Walker","floor":37,"turns":4},{"damage":9,"enemies":"Writhing Mass","floor":38,"turns":7},{"damage":1,"enemies":"Spire Growth","floor":39,"turns":6},{"damage":17,"enemies":"Nemesis","floor":40,"turns":9},{"damage":0,"enemies":"Mind Bloom Boss Battle","floor":44,"turns":4},{"damage":0,"enemies":"Sphere and 2 Shapes","floor":46,"turns":4},{"damage":0,"enemies":"Maw","floor":48,"turns":7},{"damage":15,"enemies":"Awakened One","floor":50,"turns":24}],"seed_played":"-8074441688098403444","potions_obtained":[{"floor":3,"key":"SpeedPotion"},{"floor":7,"key":"Block Potion"},{"floor":12,"key":"SmokeBomb"},{"floor":16,"key":"GamblersBrew"},{"floor":18,"key":"FocusPotion"},{"floor":20,"key":"Dexterity Potion"},{"floor":24,"key":"FocusPotion"}],"is_trial":false,"path_per_floor":["M","$","M","?","M","R","M","R","T","R","M","M","M","M","R","B",null,"M","?","M","?","$","E","M","R","T","R","E","?","M","M","R","B",null,"M","?","M","M","M","E","$","?","T","?","R","M","R","M","R","B",null],"character_chosen":"DEFECT","items_purchased":["Capacitor","Bandage Up","Master of Strategy"],"campfire_rested":0,"item_purchase_floors":[2,22,41],"current_hp_per_floor":[68,68,67,55,54,54,54,54,54,54,50,50,50,50,50,39,66,67,67,62,62,62,58,72,72,72,72,75,75,75,75,75,75,75,69,69,73,75,75,72,72,72,72,75,75,75,75,75,75,74],"gold":129,"neow_bonus":"UPGRADE_CARD","is_prod":false,"is_daily":false,"chose_seed":false,"campfire_upgraded":10,"win_rate":0,"timestamp":1551654452,"path_taken":["M","$","M","?","M","R","M","R","T","R","M","M","M","M","R","BOSS","M","?","?","?","$","E","M","R","T","R","E","?","M","M","R","BOSS","M","?","?","M","M","E","?","?","T","?","R","M","R","M","R","BOSS"],"build_version":"2019-01-23","purchased_purges":3,"victory":true,"max_hp_per_floor":[75,75,75,75,75,75,75,75,75,75,75,75,75,75,75,75,75,75,75,75,75,75,75,75,75,75,75,75,75,75,75,75,75,75,75,75,75,75,75,75,75,75,75,75,75,75,75,75,75,75],"card_choices":[{"not_picked":["Steam","Stack"],"picked":"Defragment","floor":1},{"not_picked":["Tempest","Double Energy"],"picked":"Self Repair","floor":3},{"not_picked":["Leap","Darkness"],"picked":"Ball Lightning","floor":5},{"not_picked":["Streamline","Heatsinks"],"picked":"Chill","floor":7},{"not_picked":["Scrape","Rebound","Sweeping Beam"],"picked":"Leap","floor":11},{"not_picked":["Consume","Go for the Eyes","Hologram"],"picked":"Sweeping Beam","floor":12},{"not_picked":["Redo","Go for the Eyes","Amplify"],"picked":"Conserve Battery","floor":13},{"not_picked":["Aggregate","Streamline","Heatsinks","Consume"],"picked":"SKIP","floor":14},{"not_picked":["Hyperbeam","All For One","Reboot"],"picked":"Creative AI","floor":16},{"not_picked":["Steam","Storm","Stack"],"picked":"Conserve Battery","floor":18},{"not_picked":["Tempest","Barrage","Capacitor"],"picked":"Reinforced Body+1","floor":20},{"not_picked":["Darkness","Beam Cell","Force Field"],"picked":"Coolheaded+1","floor":23},{"not_picked":["Sunder","Conserve Battery","Redo"],"picked":"Leap+1","floor":24},{"not_picked":["Biased Cognition","Aggregate+1","Static Discharge"],"picked":"Electrodynamics","floor":28},{"not_picked":["Compile Driver+1","Sweeping Beam+1","Redo"],"picked":"Go for the Eyes","floor":30},{"not_picked":["Compile Driver+1","Consume","Rebound+1","Steam"],"picked":"SKIP","floor":31},{"not_picked":["Biased Cognition","Hyperbeam","Buffer"],"picked":"Core Surge","floor":33},{"not_picked":["Scrape+1","Darkness+1","Doom and Gloom+1","Streamline+1"],"picked":"SKIP","floor":35},{"not_picked":["Turbo+1","Go for the Eyes","Compile Driver+1"],"picked":"Ball Lightning+1","floor":37},{"not_picked":["Ball Lightning","Cold Snap","Static Discharge"],"picked":"Defragment","floor":38},{"not_picked":["Chaos+1","Aggregate+1","Double Energy+1"],"picked":"Cold Snap","floor":39},{"not_picked":["Buffer","Steam","Turbo+1","Hologram"],"picked":"SKIP","floor":40},{"not_picked":["Fusion","Chaos+1","Beam Cell"],"picked":"Cold Snap+1","floor":44},{"not_picked":["Ball Lightning+1","Hologram","Stack","Go for the Eyes+1"],"picked":"SKIP","floor":46},{"not_picked":["All For One","Auto Shields+1","Force Field","Chill"],"picked":"SKIP","floor":48}],"player_experience":374786,"relics_obtained":[{"floor":9,"key":"Question Card"},{"floor":23,"key":"Pen Nib"},{"floor":26,"key":"Dodecahedron"},{"floor":28,"key":"Dead Branch"},{"floor":40,"key":"Thread and Needle"},{"floor":43,"key":"Ancient Tea Set"},{"floor":44,"key":"StoneCalendar"}],"event_choices":[{"damage_healed":0,"gold_gain":0,"player_choice":"Success","damage_taken":12,"relics_obtained":["DataDisk"],"max_hp_gain":0,"max_hp_loss":0,"event_name":"Scrap Ooze","floor":4,"gold_loss":0},{"damage_healed":0,"gold_gain":0,"player_choice":"Forge","damage_taken":0,"max_hp_gain":0,"max_hp_loss":0,"event_name":"Accursed Blacksmith","floor":19,"gold_loss":0,"cards_upgraded":["Creative AI"]},{"damage_healed":0,"gold_gain":0,"player_choice":"Simplicity","damage_taken":0,"max_hp_gain":0,"max_hp_loss":0,"event_name":"Back to Basics","floor":21,"gold_loss":0,"cards_upgraded":["Strike_B","Strike_B","Strike_B","Defend_B","Defend_B","Defend_B","Defend_B"]},{"damage_healed":0,"gold_gain":0,"player_choice":"Fight","damage_taken":0,"max_hp_gain":0,"max_hp_loss":0,"event_name":"Colosseum","floor":29,"gold_loss":0},{"damage_healed":0,"gold_gain":0,"player_choice":"Fled From Nobs","damage_taken":0,"max_hp_gain":0,"max_hp_loss":0,"event_name":"Colosseum","floor":29,"gold_loss":0},{"cards_removed":["Strike_B"],"damage_healed":0,"gold_gain":0,"player_choice":"Offered Basic","damage_taken":0,"max_hp_gain":0,"max_hp_loss":0,"event_name":"Bonfire Elementals","floor":36,"gold_loss":0},{"damage_healed":0,"gold_gain":0,"player_choice":"Paid","damage_taken":0,"relics_obtained":["Red Mask"],"max_hp_gain":0,"max_hp_loss":0,"event_name":"Tomb of Lord Red Mask","floor":42,"gold_loss":56},{"damage_healed":0,"gold_gain":0,"player_choice":"Fight","damage_taken":0,"max_hp_gain":0,"max_hp_loss":0,"event_name":"MindBloom","floor":44,"gold_loss":0}],"is_beta":false,"boss_relics":[{"not_picked":["Eternal Feather","Calling Bell"],"picked":"Coffee Dripper"},{"not_picked":["Nuclear Battery","Runic Pyramid"],"picked":"Sozu"}],"items_purged_floors":[2,22,41],"is_endless":false,"potions_floor_spawned":[3,7,12,13,16,18,20,24,29,30,37,38,40,44],"ascension_level":9}