{"path_per_floor":["M","?","?","M","M","R","?","E","T","$","M","$","M","$","R","B",null,"M","M","?","$","?","R","T","R","T","M","E","M","$","M","R","B",null,"M","$","?","?","T","R","E","M","T","M","$","?","?","M","R","B"],"character_chosen":"IRONCLAD","items_purchased":["Dexterity Potion","Dexterity Potion"],"gold_per_floor":[18,18,18,30,46,46,46,75,75,0,14,14,32,32,32,132,132,142,155,155,55,55,55,55,55,82,102,129,148,23,41,41,145,145,163,13,65,35,35,35,69,88,88,108,11,11,11,23,23,23],"floor_reached":51,"campfire_rested":1,"playtime":3978,"current_hp_per_floor":[80,73,57,61,60,60,60,32,32,32,33,33,39,39,63,20,80,73,66,51,51,51,51,51,51,51,23,25,38,38,41,41,25,85,85,85,85,85,85,85,78,75,75,74,74,74,63,85,85,78],"items_purged":["Strike_R","Strike_R","Strike_R","Strike_R"],"gold":23,"score":567,"play_id":"d89475e2-e907-4a54-8a39-271141805b12","is_prod":false,"is_daily":false,"is_ascension_mode":true,"campfire_upgraded":3,"path_taken":["M","?","?","M","M","R","?","E","T","$","M","?","M","$","R","BOSS","M","M","?","$","?","R","?","R","T","M","E","M","$","M","R","BOSS","M","$","?","?","?","R","E","M","T","?","?","?","?","M","R","BOSS"],"build_version":"2018-02-15-PROD1","purchased_purges":4,"victory":true,"master_deck":["Defend_R+1","Defend_R+1","Defend_R+1","Defend_R+1","Bash+1","Heavy Blade+1","Inflame+1","Shrug It Off","Headbutt","Reaper","Whirlwind+1","Inflame","Shrug It Off","Infernal Blade+1","Armaments+1","Metallicize+1","Dark Shackles","Madness","Madness","Disarm+1"],"max_hp_per_floor":[80,80,80,80,80,80,80,80,80,80,80,80,80,80,80,80,80,80,80,85,85,85,85,85,85,85,85,85,85,85,85,85,85,85,85,85,85,85,85,85,85,85,85,85,85,85,85,85,85,85],"relics":["Burning Blood","Du-Vu Doll","Anchor","War Paint","Velvet Choker","Shovel","Happy Flower","Ancient Tea Set","Gambling Chip","Frozen Egg 2","Cursed Key","Thread and Needle","Ginger","Dream Catcher"],"card_choices":[{"not_picked":["Inflame","Evolve"],"picked":"Heavy Blade"},{"not_picked":["Barricade","Metallicize"],"picked":"Inflame"},{"not_picked":["Warcry","Searing Blow"],"picked":"Shrug It Off"},{"not_picked":["Feel No Pain","Warcry"],"picked":"Headbutt"},{"not_picked":["Fiend Fire","Immolate"],"picked":"Reaper"},{"not_picked":["Warcry","Heavy Blade"],"picked":"Whirlwind"},{"not_picked":["True Grit","Metallicize"],"picked":"Inflame"},{"not_picked":["Sword Boomerang","Perfected Strike"],"picked":"Shrug It Off"},{"not_picked":["Perfected Strike","Wild Strike"],"picked":"Infernal Blade"},{"not_picked":["Shockwave","Bludgeon"],"picked":"Armaments"},{"not_picked":["Pommel Strike","Body Slam"],"picked":"Metallicize"},{"not_picked":["Havoc","Brutality"],"picked":"Disarm"}],"player_experience":86095,"potions_floor_usage":[16,16,28,28,28,33,33,41,50,50,50],"damage_taken":[{"damage":0,"enemies":"Small Slimes","floor":1,"turns":3},{"damage":2,"enemies":"Jaw Worm","floor":4,"turns":6},{"damage":7,"enemies":"2 Louse","floor":5,"turns":2},{"damage":34,"enemies":"3 Sentries","floor":8,"turns":11},{"damage":5,"enemies":"Blue Slaver","floor":11,"turns":3},{"damage":0,"enemies":"3 Louse","floor":13,"turns":4},{"damage":49,"enemies":"Slime Boss","floor":16,"turns":13},{"damage":13,"enemies":"Shell Parasite","floor":18,"turns":5},{"damage":13,"enemies":"Chosen","floor":19,"turns":3},{"damage":43,"enemies":"Slaver and Parasite","floor":27,"turns":6},{"damage":31,"enemies":"Slavers","floor":28,"turns":4},{"damage":2,"enemies":"Snecko","floor":29,"turns":4},{"damage":3,"enemies":"Sentry and Sphere","floor":31,"turns":3},{"damage":61,"enemies":"Collector","floor":33,"turns":7},{"damage":3,"enemies":"Orb Walker","floor":35,"turns":3},{"damage":8,"enemies":"Mysterious Sphere","floor":37,"turns":5},{"damage":22,"enemies":"Giant Head","floor":41,"turns":6},{"damage":9,"enemies":"3 Darklings","floor":42,"turns":3},{"damage":18,"enemies":"Sphere and 2 Shapes","floor":44,"turns":8},{"damage":0,"enemies":"4 Shapes","floor":48,"turns":8},{"damage":13,"enemies":"Time Eater","floor":50,"turns":11}],"event_choices":[{"event_name":"Golden Wing","player_choice":"Card Removal","floor":2,"damage_taken":0},{"event_name":"Shining Light","player_choice":"Entered Light","floor":3,"damage_taken":0},{"event_name":"Upgrade Shrine","player_choice":"Upgraded","floor":7,"damage_taken":0},{"event_name":"Forgotten Altar","player_choice":"Shed Blood","floor":20,"damage_taken":0},{"event_name":"Beggar","player_choice":"Ignored","floor":22,"damage_taken":0},{"event_name":"Mysterious Sphere","player_choice":"Fight","floor":37,"damage_taken":0},{"event_name":"The Woman in Blue","player_choice":"Bought 2 Potions","floor":38,"damage_taken":0},{"event_name":"Match and Keep!","player_choice":"1 cards matched","floor":46,"damage_taken":0},{"event_name":"Winding Halls","player_choice":"Embrace Madness","floor":47,"damage_taken":0}],"boss_relics":[{"not_picked":["Runic Pyramid","Black Star"],"picked":"Velvet Choker"},{"not_picked":["Black Blood","Calling Bell"],"picked":"Cursed Key"}],"potions_floor_spawned":[1,8,16,19,27,28,29,35,42,44],"seed_played":"-1648742322902242619","ascension_level":3,"is_trial":false}