{"path_per_floor":["M","$","?","?","?","E","R","E","T","T","R","M","?","T","R","B",null,"M","$","?","?","?","R","E","$","T","M","R","M","M","?","R","B",null,"M","$","M","M","?","R","M","$","T","R","?","?","M","M","R","B"],"character_chosen":"THE_SILENT","items_purchased":["Footwork","Anchor","Backflip","Caltrops","Malaise","Caltrops"],"gold_per_floor":[115,40,40,40,40,81,81,120,200,200,200,214,214,238,238,369,369,390,72,72,72,72,72,103,8,8,31,31,45,70,70,70,170,170,189,25,45,65,65,65,82,47,71,71,71,71,81,95,95,95],"floor_reached":51,"campfire_rested":3,"playtime":4317,"current_hp_per_floor":[70,70,53,53,39,39,39,39,39,39,39,39,62,62,62,49,65,65,65,65,49,49,70,68,68,68,68,68,58,33,33,54,60,68,70,70,70,66,66,66,46,46,51,51,51,51,46,51,70,40],"items_purged":["Strike_G","Strike_G","Strike_G"],"gold":95,"score":674,"play_id":"c4cd1e5d-51d3-4832-9223-b341cf36ad30","is_prod":false,"is_daily":false,"is_ascension_mode":true,"campfire_upgraded":6,"path_taken":["M","$","?","?","?","E","R","E","T","?","R","M","?","?","R","BOSS","M","$","?","?","?","R","E","$","T","M","R","M","?","?","R","BOSS","M","$","M","M","?","R","M","?","T","R","?","?","M","M","R","BOSS"],"build_version":"2018-02-22-PROD2","purchased_purges":3,"victory":true,"master_deck":["Defend_G","Defend_G","Defend_G+1","Defend_G","Strike_G","Survivor","Neutralize+1","Infinite Blades","Leg Sweep+1","Blade Dance","Quick Slash+1","Quick Slash","Footwork+1","Burst+1","Backflip","Caltrops+1","Dagger Spray+1","Dodge and Roll+1","After Image","Heel Hook+1","Malaise","Well Laid Plans","Quick Slash+1","Caltrops","Noxious Fumes"],"max_hp_per_floor":[70,70,70,70,70,70,70,70,70,70,70,70,70,70,70,70,70,70,70,70,70,70,70,70,70,70,70,70,70,70,70,70,70,70,70,70,70,70,70,70,70,70,70,70,70,70,70,70,70,70],"relics":["Ring of the Snake","NeowsBlessing","Bloody Idol","Lantern","Snake Skull","Tiny Chest","Bag of Marbles","Omamori","Philosopher\u0027s Stone","Anchor","Necronomicon","Kunai","Pen Nib","Vajra","Sozu","Juzu Bracelet"],"card_choices":[{"not_picked":["Bane","Endless Agony"],"picked":"Infinite Blades"},{"not_picked":["Underhanded Strike","Deflect"],"picked":"Leg Sweep"},{"not_picked":["Sucker Punch","Catalyst"],"picked":"Blade Dance"},{"not_picked":["Setup","Distraction"],"picked":"Quick Slash"},{"not_picked":["Backstab","Dodge and Roll"],"picked":"Quick Slash"},{"not_picked":["Flying Knee","All Out Attack"],"picked":"Burst"},{"not_picked":["Deadly Poison","Endless Agony"],"picked":"Dagger Spray"},{"not_picked":["Slice","Outmaneuver"],"picked":"Dodge and Roll"},{"not_picked":["A Thousand Cuts","Glass Knife"],"picked":"After Image"},{"not_picked":["Deadly Poison","Eviscerate"],"picked":"Heel Hook"},{"not_picked":["Bane","Infinite Blades"],"picked":"Well Laid Plans"},{"not_picked":["Dodge and Roll","Bane"],"picked":"Quick Slash"},{"not_picked":["Slice","Deadly Poison"],"picked":"Noxious Fumes"}],"player_experience":146218,"potions_floor_usage":[18,18,33,33,50],"damage_taken":[{"damage":0,"enemies":"Small Slimes","floor":1,"turns":1},{"damage":0,"enemies":"Lagavulin","floor":6,"turns":2},{"damage":0,"enemies":"3 Sentries","floor":8,"turns":1},{"damage":0,"enemies":"2 Louse","floor":12,"turns":2},{"damage":13,"enemies":"The Guardian","floor":16,"turns":19},{"damage":0,"enemies":"3 Byrds","floor":18,"turns":4},{"damage":2,"enemies":"Book of Stabbing","floor":24,"turns":9},{"damage":0,"enemies":"Spheric Guardian","floor":27,"turns":5},{"damage":10,"enemies":"Centurion and Healer","floor":29,"turns":6},{"damage":25,"enemies":"Cultist and Chosen","floor":30,"turns":5},{"damage":14,"enemies":"Champ","floor":33,"turns":17},{"damage":0,"enemies":"3 Shapes","floor":35,"turns":9},{"damage":0,"enemies":"Orb Walker","floor":37,"turns":5},{"damage":9,"enemies":"4 Shapes","floor":38,"turns":7},{"damage":25,"enemies":"3 Darklings","floor":41,"turns":6},{"damage":10,"enemies":"Sphere and 2 Shapes","floor":47,"turns":5},{"damage":0,"enemies":"Maw","floor":48,"turns":9},{"damage":30,"enemies":"Time Eater","floor":50,"turns":13}],"event_choices":[{"event_name":"Golden Idol","player_choice":"Take Damage","floor":3,"damage_taken":0},{"event_name":"The Lab","player_choice":"Got Potions","floor":4,"damage_taken":0},{"event_name":"Shining Light","player_choice":"Entered Light","floor":5,"damage_taken":0},{"event_name":"Big Fish","player_choice":"Banana","floor":13,"damage_taken":0},{"event_name":"Beggar","player_choice":"Ignored","floor":20,"damage_taken":0},{"event_name":"Cursed Tome","player_choice":"Obtained Book","floor":21,"damage_taken":0},{"event_name":"The Mausoleum","player_choice":"Yes","floor":22,"damage_taken":0},{"event_name":"Forgotten Altar","player_choice":"Gave Idol","floor":31,"damage_taken":0},{"event_name":"Purifier","player_choice":"One Purge","floor":39,"damage_taken":0},{"event_name":"Mysterious Sphere","player_choice":"Ignore","floor":46,"damage_taken":0}],"boss_relics":[{"not_picked":["Question Card","Tiny House"],"picked":"Philosopher\u0027s Stone"},{"not_picked":["White Beast Statue","Velvet Choker"],"picked":"Sozu"}],"potions_floor_spawned":[8,12,16,18,24,27,30,37,38,41,48],"seed_played":"-4105383352475846644","ascension_level":5,"is_trial":false}