{"gold_per_floor":[118,129,54,71,171,201,217,48,97,124,135,135,85,103,103,199,199,210,226,95,106,126,126,140,140,140,160,173,173,193,143,143,245,245,264,277,277,38,58,89,89],"floor_reached":41,"playtime":2918,"items_purged":["Strike_R","Defend_R","Strike_B","Defend_G"],"score":439,"play_id":"36273a0d-5ccf-4e3f-86bf-128f13f8284b","local_time":"20190609141017","daily_mods":["Chimera","Diverse","Colorless Cards","Night Terrors","Terminal"],"is_ascension_mode":false,"campfire_choices":[{"data":"Malaise","floor":12,"key":"SMITH"},{"floor":15,"key":"REST"},{"data":"True Grit","floor":23,"key":"SMITH"},{"data":"Noxious Fumes","floor":25,"key":"SMITH"},{"data":"Caltrops","floor":32,"key":"SMITH"}],"neow_cost":"","seed_source_timestamp":0,"circlet_count":0,"master_deck":["Bash","Survivor","Zap","Strike_G","Defend_B","Sweeping Beam","Malaise+1","Trip","True Grit+1","Headbutt","Master of Strategy","Caltrops+1","Cold Snap","Noxious Fumes+1","Rainbow","Auto Shields","Clothesline+1","Flash of Steel","Capacitor","Conserve Battery+1","Conserve Battery+1","FTL","Finesse","Go for the Eyes+1","Impervious","Outmaneuver","Loop"],"relics":["Burning Blood","Dodecahedron","Strawberry","Smiling Mask","Runic Dome","Paper Frog","MutagenicStrength","Black Star","Singing Bowl","Mercury Hourglass","Bag of Preparation"],"potions_floor_usage":[6,16,19,22,28,33,33,39,40],"damage_taken":[{"damage":3,"enemies":"Jaw Worm","floor":1,"turns":5},{"damage":0,"enemies":"Cultist","floor":2,"turns":4},{"damage":0,"enemies":"2 Louse","floor":4,"turns":3},{"damage":17,"enemies":"Gremlin Nob","floor":6,"turns":4},{"damage":8,"enemies":"2 Fungi Beasts","floor":7,"turns":4},{"damage":15,"enemies":"3 Sentries","floor":10,"turns":10},{"damage":30,"enemies":"Gremlin Gang","floor":11,"turns":3},{"damage":1,"enemies":"Looter","floor":14,"turns":3},{"damage":41,"enemies":"Slime Boss","floor":16,"turns":9},{"damage":0,"enemies":"Shell Parasite","floor":18,"turns":6},{"damage":3,"enemies":"2 Thieves","floor":19,"turns":4},{"damage":10,"enemies":"3 Cultists","floor":21,"turns":5},{"damage":11,"enemies":"Centurion and Healer","floor":22,"turns":6},{"damage":6,"enemies":"Shelled Parasite and Fungi","floor":24,"turns":6},{"damage":6,"enemies":"3 Cultists","floor":27,"turns":6},{"damage":5,"enemies":"Snecko","floor":28,"turns":7},{"damage":4,"enemies":"Shelled Parasite and Fungi","floor":30,"turns":5},{"damage":14,"enemies":"Champ","floor":33,"turns":12},{"damage":0,"enemies":"Orb Walker","floor":35,"turns":4},{"damage":17,"enemies":"3 Darklings","floor":36,"turns":6},{"damage":0,"enemies":"Maw","floor":39,"turns":8},{"damage":31,"enemies":"Giant Head","floor":40,"turns":9},{"damage":28,"enemies":"Transient","floor":41,"turns":4}],"seed_played":"7344255055016643767","potions_obtained":[{"floor":4,"key":"Poison Potion"},{"floor":7,"key":"FearPotion"},{"floor":10,"key":"SkillPotion"},{"floor":14,"key":"EssenceOfSteel"},{"floor":18,"key":"LiquidBronze"},{"floor":21,"key":"Strength Potion"},{"floor":27,"key":"PowerPotion"},{"floor":30,"key":"Block Potion"},{"floor":33,"key":"PowerPotion"},{"floor":36,"key":"PowerPotion"},{"floor":39,"key":"Ancient Potion"}],"is_trial":true,"path_per_floor":["M","M","$","M","?","E","M","$","T","E","M","R","$","M","R","B",null,"M","M","$","M","M","R","M","R","T","M","M","?","M","$","R","B",null,"M","M","?","$","M","E","M"],"character_chosen":"IRONCLAD","items_purchased":["Master of Strategy","Flash of Steel","Singing Bowl"],"campfire_rested":1,"item_purchase_floors":[8,20,38],"current_hp_per_floor":[78,77,76,75,74,63,61,61,68,59,35,35,35,40,66,31,64,63,62,61,57,52,52,52,52,52,52,53,52,51,50,49,41,47,46,35,35,35,43,18,0],"gold":89,"neow_bonus":"","is_prod":false,"is_daily":false,"chose_seed":false,"campfire_upgraded":4,"win_rate":0,"timestamp":1560085817,"path_taken":["M","M","$","M","?","E","M","?","T","E","?","R","$","M","R","BOSS","M","M","$","M","M","R","M","R","T","M","M","?","M","$","R","BOSS","M","M","?","$","M","E","M"],"build_version":"2019-01-23","purchased_purges":4,"victory":false,"max_hp_per_floor":[78,77,76,75,74,73,72,71,77,76,75,74,73,72,66,65,64,63,62,61,60,59,58,57,56,55,54,53,52,51,50,49,48,47,46,45,44,43,44,43,43],"card_choices":[{"not_picked":["Flying Knee","Underhanded Strike"],"picked":"Sweeping Beam","floor":1},{"not_picked":["Force Field","Panacea"],"picked":"Malaise","floor":2},{"not_picked":["Underhanded Strike","Recycle"],"picked":"Trip","floor":4},{"not_picked":["Perfected Strike","Jack Of All Trades"],"picked":"True Grit","floor":6},{"not_picked":["Acrobatics","Flex"],"picked":"Headbutt","floor":7},{"not_picked":["Clash","Doom and Gloom"],"picked":"Caltrops","floor":10},{"not_picked":["Perfected Strike","Static Discharge"],"picked":"Cold Snap","floor":11},{"not_picked":["Gash","Iron Wave"],"picked":"Noxious Fumes","floor":14},{"not_picked":["Dark Embrace","Amplify"],"picked":"Rainbow","floor":16},{"not_picked":["Combust+1","Wild Strike+1"],"picked":"Auto Shields","floor":18},{"not_picked":["Impatience+1","Rage+1"],"picked":"Clothesline+1","floor":19},{"not_picked":["Gash","Clothesline+1"],"picked":"Capacitor","floor":21},{"not_picked":["Anger","Rupture"],"picked":"Conserve Battery+1","floor":22},{"not_picked":["Redo","Perfected Strike"],"picked":"Conserve Battery+1","floor":24},{"not_picked":["Blade Dance","Acrobatics+1"],"picked":"FTL","floor":27},{"not_picked":["Go for the Eyes","Violence"],"picked":"Finesse","floor":28},{"not_picked":["Steam+1","Aggregate"],"picked":"Go for the Eyes+1","floor":30},{"not_picked":["Fission","Brutality"],"picked":"Impervious","floor":33},{"not_picked":["Dual Wield+1","Underhanded Strike"],"picked":"Outmaneuver","floor":35},{"not_picked":["Twin Strike","Clothesline","Underhanded Strike+1"],"picked":"SKIP","floor":36},{"not_picked":["Armaments+1","Aggregate","Barrage+1"],"picked":"Singing Bowl","floor":39},{"not_picked":["Uppercut+1","Evolve+1"],"picked":"Loop","floor":40}],"player_experience":778947,"relics_obtained":[{"floor":6,"key":"Dodecahedron"},{"floor":9,"key":"Strawberry"},{"floor":10,"key":"Smiling Mask"},{"floor":26,"key":"Paper Frog"},{"floor":40,"key":"Mercury Hourglass"},{"floor":40,"key":"Bag of Preparation"}],"event_choices":[{"damage_healed":0,"gold_gain":100,"player_choice":"Pray","damage_taken":0,"max_hp_gain":0,"max_hp_loss":0,"event_name":"Golden Shrine","floor":5,"gold_loss":0},{"damage_healed":0,"gold_gain":0,"player_choice":"Inject Mutagens","damage_taken":0,"relics_obtained":["MutagenicStrength"],"max_hp_gain":0,"max_hp_loss":0,"event_name":"Drug Dealer","floor":29,"gold_loss":0},{"damage_healed":0,"gold_gain":0,"player_choice":"Ignored","damage_taken":0,"max_hp_gain":0,"max_hp_loss":0,"event_name":"Mysterious Sphere","floor":37,"gold_loss":0}],"is_beta":false,"boss_relics":[{"not_picked":["Empty Cage","Runic Cube"],"picked":"Runic Dome"},{"not_picked":["Tiny House","Philosopher\u0027s Stone"],"picked":"Black Star"}],"items_purged_floors":[3,13,20,31],"is_endless":false,"potions_floor_spawned":[4,7,10,14,18,21,27,30,33,36,39],"killed_by":"Transient","ascension_level":0}