{"gold_per_floor":[115,115,3,18,36,36,36,66,115,115,126,126,48,78,78,157,157,167,193,209,209,223,223,30,30,30,30,57,57,57,57,57,135,135,148,161,122,172,522,522,553,553,553,573,573,598,598,598],"floor_reached":48,"playtime":1324,"items_purged":["Pain"],"score":1070,"play_id":"a103c71b-2968-48c2-83c2-2ead0ed8768d","local_time":"20190511224025","is_ascension_mode":true,"campfire_choices":[{"data":"Neutralize","floor":6.0,"key":"SMITH"},{"floor":10.0,"key":"REST"},{"floor":15.0,"key":"REST"},{"data":"Malaise","floor":23,"key":"SMITH"},{"data":"Glass Knife","floor":25,"key":"SMITH"},{"data":"Catalyst","floor":30,"key":"SMITH"},{"data":"Noxious Fumes","floor":32,"key":"SMITH"},{"floor":40,"key":"REST"},{"floor":42,"key":"REST"},{"floor":45,"key":"REST"},{"floor":47,"key":"REST"}],"neow_cost":"NONE","seed_source_timestamp":915666344569899,"circlet_count":0,"master_deck":["AscendersBane","Defend_G","Defend_G","Defend_G+1","Defend_G","Defend_G","Strike_G","Strike_G+1","Survivor+1","Neutralize+1","Dagger Spray","Noxious Fumes+1","Quick Slash","Corpse Explosion","Well Laid Plans","Dash+1","Malaise+1","Crippling Poison+1","Caltrops","Noxious Fumes","Glass Knife+1","All Out Attack","Catalyst+1","Malaise","Crippling Poison","Backflip","Calculated Gamble","Footwork"],"special_seed":0,"relics":["Velvet Choker","WarpedTongs","Juzu Bracelet","Bag of Marbles","Turnip","Runic Pyramid","War Paint","Whetstone","Centennial Puzzle","SsserpentHead","Lizard Tail","Potion Belt"],"potions_floor_usage":[28,41,48],"damage_taken":[{"damage":0.0,"enemies":"Cultist","floor":1.0,"turns":5.0},{"damage":4.0,"enemies":"Small Slimes","floor":4.0,"turns":4.0},{"damage":2.0,"enemies":"Jaw Worm","floor":5.0,"turns":2.0},{"damage":50.0,"enemies":"Gremlin Nob","floor":8.0,"turns":5.0},{"damage":2.0,"enemies":"Red Slaver","floor":11.0,"turns":2.0},{"damage":2.0,"enemies":"Lagavulin","floor":14.0,"turns":6.0},{"damage":3.0,"enemies":"The Guardian","floor":16.0,"turns":9.0},{"damage":0.0,"enemies":"Spheric Guardian","floor":18.0,"turns":5.0},{"damage":0.0,"enemies":"Chosen","floor":20.0,"turns":6.0},{"damage":13,"enemies":"Snake Plant","floor":22,"turns":5},{"damage":9,"enemies":"Slavers","floor":28,"turns":4},{"damage":30,"enemies":"Automaton","floor":33,"turns":10},{"damage":11,"enemies":"Orb Walker","floor":35,"turns":5},{"damage":12,"enemies":"3 Darklings","floor":36,"turns":3},{"damage":29,"enemies":"Nemesis","floor":41,"turns":9},{"damage":17,"enemies":"Writhing Mass","floor":44,"turns":9},{"damage":47,"enemies":"Giant Head","floor":46,"turns":9},{"damage":54,"enemies":"Reptomancer","floor":48,"turns":5}],"seed_played":"2975488551992176858","potions_obtained":[{"floor":1.0,"key":"SteroidPotion"},{"floor":8.0,"key":"Explosive Potion"},{"floor":14.0,"key":"SteroidPotion"},{"floor":18.0,"key":"Regen Potion"},{"floor":28,"key":"Weak Potion"},{"floor":33,"key":"EssenceOfSteel"},{"floor":46,"key":"Swift Potion"}],"is_trial":false,"path_per_floor":["M","?","$","M","M","R","?","E","T","R","M","?","$","E","R","B",null,"M","T","M","?","M","R","$","R","T","?","E","?","R","$","R","B",null,"M","M","$","?","?","R","E","R","T","M","R","E","R","E"],"character_chosen":"THE_SILENT","items_purchased":["Noxious Fumes","Well Laid Plans","Noxious Fumes","Glass Knife","Crippling Poison"],"campfire_rested":6,"item_purchase_floors":[3,13,24,24,37],"current_hp_per_floor":[59,59,59,55,53,53,53,3,3,22,20,20,20,18,37,34,58,58,58,58,58,45,45,45,45,45,45,50,50,50,50,50,20,55,44,32,32,32,32,50,21,39,39,22,40,31,49,0],"gold":598,"neow_bonus":"BOSS_RELIC","is_prod":false,"is_daily":false,"chose_seed":false,"campfire_upgraded":5,"win_rate":0,"timestamp":1557639625,"path_taken":["M","?","$","M","?","R","?","E","T","R","M","?","$","E","R","BOSS","M","?","M","?","M","R","?","R","T","?","E","?","R","$","R","BOSS","M","M","$","?","?","R","E","R","T","M","R","E","R","E"],"build_version":"2019-05-07","purchased_purges":1,"victory":false,"max_hp_per_floor":[66,66,66,66,66,66,66,66,66,66,66,66,66,66,66,66,66,66,66,66,66,66,66,66,66,66,66,66,66,66,66,66,66,66,66,66,66,63,63,63,63,63,63,63,63,63,63,63],"card_choices":[{"not_picked":["Terror","Slice"],"picked":"Dagger Spray","floor":1.0},{"not_picked":["Eviscerate","Prepared"],"picked":"Quick Slash","floor":4.0},{"not_picked":["Bane","Flying Knee"],"picked":"Corpse Explosion","floor":5.0},{"not_picked":["Underhanded Strike","Bouncing Flask","Slice"],"picked":"SKIP","floor":8.0},{"not_picked":["Acrobatics","Quick Slash","Choke"],"picked":"SKIP","floor":11.0},{"not_picked":["Riddle With Holes","Outmaneuver"],"picked":"Dash","floor":14.0},{"not_picked":["A Thousand Cuts","Night Terror"],"picked":"Malaise","floor":16.0},{"not_picked":["Setup","Predator"],"picked":"Crippling Poison+1","floor":18.0},{"not_picked":["Deflect","Quick Slash","Dagger Spray"],"picked":"SKIP","floor":20.0},{"not_picked":["Cloak And Dagger","Deflect"],"picked":"Caltrops","floor":22},{"not_picked":["Unload","Tactician"],"picked":"Catalyst","floor":28},{"not_picked":["Venomology","Grand Finale"],"picked":"Malaise","floor":33},{"not_picked":["Quick Slash","Cloak And Dagger+1","Flying Knee+1"],"picked":"SKIP","floor":35},{"not_picked":["Outmaneuver","Blade Dance","Deadly Poison"],"picked":"SKIP","floor":36},{"not_picked":["Flechettes","Storm of Steel"],"picked":"Backflip","floor":41},{"not_picked":["Deflect","Bane"],"picked":"Calculated Gamble","floor":44},{"not_picked":["Deadly Poison","Deflect"],"picked":"Footwork","floor":46}],"player_experience":1252066,"relics_obtained":[{"floor":8.0,"key":"Juzu Bracelet"},{"floor":9.0,"key":"Bag of Marbles"},{"floor":14.0,"key":"Turnip"},{"floor":19.0,"key":"War Paint"},{"floor":26,"key":"Whetstone"},{"floor":28,"key":"Centennial Puzzle"},{"floor":41,"key":"Potion Belt"}],"event_choices":[{"damage_healed":0.0,"max_hp_gain":0.0,"max_hp_loss":0.0,"gold_gain":0.0,"event_name":"Accursed Blacksmith","player_choice":"Rummage","floor":2.0,"gold_loss":0.0,"damage_taken":0.0,"relics_obtained":["WarpedTongs"],"cards_obtained":["Pain"]},{"cards_removed":["Strike_G"],"damage_healed":0.0,"max_hp_gain":0.0,"max_hp_loss":0.0,"gold_gain":0.0,"event_name":"Living Wall","player_choice":"Forget","floor":7.0,"gold_loss":0.0,"damage_taken":0.0},{"cards_removed":["Strike_G"],"damage_healed":0.0,"max_hp_gain":0.0,"max_hp_loss":0.0,"gold_gain":0.0,"event_name":"Purifier","player_choice":"Purged","floor":12.0,"gold_loss":0.0,"damage_taken":0.0},{"damage_healed":0.0,"max_hp_gain":0.0,"max_hp_loss":0.0,"gold_gain":0.0,"event_name":"The Mausoleum","player_choice":"Ignored","floor":21.0,"gold_loss":0.0,"damage_taken":0.0},{"damage_healed":0,"gold_gain":0,"cards_transformed":["Strike_G"],"player_choice":"Transformed","damage_taken":0,"max_hp_gain":0,"max_hp_loss":0,"event_name":"Transmorgrifier","floor":27,"gold_loss":0,"cards_obtained":["All Out Attack"]},{"damage_healed":0,"gold_gain":0,"player_choice":"Trade","damage_taken":0,"relics_obtained":["SsserpentHead"],"max_hp_gain":0,"max_hp_loss":0,"event_name":"FaceTrader","floor":29,"gold_loss":0},{"damage_healed":0,"gold_gain":0,"player_choice":"Max HP","damage_taken":0,"max_hp_gain":0,"max_hp_loss":3,"event_name":"Winding Halls","floor":38,"gold_loss":0},{"damage_healed":0,"gold_gain":300,"player_choice":"Gold","damage_taken":0,"max_hp_gain":0,"max_hp_loss":0,"event_name":"Wheel of Change","floor":39,"gold_loss":0}],"is_beta":true,"boss_relics":[{"not_picked":["Coffee Dripper","Snecko Eye"],"picked":"Runic Pyramid"},{"not_picked":["Pandora\u0027s Box","Tiny House"],"picked":"Lizard Tail"}],"items_purged_floors":[3],"is_endless":false,"potions_floor_spawned":[1,8,14,18,22,28,33,35,46],"killed_by":"Reptomancer","ascension_level":20}