{"gold_per_floor":[111,125,125,143,143,143,175,186,186,205,205,48,48,79,79,79],"floor_reached":16,"playtime":727,"items_purged":[],"score":220,"play_id":"ad28abf1-5d47-4af4-922c-8febbc98c07c","local_time":"20190509213745","is_ascension_mode":true,"campfire_choices":[{"data":"Neutralize","floor":6,"key":"SMITH"},{"floor":11,"key":"REST"},{"data":"Backflip","floor":15,"key":"SMITH"}],"neow_cost":"NONE","seed_source_timestamp":2420814403568745,"circlet_count":0,"master_deck":["AscendersBane","Defend_G","Defend_G+1","Defend_G","Defend_G+1","Defend_G","Strike_G","Strike_G","Strike_G","Strike_G","Survivor","Neutralize+1","PiercingWail","Choke","Dagger Spray","Flying Knee","Well Laid Plans","Deadly Poison","Bullet Time","Backflip+1"],"relics":["Ring of the Snake","Pear","Mercury Hourglass","Oddly Smooth Stone","Ornamental Fan"],"potions_floor_usage":[14],"damage_taken":[{"damage":3,"enemies":"Jaw Worm","floor":1,"turns":8},{"damage":3,"enemies":"Cultist","floor":2,"turns":4},{"damage":0,"enemies":"2 Louse","floor":4,"turns":2},{"damage":33,"enemies":"3 Sentries","floor":7,"turns":10},{"damage":0,"enemies":"2 Fungi Beasts","floor":8,"turns":3},{"damage":5,"enemies":"Gremlin Gang","floor":10,"turns":5},{"damage":17,"enemies":"Lagavulin","floor":14,"turns":6},{"damage":18,"enemies":"Hexaghost","floor":16,"turns":12}],"seed_played":"-911310578485081326","potions_obtained":[{"floor":2,"key":"SmokeBomb"},{"floor":8,"key":"SkillPotion"}],"is_trial":false,"path_per_floor":["M","M","?","M","?","R","E","M","T","M","R","$","?","E","R","B"],"character_chosen":"THE_SILENT","items_purchased":["Oddly Smooth Stone"],"campfire_rested":1,"item_purchase_floors":[12],"current_hp_per_floor":[62,59,59,59,37,37,14,14,14,9,33,33,33,16,16,0],"gold":79,"neow_bonus":"TEN_PERCENT_HP_BONUS","is_prod":false,"is_daily":false,"chose_seed":false,"campfire_upgraded":2,"win_rate":0,"timestamp":1557430665,"path_taken":["M","M","?","?","?","R","E","M","T","M","R","$","?","E","R","BOSS"],"build_version":"2019-01-23","purchased_purges":0,"victory":false,"max_hp_per_floor":[72,72,72,72,72,72,82,82,82,82,82,82,82,82,82,82],"card_choices":[{"not_picked":["Acrobatics","Crippling Poison"],"picked":"PiercingWail","floor":1},{"not_picked":["PiercingWail","Infinite Blades"],"picked":"Choke","floor":2},{"not_picked":["Backflip","Deflect"],"picked":"Flying Knee","floor":4},{"not_picked":["Slice","Predator"],"picked":"Well Laid Plans","floor":7},{"not_picked":["Outmaneuver","Reflex"],"picked":"Deadly Poison","floor":8},{"not_picked":["Skewer","Deadly Poison"],"picked":"Bullet Time","floor":10},{"not_picked":["Riddle With Holes","Deadly Poison"],"picked":"Backflip","floor":14}],"player_experience":558785,"relics_obtained":[{"floor":7,"key":"Pear"},{"floor":9,"key":"Mercury Hourglass"},{"floor":14,"key":"Ornamental Fan"}],"event_choices":[{"damage_healed":0,"gold_gain":0,"cards_transformed":["Strike_G"],"player_choice":"Transformed","damage_taken":0,"max_hp_gain":0,"max_hp_loss":0,"event_name":"Transmorgrifier","floor":3,"gold_loss":0,"cards_obtained":["Dagger Spray"]},{"damage_healed":0,"gold_gain":0,"player_choice":"Entered Light","damage_taken":22,"max_hp_gain":0,"max_hp_loss":0,"event_name":"Shining Light","floor":5,"gold_loss":0,"cards_upgraded":["Defend_G","Defend_G"]},{"damage_healed":0,"gold_gain":0,"player_choice":"Ignored","damage_taken":0,"max_hp_gain":0,"max_hp_loss":0,"event_name":"Liars Game","floor":13,"gold_loss":0}],"is_beta":false,"boss_relics":[],"items_purged_floors":[],"is_endless":false,"potions_floor_spawned":[2,8],"killed_by":"Hexaghost","ascension_level":20}