{"path_per_floor":["M","?","M","?","$","R","M","R","T","M","M","M","E","M","R"],"character_chosen":"THE_SILENT","items_purchased":["Backflip"],"gold_per_floor":[113,113,131,131,4,4,24,24,24,43,53,71,101,114,114],"floor_reached":16,"campfire_rested":1,"playtime":1166,"current_hp_per_floor":[63,63,63,63,63,63,59,59,59,59,59,52,34,34,67],"items_purged":["Parasite"],"gold":114,"score":166,"play_id":"586164fc-5709-4190-a9a0-feb3d000ee57","local_time":"20180305222024","is_prod":false,"is_daily":false,"is_ascension_mode":true,"campfire_upgraded":2,"timestamp":1520284824,"path_taken":["M","?","M","?","$","R","M","R","T","M","M","M","E","M","R","BOSS"],"build_version":"2018-03-01-PROD1","purchased_purges":1,"victory":false,"master_deck":["Defend_G","Defend_G","Defend_G","Defend_G","Defend_G","Strike_G","Strike_G","Strike_G","Strike_G","Strike_G","Survivor","Neutralize+1","Quick Slash","Quick Slash+1","Backflip+1","Dagger Throw","Footwork","Sucker Punch","Leg Sweep","Burst","Blur"],"max_hp_per_floor":[70,70,70,70,67,67,67,67,67,67,67,67,67,67,67],"relics":["Ring of the Snake","Bag of Preparation","Regal Pillow","Bag of Marbles"],"card_choices":[{"not_picked":["Accuracy","Crippling Poison"],"picked":"Quick Slash"},{"not_picked":["Malaise","Dagger Throw"],"picked":"Quick Slash"},{"not_picked":["Heel Hook","Cloak And Dagger"],"picked":"Dagger Throw"},{"not_picked":["Acrobatics","Dagger Throw"],"picked":"Footwork"},{"not_picked":["Dagger Spray","Catalyst"],"picked":"Sucker Punch"},{"not_picked":["Expertise","Dagger Throw"],"picked":"Leg Sweep"},{"not_picked":["Heel Hook","Dodge and Roll"],"picked":"Burst"},{"not_picked":["Acrobatics","All Out Attack"],"picked":"Blur"}],"player_experience":227462,"potions_floor_usage":[16],"damage_taken":[{"damage":0,"enemies":"2 Louse","floor":1,"turns":3},{"damage":0,"enemies":"Cultist","floor":3,"turns":4},{"damage":4,"enemies":"Small Slimes","floor":7,"turns":3},{"damage":0,"enemies":"Looter","floor":10,"turns":3},{"damage":0,"enemies":"Exordium Wildlife","floor":11,"turns":3},{"damage":7,"enemies":"Red Slaver","floor":12,"turns":5},{"damage":18,"enemies":"Lagavulin","floor":13,"turns":7},{"damage":0,"enemies":"Blue Slaver","floor":14,"turns":4},{"damage":80,"enemies":"Hexaghost","floor":16,"turns":16}],"event_choices":[{"event_name":"Upgrade Shrine","player_choice":"Upgraded","floor":2,"damage_taken":0},{"event_name":"Liars Game","player_choice":"disagreed","floor":4,"damage_taken":0}],"boss_relics":[],"potions_floor_spawned":[1,3,10,12],"seed_played":"3747109895943902274","killed_by":"Hexaghost","ascension_level":12,"is_trial":false}