{"gold_per_floor":[111,130,55,74,74,102,102,134,134,134,164,164,164,184,184,184],"floor_reached":16,"playtime":412,"items_purged":["Strike_B"],"score":211,"play_id":"1cf18c3c-4350-4929-95f3-27b2f4535ab7","local_time":"20190501002202","is_ascension_mode":true,"campfire_choices":[{"floor":7,"key":"REST"},{"data":"Sunder","floor":10,"key":"SMITH"},{"data":"Conserve Battery","floor":12,"key":"SMITH"},{"floor":15,"key":"REST"}],"neow_cost":"NONE","seed_source_timestamp":1653341553899766,"circlet_count":0,"master_deck":["AscendersBane","Strike_B","Strike_B","Strike_B","Defend_B","Defend_B","Defend_B+1","Defend_B","Zap+1","Dualcast+1","BootSequence+1","Sunder+1","Conserve Battery+1","Melter","Seek+1","Defragment"],"relics":["Cracked Core","Strawberry","Letter Opener","Juzu Bracelet","Tiny Chest","War Paint"],"potions_floor_usage":[6,8,16],"damage_taken":[{"damage":7,"enemies":"Small Slimes","floor":1,"turns":3},{"damage":0,"enemies":"2 Louse","floor":2,"turns":4},{"damage":2,"enemies":"Jaw Worm","floor":4,"turns":2},{"damage":7,"enemies":"Lagavulin","floor":6,"turns":5},{"damage":14,"enemies":"Gremlin Nob","floor":8,"turns":3},{"damage":4,"enemies":"2 Fungi Beasts","floor":14,"turns":3},{"damage":62,"enemies":"Slime Boss","floor":16,"turns":10}],"seed_played":"-2791559099590004601","potions_obtained":[{"floor":1,"key":"Poison Potion"},{"floor":6,"key":"FearPotion"},{"floor":14,"key":"Energy Potion"}],"is_trial":false,"path_per_floor":["M","M","$","M","?","E","R","E","T","R","?","R","T","M","R","B"],"character_chosen":"DEFECT","items_purchased":[],"campfire_rested":2,"item_purchase_floors":[],"current_hp_per_floor":[57,57,57,55,34,34,57,43,43,43,32,32,32,28,51,0],"gold":184,"neow_bonus":"UPGRADE_CARD","is_prod":false,"is_daily":false,"chose_seed":false,"campfire_upgraded":2,"win_rate":0,"timestamp":1556662922,"path_taken":["M","M","$","M","?","E","R","E","T","R","?","R","?","M","R","BOSS"],"build_version":"2019-01-23","purchased_purges":1,"victory":false,"max_hp_per_floor":[71,71,71,71,71,78,78,78,78,78,78,78,78,78,78,78],"card_choices":[{"not_picked":["Scrape","Rebound"],"picked":"BootSequence","floor":1},{"not_picked":["Consume","Go for the Eyes"],"picked":"Sunder","floor":2},{"not_picked":["Turbo","Compile Driver"],"picked":"Conserve Battery","floor":4},{"not_picked":["Heatsinks","Chaos"],"picked":"Melter","floor":6},{"not_picked":["Compile Driver","Recycle"],"picked":"Seek","floor":8},{"not_picked":["Static Discharge","Cold Snap"],"picked":"Defragment","floor":14}],"player_experience":534422,"relics_obtained":[{"floor":6,"key":"Strawberry"},{"floor":8,"key":"Letter Opener"},{"floor":9,"key":"Juzu Bracelet"},{"floor":13,"key":"War Paint"}],"event_choices":[{"damage_healed":0,"gold_gain":0,"player_choice":"Entered Light","damage_taken":21,"max_hp_gain":0,"max_hp_loss":0,"event_name":"Shining Light","floor":5,"gold_loss":0,"cards_upgraded":["Dualcast","Defend_B"]},{"damage_healed":0,"gold_gain":0,"player_choice":"Success","damage_taken":11,"relics_obtained":["Tiny Chest"],"max_hp_gain":0,"max_hp_loss":0,"event_name":"Scrap Ooze","floor":11,"gold_loss":0}],"is_beta":false,"boss_relics":[],"items_purged_floors":[3],"is_endless":false,"potions_floor_spawned":[1,6,14],"killed_by":"Slime Boss","ascension_level":19}