{"path_per_floor":["M","M","?","M","M","M","R","M","T","M","E","R","?","M","R","B",null,"M","M","$","?","?","R","M","R","T","M","R","?","$","E","R","B",null,"M","M","$","?","$","R","E","?","T","M","M","M","M","M","R"],"character_chosen":"THE_SILENT","items_purchased":["Anchor","Dark Shackles","Backstab","Purity"],"gold_per_floor":[113,133,133,146,166,185,185,195,219,238,264,264,264,283,283,402,402,422,445,128,128,128,128,153,153,153,169,169,84,3,44,44,165,165,178,201,3,3,3,3,46,46,46,64,79,103,121,146,146],"floor_reached":50,"campfire_rested":7,"playtime":6042,"current_hp_per_floor":[70,70,70,70,57,49,70,48,48,40,21,42,48,41,63,15,94,73,52,52,83,83,83,64,92,92,74,94,94,94,85,85,13,94,61,61,61,61,61,89,74,74,74,68,66,63,63,63,91],"items_purged":["Strike_G","Strike_G"],"gold":146,"play_id":"5606a8d1-43b1-4f05-a506-a32e86496684","is_prod":false,"is_daily":false,"is_ascension_mode":false,"campfire_upgraded":2,"path_taken":["M","M","?","?","?","M","R","?","T","M","E","R","?","M","R","BOSS","M","M","$","?","?","R","M","R","T","M","R","?","$","E","R","BOSS","M","M","$","?","?","R","E","?","T","M","M","M","M","M","R","BOSS"],"build_version":"2018-02-01-PROD3","purchased_purges":2,"victory":false,"master_deck":["Defend_G","Defend_G","Defend_G","Defend_G+1","Strike_G","Strike_G","Survivor","Neutralize","Quick Slash","Deadly Poison","Dagger Throw","Bouncing Flask","Riddle With Holes","Dagger Spray","Flying Knee","Flying Knee","After Image","Bouncing Flask","Deflect+1","Dark Shackles","Deflect+1","Dagger Throw+1","Backstab","Footwork+1","Bullet Time","Backstab+1","Flying Knee+1","Purity","Prepared+1","Noxious Fumes","Caltrops+1","Noxious Fumes"],"max_hp_per_floor":[70,70,70,70,70,70,70,70,70,70,70,70,76,76,76,76,94,94,94,94,94,94,94,94,94,94,94,94,94,94,94,94,94,94,94,94,94,94,94,94,94,94,94,94,94,94,94,94,94],"relics":["Ring of the Snake","Bag of Preparation","Darkstone Periapt","Golden Idol","Calling Bell","Pen Nib","Shuriken","Unceasing Top","Anchor","Thread and Needle","Happy Flower","Toolbox","Velvet Choker","Bronze Scales","Toxic Egg 2"],"card_choices":[{"not_picked":["Riddle With Holes","Masterful Stab"],"picked":"Quick Slash"},{"not_picked":["Masterful Stab","Quick Slash"],"picked":"Deadly Poison"},{"not_picked":["Blur","Finisher"],"picked":"Dagger Throw"},{"not_picked":["Slice","Crippling Poison"],"picked":"Bouncing Flask"},{"not_picked":["Slice","Flechettes"],"picked":"Riddle With Holes"},{"not_picked":["Doppelganger","PiercingWail"],"picked":"Dagger Spray"},{"not_picked":["Outmaneuver","Backstab"],"picked":"Flying Knee"},{"not_picked":["Masterful Stab","Acrobatics"],"picked":"Flying Knee"},{"not_picked":["Bullet Time","Phantasmal Killer"],"picked":"After Image"},{"not_picked":["Acrobatics","Crippling Poison"],"picked":"Bouncing Flask"},{"not_picked":["Infinite Blades","Poisoned Stab"],"picked":"Deflect"},{"not_picked":["Dagger Throw","Doppelganger"],"picked":"Deflect"},{"not_picked":["Choke","Sucker Punch"],"picked":"Dagger Throw"},{"not_picked":["Leg Sweep","Crippling Poison"],"picked":"Footwork"},{"not_picked":["Wraith Form","Venomology"],"picked":"Bullet Time"},{"not_picked":["Outmaneuver","Acrobatics"],"picked":"Backstab"},{"not_picked":["Outmaneuver","Deadly Poison"],"picked":"Flying Knee"},{"not_picked":["Infinite Blades","Well Laid Plans"],"picked":"Prepared"},{"not_picked":["Acrobatics","Dagger Throw"],"picked":"Noxious Fumes"},{"not_picked":["Flying Knee","Heel Hook"],"picked":"Caltrops"},{"not_picked":["Dodge and Roll","Riddle With Holes"],"picked":"Noxious Fumes"}],"player_experience":8178,"potions_floor_usage":[11,16,16,24,33,33,41,41,45,45,50,50,50],"damage_taken":[{"damage":0,"enemies":"Cultist","floor":1,"turns":4},{"damage":0,"enemies":"Jaw Worm","floor":2,"turns":3},{"damage":0,"enemies":"2 Louse","floor":4,"turns":3},{"damage":13,"enemies":"Red Slaver","floor":5,"turns":5},{"damage":8,"enemies":"Gremlin Gang","floor":6,"turns":4},{"damage":22,"enemies":"Lots of Slimes","floor":8,"turns":5},{"damage":8,"enemies":"Large Slime","floor":10,"turns":8},{"damage":19,"enemies":"3 Sentries","floor":11,"turns":5},{"damage":7,"enemies":"Looter","floor":14,"turns":3},{"damage":48,"enemies":"Slime Boss","floor":16,"turns":12},{"damage":21,"enemies":"Shell Parasite","floor":18,"turns":7},{"damage":21,"enemies":"2 Thieves","floor":19,"turns":4},{"damage":19,"enemies":"Centurion and Healer","floor":24,"turns":8},{"damage":18,"enemies":"Snake Plant","floor":27,"turns":5},{"damage":9,"enemies":"Book of Stabbing","floor":31,"turns":6},{"damage":72,"enemies":"Automaton","floor":33,"turns":11},{"damage":33,"enemies":"3 Shapes","floor":35,"turns":6},{"damage":0,"enemies":"Orb Walker","floor":36,"turns":2},{"damage":15,"enemies":"2 Orb Walkers","floor":41,"turns":4},{"damage":6,"enemies":"Maw","floor":44,"turns":7},{"damage":2,"enemies":"4 Shapes","floor":45,"turns":7},{"damage":3,"enemies":"Sphere and 2 Shapes","floor":46,"turns":7},{"damage":0,"enemies":"3 Darklings","floor":47,"turns":3},{"damage":0,"enemies":"4 Shapes","floor":48,"turns":6},{"damage":108,"enemies":"Donu and Deca","floor":50,"turns":8}],"event_choices":[{"event_name":"Living Wall","player_choice":"Forget","floor":3,"damage_taken":0},{"event_name":"Golden Idol","player_choice":"Take Wound","floor":13,"damage_taken":0},{"event_name":"The Library","player_choice":"Heal","floor":21,"damage_taken":0},{"event_name":"The Lab","player_choice":"Got Potions","floor":22,"damage_taken":0},{"event_name":"Addict","player_choice":"Obtained Relic","floor":29,"damage_taken":0},{"event_name":"Fountain of Cleansing","player_choice":"Removed Curse","floor":38,"damage_taken":0},{"event_name":"Mysterious Sphere","player_choice":"Ignore","floor":42,"damage_taken":0}],"boss_relics":[{"not_picked":["Snecko Eye","Sozu"],"picked":"Calling Bell"},{"not_picked":["Black Star","Orrery"],"picked":"Velvet Choker"}],"potions_floor_spawned":[1,2,6,10,24,31,33,35,41,44,45,47],"seed_played":"7791374688366858861","killed_by":"Donu and Deca","ascension_level":0,"is_trial":false}