{"gold_per_floor":[13,24,35,53,71,71,96,96,96,96,114,114,127,147,147,221,221,236,256,270,284,28,28,42,61,114,114,114,44,44,59,59,59],"floor_reached":33,"playtime":3279,"items_purged":["Strike_G"],"score":434,"play_id":"7d5ef55f-e56b-42af-bd6b-b3f56fa87f9b","local_time":"20190303154753","is_ascension_mode":true,"campfire_choices":[{"data":"Neutralize","floor":6,"key":"SMITH"},{"data":"Burst","floor":8,"key":"SMITH"},{"data":"Well Laid Plans","floor":10,"key":"SMITH"},{"floor":15,"key":"REST"},{"floor":23,"key":"REST"},{"data":"Footwork","floor":27,"key":"SMITH"},{"data":"Footwork","floor":30,"key":"SMITH"},{"floor":32,"key":"REST"}],"neow_cost":"NO_GOLD","seed_source_timestamp":22707647740164348,"circlet_count":0,"master_deck":["AscendersBane","Defend_G","Defend_G","Defend_G","Defend_G","Defend_G","Strike_G","Strike_G","Survivor","Neutralize+1","Blade Dance","Well Laid Plans+1","Choke","Cloak And Dagger","Burst+1","Backflip","Masterful Stab","Neutralize","Footwork+1","Quick Slash","Corpse Explosion","Backflip","Infinite Blades+1","Dodge and Roll","Accuracy","Glass Knife","PiercingWail+1","Footwork+1","Cloak And Dagger+1"],"relics":["Ring of the Snake","Centennial Puzzle","Singing Bowl","HoveringKite","Vajra","Bronze Scales"],"potions_floor_usage":[7,16,16,24,25,31],"damage_taken":[{"damage":11,"enemies":"Cultist","floor":1,"turns":7},{"damage":0,"enemies":"2 Louse","floor":2,"turns":4},{"damage":0,"enemies":"Small Slimes","floor":3,"turns":3},{"damage":1,"enemies":"Red Slaver","floor":4,"turns":4},{"damage":0,"enemies":"Large Slime","floor":5,"turns":6},{"damage":22,"enemies":"3 Sentries","floor":7,"turns":10},{"damage":3,"enemies":"3 Louse","floor":11,"turns":4},{"damage":2,"enemies":"2 Fungi Beasts","floor":13,"turns":3},{"damage":12,"enemies":"Lots of Slimes","floor":14,"turns":5},{"damage":26,"enemies":"Hexaghost","floor":16,"turns":19},{"damage":7,"enemies":"Shell Parasite","floor":18,"turns":6},{"damage":15,"enemies":"2 Thieves","floor":19,"turns":3},{"damage":0,"enemies":"3 Cultists","floor":20,"turns":4},{"damage":18,"enemies":"Centurion and Healer","floor":21,"turns":5},{"damage":10,"enemies":"Cultist and Chosen","floor":24,"turns":6},{"damage":8,"enemies":"Snake Plant","floor":25,"turns":4},{"damage":11,"enemies":"Snecko","floor":31,"turns":5},{"damage":32,"enemies":"Champ","floor":33,"turns":14}],"seed_played":"3657155224141838219","potions_obtained":[{"floor":3,"key":"Strength Potion"},{"floor":4,"key":"Poison Potion"},{"floor":13,"key":"Dexterity Potion"},{"floor":14,"key":"Block Potion"},{"floor":20,"key":"GhostInAJar"},{"floor":24,"key":"Energy Potion"},{"floor":25,"key":"EssenceOfSteel"}],"is_trial":false,"path_per_floor":["M","M","M","M","M","R","E","R","T","R","M","?","M","M","R","B",null,"M","M","M","M","$","R","M","M","T","R","?","$","R","M","R","B"],"character_chosen":"THE_SILENT","items_purchased":["Vajra","Accuracy","Footwork"],"campfire_rested":3,"item_purchase_floors":[22,22,29],"current_hp_per_floor":[48,48,48,47,47,47,25,25,25,25,22,22,20,8,27,1,50,43,28,30,12,12,32,22,14,14,14,14,14,14,3,23,0],"gold":59,"neow_bonus":"REMOVE_TWO","is_prod":false,"is_daily":false,"chose_seed":false,"campfire_upgraded":5,"win_rate":0,"timestamp":1551624473,"path_taken":["M","M","M","M","M","R","E","R","T","R","?","?","M","M","R","BOSS","M","?","M","M","$","R","M","M","T","R","?","$","R","?","R","BOSS"],"build_version":"2019-01-23","purchased_purges":1,"victory":false,"max_hp_per_floor":[66,66,66,66,66,66,66,66,66,66,66,66,66,66,66,66,66,66,66,68,68,68,68,68,68,68,68,68,68,68,68,68,68],"card_choices":[{"not_picked":["Poisoned Stab","Deadly Poison"],"picked":"Blade Dance","floor":1},{"not_picked":["Riddle With Holes","Outmaneuver"],"picked":"Well Laid Plans","floor":2},{"not_picked":["Bane","Poisoned Stab"],"picked":"Choke","floor":3},{"not_picked":["Poisoned Stab","Dodge and Roll"],"picked":"Cloak And Dagger","floor":4},{"not_picked":["Heel Hook","Outmaneuver","Dagger Throw"],"picked":"SKIP","floor":5},{"not_picked":["Deadly Poison","Night Terror"],"picked":"Burst","floor":7},{"not_picked":["Deflect","Finisher"],"picked":"Backflip","floor":11},{"not_picked":["Deflect","Dagger Throw"],"picked":"Footwork","floor":13},{"not_picked":["Dodge and Roll","Prepared"],"picked":"Quick Slash","floor":14},{"not_picked":["Venomology","Glass Knife"],"picked":"Corpse Explosion","floor":16},{"not_picked":["Bane","Dodge and Roll"],"picked":"Backflip","floor":18},{"not_picked":["Deadly Poison","Bane"],"picked":"Infinite Blades+1","floor":19},{"not_picked":["Expertise","Poisoned Stab","Blade Dance"],"picked":"Singing Bowl","floor":20},{"not_picked":["Flying Knee","Bane"],"picked":"Dodge and Roll","floor":21},{"not_picked":["Bouncing Flask+1","Poisoned Stab"],"picked":"Glass Knife","floor":24},{"not_picked":["Endless Agony","Blur"],"picked":"PiercingWail+1","floor":25},{"not_picked":["Finisher","Bane"],"picked":"Cloak And Dagger+1","floor":31}],"player_experience":367458,"relics_obtained":[{"floor":7,"key":"Centennial Puzzle"},{"floor":9,"key":"Singing Bowl"},{"floor":26,"key":"Bronze Scales"}],"event_choices":[{"damage_healed":0,"gold_gain":0,"player_choice":"2 cards matched","damage_taken":0,"max_hp_gain":0,"max_hp_loss":0,"event_name":"Match and Keep!","floor":12,"gold_loss":0,"cards_obtained":["Masterful Stab","Neutralize"]},{"damage_healed":0,"gold_gain":0,"player_choice":"Bought 0 Potions","damage_taken":0,"max_hp_gain":0,"max_hp_loss":0,"event_name":"The Woman in Blue","floor":28,"gold_loss":0}],"is_beta":false,"boss_relics":[{"not_picked":["Empty Cage","Pandora\u0027s Box"],"picked":"HoveringKite"}],"items_purged_floors":[22],"is_endless":false,"potions_floor_spawned":[3,4,13,14,20,24,25],"killed_by":"Champ","ascension_level":14}