{"gold_per_floor":[114,114,114,114,127,127,156,156,156,167,185,203,219,236,236,338,338,356,356,356,356,366,366,121,146,226,238,257,273,273,290,290,290],"floor_reached":33,"playtime":1260,"items_purged":[],"score":499,"play_id":"c18858ea-2f04-44db-b62a-aeda643c9463","local_time":"20190303173954","is_ascension_mode":true,"campfire_choices":[{"data":"Shrug It Off","floor":6,"key":"SMITH"},{"data":"Pommel Strike","floor":8,"key":"SMITH"},{"data":"Perfected Strike","floor":15,"key":"SMITH"},{"data":"Perfected Strike","floor":23,"key":"SMITH"},{"data":"Double Tap","floor":30,"key":"SMITH"},{"data":"Shrug It Off","floor":32,"key":"SMITH"}],"neow_cost":"NONE","seed_source_timestamp":22716385938904100,"circlet_count":0,"master_deck":["AscendersBane","Strike_R+1","Strike_R+1","Strike_R+1","Strike_R+1","Strike_R+1","Defend_R+1","Defend_R+1","Defend_R+1","Defend_R+1","Bash+1","Perfected Strike+1","Shrug It Off+1","Pommel Strike+1","Perfected Strike+1","Double Tap+1","Ghostly","Ghostly","Ghostly","Ghostly","Ghostly","Perfected Strike+1","Shrug It Off+1"],"relics":["Burning Blood","NeowsBlessing","Turnip","Pocketwatch","Sozu","Strange Spoon","Peace Pipe","Letter Opener"],"potions_floor_usage":[16],"damage_taken":[{"damage":0,"enemies":"Jaw Worm","floor":1,"turns":1},{"damage":0,"enemies":"Small Slimes","floor":5,"turns":1},{"damage":0,"enemies":"3 Sentries","floor":7,"turns":1},{"damage":7,"enemies":"2 Louse","floor":10,"turns":2},{"damage":8,"enemies":"Blue Slaver","floor":11,"turns":2},{"damage":1,"enemies":"3 Louse","floor":12,"turns":3},{"damage":0,"enemies":"Exordium Wildlife","floor":13,"turns":2},{"damage":20,"enemies":"Lots of Slimes","floor":14,"turns":4},{"damage":28,"enemies":"The Guardian","floor":16,"turns":10},{"damage":17,"enemies":"2 Thieves","floor":18,"turns":3},{"damage":4,"enemies":"Chosen","floor":22,"turns":3},{"damage":3,"enemies":"Book of Stabbing","floor":25,"turns":4},{"damage":3,"enemies":"Snake Plant","floor":27,"turns":2},{"damage":0,"enemies":"3 Cultists","floor":28,"turns":5},{"damage":0,"enemies":"Snecko","floor":29,"turns":3},{"damage":3,"enemies":"Snake Plant","floor":31,"turns":3},{"damage":44,"enemies":"Automaton","floor":33,"turns":6}],"seed_played":"-1021317232053660337","potions_obtained":[{"floor":7,"key":"SmokeBomb"},{"floor":10,"key":"AttackPotion"}],"is_trial":false,"path_per_floor":["M","?","?","?","M","R","E","R","T","M","M","M","M","M","R","B",null,"M","?","?","?","M","R","$","E","T","M","M","M","R","M","R","B"],"character_chosen":"IRONCLAD","items_purchased":["Shrug It Off","Strange Spoon"],"campfire_rested":0,"item_purchase_floors":[24,24],"current_hp_per_floor":[78,62,62,67,73,73,79,79,79,78,76,81,85,71,71,49,76,65,65,65,42,42,42,42,42,42,42,42,42,42,42,42,0],"gold":290,"neow_bonus":"THREE_ENEMY_KILL","is_prod":false,"is_daily":false,"chose_seed":false,"campfire_upgraded":6,"win_rate":0,"timestamp":1551631194,"path_taken":["M","?","?","?","?","R","E","R","T","M","M","M","M","M","R","BOSS","M","?","?","?","M","R","$","E","T","M","M","?","R","M","R","BOSS"],"build_version":"2019-01-23","purchased_purges":0,"victory":false,"max_hp_per_floor":[80,80,80,85,85,85,85,85,85,85,85,85,85,85,85,85,85,85,85,85,42,42,42,42,42,42,42,42,42,42,42,42,42],"card_choices":[{"not_picked":["Clothesline","Wild Strike"],"picked":"Perfected Strike","floor":1},{"not_picked":["Iron Wave","Spot Weakness"],"picked":"Shrug It Off","floor":5},{"not_picked":["Seeing Red","Brutality"],"picked":"Pommel Strike","floor":7},{"not_picked":["Shrug It Off","Sentinel"],"picked":"Perfected Strike","floor":10},{"not_picked":["Anger","Blood for Blood","Warcry"],"picked":"SKIP","floor":11},{"not_picked":["Heavy Blade","Armaments","Pommel Strike"],"picked":"SKIP","floor":12},{"not_picked":["Spot Weakness","Power Through","Uppercut"],"picked":"SKIP","floor":13},{"not_picked":["Combust","Iron Wave","Heavy Blade"],"picked":"SKIP","floor":14},{"not_picked":["Exhume","Fiend Fire"],"picked":"Double Tap","floor":16},{"not_picked":["Spot Weakness","Havoc","Sever Soul"],"picked":"SKIP","floor":18},{"not_picked":["True Grit","Battle Trance"],"picked":"Perfected Strike","floor":22},{"not_picked":["Battle Trance","Havoc","Entrench"],"picked":"SKIP","floor":25},{"not_picked":["Heavy Blade+1","Feel No Pain","Cleave"],"picked":"SKIP","floor":27},{"not_picked":["Bloodletting","Thunderclap","Clash"],"picked":"SKIP","floor":28},{"not_picked":["Anger","Pummel","Warcry"],"picked":"SKIP","floor":29},{"not_picked":["Battle Trance","Hemokinesis","Iron Wave"],"picked":"SKIP","floor":31}],"player_experience":370737,"relics_obtained":[{"floor":7,"key":"Turnip"},{"floor":9,"key":"Pocketwatch"},{"floor":25,"key":"Peace Pipe"},{"floor":26,"key":"Letter Opener"}],"event_choices":[{"damage_healed":0,"gold_gain":0,"player_choice":"Entered Light","damage_taken":16,"max_hp_gain":0,"max_hp_loss":0,"event_name":"Shining Light","floor":2,"gold_loss":0,"cards_upgraded":["Strike_R","Bash"]},{"damage_healed":0,"gold_gain":0,"player_choice":"Grow","damage_taken":0,"max_hp_gain":0,"max_hp_loss":0,"event_name":"Living Wall","floor":3,"gold_loss":0,"cards_upgraded":["Perfected Strike"]},{"damage_healed":0,"gold_gain":0,"player_choice":"Donut","damage_taken":0,"max_hp_gain":5,"max_hp_loss":0,"event_name":"Big Fish","floor":4,"gold_loss":0},{"damage_healed":0,"gold_gain":0,"player_choice":"Ignored","damage_taken":0,"max_hp_gain":0,"max_hp_loss":0,"event_name":"The Mausoleum","floor":19,"gold_loss":0},{"damage_healed":0,"gold_gain":0,"player_choice":"Simplicity","damage_taken":0,"max_hp_gain":0,"max_hp_loss":0,"event_name":"Back to Basics","floor":20,"gold_loss":0,"cards_upgraded":["Strike_R","Strike_R","Strike_R","Strike_R","Defend_R","Defend_R","Defend_R","Defend_R"]},{"damage_healed":0,"gold_gain":0,"player_choice":"Became a Ghost","damage_taken":0,"max_hp_gain":0,"max_hp_loss":43,"event_name":"Ghosts","floor":21,"gold_loss":0,"cards_obtained":["Ghostly","Ghostly","Ghostly","Ghostly","Ghostly"]}],"is_beta":false,"boss_relics":[{"not_picked":["Runic Cube","Black Blood"],"picked":"Sozu"}],"items_purged_floors":[],"is_endless":false,"potions_floor_spawned":[7,10,13,14,25,28,31],"killed_by":"Automaton","ascension_level":12}