{"path_per_floor":["M","M","T","M","$","R","E","R","T","?","M","R","M","?","R","B",null,"M","?","?","M","?","M","R","$","T","M","M","?","?","T","R","B",null,"M","M","?","$","?","R","$","R","T","$","?","R","M","M","R","B"],"character_chosen":"THE_SILENT","items_purchased":["Apotheosis","Caltrops","Footwork","PiercingWail"],"gold_per_floor":[410,425,425,443,89,89,120,120,120,120,138,138,150,150,150,248,248,188,113,113,113,113,113,113,32,32,32,32,32,32,32,32,32,32,32,32,32,10,10,10,10,10,10,10,10,10,10,10,10,10],"floor_reached":51,"campfire_rested":8,"playtime":4368,"current_hp_per_floor":[57,52,52,52,52,52,40,58,58,63,29,49,46,46,66,53,68,48,48,36,32,56,48,69,69,69,53,38,22,22,22,43,43,73,73,67,67,67,58,73,73,73,83,83,62,83,60,57,81,57],"items_purged":["Strike_G"],"gold":10,"score":567,"play_id":"bcf4a136-9591-4e56-b60d-0adf578c2773","is_prod":false,"is_daily":false,"is_ascension_mode":true,"campfire_upgraded":2,"path_taken":["M","?","?","M","$","R","E","R","T","?","M","R","M","?","R","BOSS","M","?","?","M","?","M","R","$","T","?","M","?","?","?","R","BOSS","M","?","?","$","?","R","$","R","T","$","?","R","?","M","R","BOSS"],"build_version":"2018-02-12-PROD1","purchased_purges":1,"victory":true,"master_deck":["Defend_G","Defend_G","Defend_G","Defend_G","Strike_G","Strike_G","Strike_G","Survivor","Neutralize","Footwork+1","Sucker Punch","Apotheosis+1","Caltrops","Dagger Spray","Backflip","Wraith Form","Tools of the Trade","Caltrops+1","Footwork","Necronomicurse","Riddle With Holes","PiercingWail","Madness","Madness","Decay","Dodge and Roll+1"],"max_hp_per_floor":[63,63,63,63,63,63,63,63,63,68,68,68,68,68,68,68,68,68,68,73,73,73,73,73,73,73,73,73,73,73,73,73,73,73,73,73,73,73,73,73,73,73,83,83,83,83,83,83,83,83],"relics":["Ring of the Snake","Old Coin","Bag of Marbles","Ice Cream","Ancient Tea Set","Ectoplasm","Du-Vu Doll","Necronomicon","Paper Crane","Cursed Key","Pear","Sundial"],"card_choices":[{"not_picked":["Outmaneuver","Dash"],"picked":"Footwork"},{"not_picked":["Poisoned Stab","Blur"],"picked":"Sucker Punch"},{"not_picked":["Endless Agony","Slice"],"picked":"Dagger Spray"},{"not_picked":["Slice","Flying Knee"],"picked":"Backflip"},{"not_picked":["Deflect","Poisoned Stab"],"picked":"Wraith Form"},{"not_picked":["Doppelganger","Wraith Form"],"picked":"Tools of the Trade"},{"not_picked":["Acrobatics","Cloak And Dagger"],"picked":"Caltrops"},{"not_picked":["Sucker Punch","Dodge and Roll"],"picked":"Riddle With Holes"},{"not_picked":["Expertise","Flechettes"],"picked":"Dodge and Roll"}],"player_experience":70382,"potions_floor_usage":[16,18,23,28,33,45,50,50,50],"damage_taken":[{"damage":6,"enemies":"Blue Slaver","floor":1,"turns":7},{"damage":5,"enemies":"Small Slimes","floor":2,"turns":5},{"damage":0,"enemies":"2 Louse","floor":4,"turns":2},{"damage":12,"enemies":"3 Sentries","floor":7,"turns":9},{"damage":34,"enemies":"Exordium Thugs","floor":11,"turns":8},{"damage":3,"enemies":"2 Fungi Beasts","floor":13,"turns":3},{"damage":13,"enemies":"Hexaghost","floor":16,"turns":10},{"damage":20,"enemies":"2 Thieves","floor":18,"turns":4},{"damage":4,"enemies":"Shell Parasite","floor":21,"turns":6},{"damage":8,"enemies":"Snake Plant","floor":23,"turns":4},{"damage":16,"enemies":"Slaver and Parasite","floor":27,"turns":5},{"damage":15,"enemies":"Cultist and Chosen","floor":28,"turns":7},{"damage":0,"enemies":"Champ","floor":33,"turns":12},{"damage":0,"enemies":"Orb Walker","floor":35,"turns":4},{"damage":6,"enemies":"3 Shapes","floor":36,"turns":6},{"damage":21,"enemies":"Mysterious Sphere","floor":45,"turns":6},{"damage":23,"enemies":"Maw","floor":47,"turns":6},{"damage":3,"enemies":"3 Darklings","floor":48,"turns":6},{"damage":24,"enemies":"Awakened One","floor":50,"turns":14}],"event_choices":[{"event_name":"Big Fish","player_choice":"Donut","floor":10,"damage_taken":0},{"event_name":"Living Wall","player_choice":"Forget","floor":14,"damage_taken":0},{"event_name":"Beggar","player_choice":"Gave Gold","floor":19,"damage_taken":0},{"event_name":"Forgotten Altar","player_choice":"Shed Blood","floor":20,"damage_taken":0},{"event_name":"The Library","player_choice":"Heal","floor":22,"damage_taken":0},{"event_name":"Cursed Tome","player_choice":"Obtained Book","floor":29,"damage_taken":0},{"event_name":"Addict","player_choice":"Ignored","floor":30,"damage_taken":0},{"event_name":"Golden Shrine","player_choice":"Pray","floor":37,"damage_taken":0},{"event_name":"Winding Halls","player_choice":"Embrace Madness","floor":39,"damage_taken":0},{"event_name":"Mysterious Sphere","player_choice":"Fight","floor":45,"damage_taken":0}],"boss_relics":[{"not_picked":["Astrolabe","Eternal Feather"],"picked":"Ectoplasm"},{"not_picked":["Snecko Eye","Philosopher\u0027s Stone"],"picked":"Cursed Key"}],"potions_floor_spawned":[1,13,16,18,21,28,33,36,47,48],"seed_played":"-5176026087617171531","ascension_level":2,"is_trial":false}