{"path_per_floor":["M","?","T","M","$","R","E","?","T","M","R","M","$","M","R","B",null,"M","?","M","M","$","R","T","M","T","$","?","M","?","$","R","B",null,"M","?","M","M","$","R","M","R","T","?","M","$","M","M","R","B"],"character_chosen":"IRONCLAD","items_purchased":["Blood for Blood","Jack Of All Trades","Shrug It Off","Clothesline","Bandage Up","Blood for Blood","Fire Breathing"],"gold_per_floor":[112,112,182,201,24,24,50,50,50,60,60,73,19,35,35,132,132,151,66,83,103,49,49,103,123,123,29,29,42,42,3,3,103,103,119,119,133,150,150,150,168,168,168,168,183,113,127,137,137,137],"floor_reached":51,"campfire_rested":4,"playtime":5223,"current_hp_per_floor":[80,80,80,79,79,79,54,38,38,44,68,70,70,71,71,33,80,67,67,65,57,57,80,80,62,62,62,46,49,49,49,73,27,80,80,80,73,60,60,60,62,62,62,62,74,74,80,64,80,71],"items_purged":[],"gold":137,"play_id":"5b7bc82c-e8ff-41ed-8013-088138b5ef3d","is_prod":false,"is_daily":false,"is_ascension_mode":false,"campfire_upgraded":4,"path_taken":["M","?","?","M","$","R","E","?","T","M","R","M","$","M","R","BOSS","M","?","M","M","$","R","?","M","T","$","?","M","?","?","R","BOSS","M","?","M","M","$","R","M","R","T","?","M","$","M","M","R","BOSS"],"build_version":"2018-01-25-PROD3","purchased_purges":0,"victory":true,"master_deck":["Strike_R+1","Strike_R","Strike_R+1","Strike_R","Strike_R","Defend_R","Defend_R","Defend_R","Defend_R","Bash+1","Sword Boomerang","Blood for Blood","Jack Of All Trades+1","Offering","Cleave","Iron Wave","Shrug It Off","Pommel Strike","Fiend Fire","Armaments","Flame Barrier+1","Disarm+1","Clothesline","Shrug It Off","Bandage Up+1","Necronomicurse","True Grit+1","Blood for Blood","Bludgeon+1","Blood for Blood+1","Decay","Infernal Blade","Seeing Red+1","Clash+1","Feel No Pain+1","Fire Breathing","Inflame","Headbutt"],"max_hp_per_floor":[80,80,80,80,80,80,80,80,80,80,80,80,80,80,80,80,80,80,80,80,80,80,80,80,80,80,80,80,80,80,80,80,80,80,80,80,80,80,80,80,80,80,80,80,80,80,80,80,80,80],"relics":["Black Blood","Gremlin Horn","Juzu Bracelet","Red Skull","Centennial Puzzle","Bronze Scales","Kunai","Necronomicon","Sozu","Ice Cream"],"card_choices":[{"not_picked":["Clash","Flex"],"picked":"Sword Boomerang"},{"not_picked":["Body Slam","Fire Breathing"],"picked":"Anger"},{"not_picked":["Headbutt","Impervious"],"picked":"Offering"},{"not_picked":["Intimidate","True Grit"],"picked":"Cleave"},{"not_picked":["Rupture","Anger"],"picked":"Iron Wave"},{"not_picked":["Perfected Strike","Cleave"],"picked":"Pommel Strike"},{"not_picked":["Juggernaut","Offering"],"picked":"Fiend Fire"},{"not_picked":["Warcry","Dropkick"],"picked":"Armaments"},{"not_picked":["Flex","Pummel"],"picked":"Flame Barrier"},{"not_picked":["Body Slam","Combust"],"picked":"Disarm"},{"not_picked":["Body Slam","Warcry"],"picked":"Shrug It Off"},{"not_picked":["Searing Blow","Headbutt"],"picked":"True Grit"},{"not_picked":["Demon Form","Fiend Fire"],"picked":"Bludgeon"},{"not_picked":["Pummel","Cleave"],"picked":"Blood for Blood"},{"not_picked":["Flex","Warcry"],"picked":"Infernal Blade"},{"not_picked":["Perfected Strike","Clothesline"],"picked":"Seeing Red"},{"not_picked":["Body Slam","Whirlwind"],"picked":"Clash"},{"not_picked":["Disarm","Flex"],"picked":"Feel No Pain"},{"not_picked":["Armaments","True Grit"],"picked":"Inflame"},{"not_picked":["Warcry","Flex"],"picked":"Headbutt"}],"player_experience":0,"potions_floor_usage":[4,10,20,21,29,33,33],"damage_taken":[{"damage":5,"enemies":"Cultist","floor":1,"turns":4},{"damage":7,"enemies":"2 Louse","floor":4,"turns":3},{"damage":31,"enemies":"Lagavulin","floor":7,"turns":5},{"damage":0,"enemies":"Small Slimes","floor":10,"turns":1},{"damage":4,"enemies":"2 Fungi Beasts","floor":12,"turns":2},{"damage":5,"enemies":"Exordium Wildlife","floor":14,"turns":2},{"damage":44,"enemies":"The Guardian","floor":16,"turns":7},{"damage":23,"enemies":"Spheric Guardian","floor":18,"turns":4},{"damage":16,"enemies":"2 Thieves","floor":20,"turns":3},{"damage":22,"enemies":"Centurion and Healer","floor":21,"turns":5},{"damage":28,"enemies":"Snake Plant","floor":25,"turns":4},{"damage":11,"enemies":"Slaver and Parasite","floor":29,"turns":6},{"damage":60,"enemies":"Champ","floor":33,"turns":15},{"damage":7,"enemies":"Orb Walker","floor":35,"turns":2},{"damage":21,"enemies":"3 Darklings","floor":37,"turns":5},{"damage":27,"enemies":"4 Shapes","floor":38,"turns":4},{"damage":14,"enemies":"Sphere and 2 Shapes","floor":41,"turns":4},{"damage":4,"enemies":"3 Darklings","floor":45,"turns":4},{"damage":4,"enemies":"Maw","floor":47,"turns":5},{"damage":26,"enemies":"Sphere and 2 Shapes","floor":48,"turns":3},{"damage":25,"enemies":"Awakened One","floor":50,"turns":14}],"event_choices":[{"event_name":"The Lab","player_choice":"Got Potions","floor":2,"damage_taken":0},{"event_name":"Shining Light","player_choice":"Entered Light","floor":8,"damage_taken":0},{"event_name":"Addict","player_choice":"Obtained Relic","floor":19,"damage_taken":0},{"event_name":"Cursed Tome","player_choice":"Obtained Book","floor":28,"damage_taken":0},{"event_name":"Beggar","player_choice":"Ignored","floor":30,"damage_taken":0},{"event_name":"Wheel of Change","player_choice":"Curse","floor":36,"damage_taken":0}],"boss_relics":[{"not_picked":["Orrery","Runic Pyramid"],"picked":"Black Blood"},{"not_picked":["Black Star","Runic Cube"],"picked":"Sozu"}],"potions_floor_spawned":[10,12,16,20,25,33,35,45,48],"seed_played":"5756129685981151052","ascension_level":0,"is_trial":false}