{"gold_per_floor":[110,110,35,45,45,70,70,96,142,176,227,227,50,61,61,134,134,145,87,65,85,85,85,98,98,174,174,191,191],"floor_reached":29,"playtime":713,"items_purged":["Strike_G","Strike_G"],"score":532,"play_id":"2447c4ab-1bc4-4520-808c-7164949048e1","local_time":"20190601094104","is_ascension_mode":true,"campfire_choices":[{"data":"Skewer","floor":7,"key":"SMITH"},{"floor":12,"key":"REST"},{"data":"A Thousand Cuts","floor":15,"key":"SMITH"},{"data":"Wraith Form v2","floor":23,"key":"SMITH"},{"data":"Deadly Poison","floor":25,"key":"SMITH"},{"floor":27,"key":"REST"}],"neow_cost":"NONE","seed_source_timestamp":1334578548210483,"circlet_count":0,"master_deck":["AscendersBane","Strike_G","Strike_G","Strike_G","Defend_G","Defend_G","Defend_G","Defend_G","Defend_G","Survivor","Neutralize","Quick Slash","Dash","Skewer+1","Deadly Poison+1","After Image","A Thousand Cuts+1","Wraith Form v2+1","PiercingWail","Backflip","Dagger Spray+1"],"relics":["Ring of the Snake","NeowsBlessing","Bag of Marbles","Boot","Oddly Smooth Stone","Shuriken","Runic Pyramid","FaceOfCleric","Ornamental Fan"],"potions_floor_usage":[8,16,16,28],"damage_taken":[{"damage":0,"enemies":"Cultist","floor":1,"turns":1},{"damage":0,"enemies":"Jaw Worm","floor":4,"turns":1},{"damage":0,"enemies":"Lagavulin","floor":6,"turns":1},{"damage":18,"enemies":"Gremlin Nob","floor":8,"turns":4},{"damage":30,"enemies":"Lagavulin","floor":10,"turns":6},{"damage":0,"enemies":"Small Slimes","floor":14,"turns":2},{"damage":17,"enemies":"Slime Boss","floor":16,"turns":8},{"damage":14,"enemies":"3 Byrds","floor":18,"turns":5},{"damage":6,"enemies":"2 Thieves","floor":20,"turns":4},{"damage":0,"enemies":"Snecko","floor":21,"turns":6},{"damage":8,"enemies":"Snake Plant","floor":24,"turns":8},{"damage":3,"enemies":"Chosen and Byrds","floor":28,"turns":5},{"damage":50,"enemies":"Book of Stabbing","floor":29,"turns":7}],"seed_played":"-6861133530268721372","potions_obtained":[{"floor":2,"key":"EntropicBrew"},{"floor":2,"key":"PowerPotion"},{"floor":8,"key":"EssenceOfSteel"},{"floor":21,"key":"Fire Potion"}],"is_trial":false,"path_per_floor":["M","?","$","M","$","E","R","E","T","E","?","R","$","M","R","B",null,"M","$","M","M","?","R","M","R","T","R","M","E"],"character_chosen":"THE_SILENT","items_purchased":["After Image","Backflip"],"campfire_rested":2,"item_purchase_floors":[13,19],"current_hp_per_floor":[59,59,59,59,59,59,59,41,41,11,11,30,30,30,30,13,53,39,39,33,33,33,33,26,26,26,46,44,0],"gold":191,"neow_bonus":"THREE_ENEMY_KILL","is_prod":false,"is_daily":false,"chose_seed":false,"campfire_upgraded":4,"win_rate":0,"timestamp":1559407264,"path_taken":["M","?","$","?","?","E","R","E","T","E","?","R","?","?","R","BOSS","M","$","M","?","?","R","?","R","T","R","M","E"],"build_version":"2019-05-31","purchased_purges":2,"victory":false,"max_hp_per_floor":[66,66,66,66,66,66,66,66,66,66,66,66,66,66,66,66,66,66,66,66,66,66,66,67,67,67,67,68,68],"card_choices":[{"not_picked":["Calculated Gamble","Acrobatics"],"picked":"Quick Slash","floor":1},{"not_picked":["Riddle With Holes","Flying Knee"],"picked":"Dash","floor":4},{"not_picked":["Backflip","Terror"],"picked":"Skewer","floor":6},{"not_picked":["Bane","Sucker Punch"],"picked":"Deadly Poison","floor":8},{"not_picked":["Quick Slash","Sucker Punch","Deadly Poison"],"picked":"SKIP","floor":10},{"not_picked":["Prepared","Riddle With Holes"],"picked":"A Thousand Cuts","floor":14},{"not_picked":["Envenom","Venomology"],"picked":"Wraith Form v2","floor":16},{"not_picked":["Escape Plan","Acrobatics+1"],"picked":"PiercingWail","floor":18},{"not_picked":["Dodge and Roll","Prepared","Expertise"],"picked":"SKIP","floor":20},{"not_picked":["Predator+1","Slice","Bane"],"picked":"SKIP","floor":21},{"not_picked":["Dagger Throw","Bouncing Flask"],"picked":"Dagger Spray+1","floor":24},{"not_picked":["Terror","Dagger Spray","Quick Slash"],"picked":"SKIP","floor":28}],"player_experience":1288759,"relics_obtained":[{"floor":6,"key":"Bag of Marbles"},{"floor":8,"key":"Boot"},{"floor":9,"key":"Oddly Smooth Stone"},{"floor":10,"key":"Shuriken"},{"floor":26,"key":"Ornamental Fan"}],"event_choices":[{"damage_healed":0,"gold_gain":0,"player_choice":"Got Potions","damage_taken":0,"max_hp_gain":0,"max_hp_loss":0,"event_name":"Lab","floor":2,"gold_loss":0},{"damage_healed":0,"gold_gain":51,"player_choice":"Gained Gold","damage_taken":0,"max_hp_gain":0,"max_hp_loss":0,"event_name":"Golden Wing","floor":11,"gold_loss":0},{"damage_healed":0,"gold_gain":0,"player_choice":"Trade","damage_taken":0,"relics_obtained":["FaceOfCleric"],"max_hp_gain":0,"max_hp_loss":0,"event_name":"FaceTrader","floor":22,"gold_loss":0}],"is_beta":true,"boss_relics":[{"not_picked":["Ring of the Serpent","Ectoplasm"],"picked":"Runic Pyramid"}],"items_purged_floors":[3,13],"is_endless":false,"potions_floor_spawned":[4,6,8,20,21],"killed_by":"Book of Stabbing","ascension_level":20}