{"gold_per_floor":[110,125,135,135,147,147,182,182,182,182],"floor_reached":10,"playtime":321,"items_purged":[],"score":136,"play_id":"f60c673b-d4b1-4945-95b0-d78e5c0c77a0","local_time":"20190611135452","is_ascension_mode":true,"campfire_choices":[{"data":"Skewer","floor":6,"key":"SMITH"},{"floor":8,"key":"REST"}],"neow_cost":"NONE","seed_source_timestamp":183285768368498,"circlet_count":0,"master_deck":["AscendersBane","Strike_G","Strike_G","Strike_G","Strike_G","Defend_G","Defend_G","Defend_G","Defend_G","Defend_G","Survivor","Neutralize","Masterful Stab","Dodge and Roll","Endless Agony","Skewer+1","Leg Sweep"],"relics":["Ring of the Snake","Omamori","Boot"],"potions_floor_usage":[7,10],"damage_taken":[{"damage":9,"enemies":"Jaw Worm","floor":1,"turns":7},{"damage":0,"enemies":"2 Louse","floor":2,"turns":3},{"damage":0,"enemies":"Cultist","floor":3,"turns":4},{"damage":20,"enemies":"Large Slime","floor":5,"turns":12},{"damage":17,"enemies":"3 Sentries","floor":7,"turns":10},{"damage":29,"enemies":"Gremlin Nob","floor":10,"turns":4}],"seed_played":"3986242426386221422","potions_obtained":[{"floor":1,"key":"AttackPotion"},{"floor":2,"key":"Swift Potion"}],"is_trial":false,"path_per_floor":["M","M","M","?","M","R","E","R","T","E"],"character_chosen":"THE_SILENT","items_purchased":[],"campfire_rested":1,"item_purchase_floors":[],"current_hp_per_floor":[50,50,50,43,23,23,6,25,25,0],"gold":182,"neow_bonus":"RANDOM_COMMON_RELIC","is_prod":false,"is_daily":false,"chose_seed":false,"campfire_upgraded":1,"win_rate":0,"timestamp":1560286492,"path_taken":["M","M","M","?","M","R","E","R","T","E"],"build_version":"2019-06-10","purchased_purges":0,"victory":false,"max_hp_per_floor":[66,66,66,66,66,66,66,66,66,66],"card_choices":[{"not_picked":["Cloak And Dagger","Bane"],"picked":"Masterful Stab","floor":1},{"not_picked":["Heel Hook","Blade Dance"],"picked":"Dodge and Roll","floor":2},{"not_picked":["Choke","Outmaneuver"],"picked":"Endless Agony","floor":3},{"not_picked":["PiercingWail","Acrobatics"],"picked":"Skewer","floor":5},{"not_picked":["Glass Knife","Backstab"],"picked":"Leg Sweep","floor":7}],"player_experience":1315675,"relics_obtained":[{"floor":7,"key":"Boot"}],"event_choices":[{"cards_removed":["Strike_G"],"damage_healed":0,"gold_gain":0,"player_choice":"Card Removal","damage_taken":7,"max_hp_gain":0,"max_hp_loss":0,"event_name":"Golden Wing","floor":4,"gold_loss":0}],"is_beta":true,"boss_relics":[],"items_purged_floors":[],"is_endless":false,"potions_floor_spawned":[1,2],"killed_by":"Gremlin Nob","ascension_level":20}