{"gold_per_floor":[113,113,113,124,10,37,52,79,79,79,91,91,12,30,30,109,109,127,127,44,57,57,57,76,104,127,127,127,145,245,19,19,92,92,110,121,396,416,431,431,441,30,30,30,42,59,59,77,77,77],"floor_reached":51,"playtime":3245,"items_purged":["Strike_G","Strike_G"],"score":1292,"play_id":"226acec0-6689-4b26-bf00-3826e9974241","local_time":"20190407184728","is_ascension_mode":true,"campfire_choices":[{"data":"Neutralize","floor":10.0,"key":"SMITH"},{"data":"Blur","floor":12.0,"key":"SMITH"},{"floor":15.0,"key":"REST"},{"data":"Footwork","floor":23.0,"key":"SMITH"},{"data":"Caltrops","floor":27.0,"key":"SMITH"},{"floor":32.0,"key":"REST"},{"floor":40,"key":"REST"},{"floor":47,"key":"REST"},{"floor":49,"key":"REST"}],"neow_cost":"NONE","seed_source_timestamp":20147075369570,"circlet_count":0,"master_deck":["AscendersBane","Defend_G","Defend_G","Defend_G","Defend_G","Defend_G","Strike_G","Strike_G","Survivor","Neutralize+1","Blur+1","Sucker Punch","Leg Sweep","Masterful Stab","Caltrops+1","Predator+1","Dash+1","Backflip","Adrenaline","Footwork+1","Terror","All Out Attack+1","Footwork+1","Well Laid Plans+1","Heel Hook+1","Backflip","Noxious Fumes","Mind Blast+1","Dash+1","Noxious Fumes"],"special_seed":0,"relics":["Ring of the Snake","NeowsBlessing","Dream Catcher","Molten Egg 2","Oddly Smooth Stone","Busted Crown","Orichalcum","Omamori","Torii","Kunai","DollysMirror","Fusion Hammer","Potion Belt","Art of War"],"potions_floor_usage":[38,50],"damage_taken":[{"damage":0.0,"enemies":"2 Louse","floor":1.0,"turns":1.0},{"damage":0.0,"enemies":"Cultist","floor":4.0,"turns":1.0},{"damage":0.0,"enemies":"Lagavulin","floor":6.0,"turns":1.0},{"damage":0.0,"enemies":"Jaw Worm","floor":7.0,"turns":3.0},{"damage":34.0,"enemies":"3 Sentries","floor":8.0,"turns":15.0},{"damage":0.0,"enemies":"Blue Slaver","floor":11.0,"turns":5.0},{"damage":0.0,"enemies":"Lots of Slimes","floor":14.0,"turns":5.0},{"damage":0.0,"enemies":"The Guardian","floor":16.0,"turns":14.0},{"damage":0.0,"enemies":"Chosen","floor":18.0,"turns":6.0},{"damage":1.0,"enemies":"Shell Parasite","floor":21.0,"turns":7.0},{"damage":0.0,"enemies":"Centurion and Healer","floor":24.0,"turns":8.0},{"damage":1.0,"enemies":"Book of Stabbing","floor":25.0,"turns":7.0},{"damage":0.0,"enemies":"Sentry and Sphere","floor":29.0,"turns":9.0},{"damage":4.0,"enemies":"Colosseum Slavers","floor":30.0,"turns":5.0},{"damage":6.0,"enemies":"Colosseum Nobs","floor":30.0,"turns":6.0},{"damage":47.0,"enemies":"Champ","floor":33.0,"turns":21.0},{"damage":0.0,"enemies":"3 Darklings","floor":35.0,"turns":5.0},{"damage":0.0,"enemies":"Orb Walker","floor":36.0,"turns":4.0},{"damage":0,"enemies":"Sphere and 2 Shapes","floor":38,"turns":6},{"damage":30,"enemies":"4 Shapes","floor":39,"turns":10},{"damage":2,"enemies":"3 Darklings","floor":41,"turns":5},{"damage":1,"enemies":"Writhing Mass","floor":45,"turns":9},{"damage":1,"enemies":"Spire Growth","floor":46,"turns":5},{"damage":13,"enemies":"Jaw Worm Horde","floor":48,"turns":5},{"damage":8,"enemies":"Time Eater","floor":50,"turns":17}],"seed_played":"-327123362376849788","potions_obtained":[{"floor":7.0,"key":"FearPotion"},{"floor":11.0,"key":"SmokeBomb"},{"floor":14.0,"key":"Poison Potion"},{"floor":21.0,"key":"Poison Potion"},{"floor":22.0,"key":"Dexterity Potion"},{"floor":22.0,"key":"Fruit Juice"},{"floor":24.0,"key":"Explosive Potion"},{"floor":36.0,"key":"Regen Potion"},{"floor":39,"key":"Poison Potion"},{"floor":41,"key":"Block Potion"}],"is_trial":false,"path_per_floor":["M","?","?","M","$","E","M","E","T","R","M","R","$","M","R","B",null,"M","?","$","M","?","R","M","E","T","R","?","M","?","$","R","B",null,"M","M","?","M","M","R","M","$","T","?","M","M","R","M","R","B",null],"character_chosen":"THE_SILENT","items_purchased":["Leg Sweep","Dash+1","Footwork","DollysMirror","Backflip","Potion Belt","Noxious Fumes"],"campfire_rested":5,"item_purchase_floors":[5,13,20,31,42,42,42],"current_hp_per_floor":[59,59,59,59,59,59,59,25,25,25,25,25,25,25,44,44,61,61,61,61,60,65,65,65,64,64,64,44,44,34,34,56,9,59,59,59,59,73,43,65,63,63,63,63,62,61,76,63,76,68],"gold":77,"neow_bonus":"THREE_ENEMY_KILL","is_prod":false,"is_daily":false,"chose_seed":false,"campfire_upgraded":4,"win_rate":0,"timestamp":1554655648,"path_taken":["M","?","?","M","$","E","?","E","T","R","M","R","?","M","R","BOSS","M","?","$","M","?","R","?","E","T","R","?","M","?","$","R","BOSS","M","M","?","?","M","R","M","$","T","?","M","M","R","M","R","BOSS"],"build_version":"2019-01-23","purchased_purges":2,"victory":true,"max_hp_per_floor":[66,66,66,66,66,66,66,66,66,66,66,66,66,66,66,66,66,66,66,66,66,71,71,71,71,71,71,76,76,76,76,76,76,76,76,76,76,76,76,76,76,76,76,76,76,76,76,76,76,76],"card_choices":[{"not_picked":["Poisoned Stab","Deflect","Expertise"],"picked":"SKIP","floor":1.0},{"not_picked":["Blade Dance","Underhanded Strike"],"picked":"Sucker Punch","floor":4.0},{"not_picked":["Dodge and Roll","Prepared"],"picked":"Masterful Stab","floor":6.0},{"not_picked":["Deadly Poison","Underhanded Strike","Slice"],"picked":"SKIP","floor":7.0},{"not_picked":["Adrenaline","Leg Sweep"],"picked":"Caltrops","floor":8.0},{"not_picked":["Quick Slash+1","Heel Hook+1"],"picked":"Predator+1","floor":11.0},{"not_picked":["Slice+1","Masterful Stab+1"],"picked":"Backflip","floor":14.0},{"not_picked":["Tools of the Trade","Doppelganger"],"picked":"Adrenaline","floor":16.0},{"not_picked":["Prepared"],"picked":"SKIP","floor":18.0},{"not_picked":["Deflect"],"picked":"SKIP","floor":21.0},{"not_picked":[],"picked":"Terror","floor":24.0},{"not_picked":["Tactician"],"picked":"SKIP","floor":25.0},{"not_picked":["Deflect"],"picked":"SKIP","floor":29.0},{"not_picked":[],"picked":"All Out Attack+1","floor":30.0},{"not_picked":[],"picked":"Well Laid Plans+1","floor":35.0},{"not_picked":["Blade Dance"],"picked":"SKIP","floor":36.0},{"not_picked":["Bane+1"],"picked":"SKIP","floor":38},{"not_picked":[],"picked":"Heel Hook+1","floor":39},{"not_picked":["Deflect"],"picked":"SKIP","floor":41},{"not_picked":[],"picked":"Mind Blast+1","floor":44},{"not_picked":["Underhanded Strike+1"],"picked":"SKIP","floor":45},{"not_picked":["Poisoned Stab+1"],"picked":"SKIP","floor":46},{"not_picked":[],"picked":"Dash+1","floor":47},{"not_picked":[],"picked":"Noxious Fumes","floor":48}],"player_experience":479255,"relics_obtained":[{"floor":6.0,"key":"Dream Catcher"},{"floor":8.0,"key":"Molten Egg 2"},{"floor":9.0,"key":"Oddly Smooth Stone"},{"floor":25.0,"key":"Orichalcum"},{"floor":26.0,"key":"Omamori"},{"floor":30.0,"key":"Torii"},{"floor":30.0,"key":"Kunai"},{"floor":43,"key":"Art of War"}],"event_choices":[{"damage_healed":0.0,"max_hp_gain":0.0,"max_hp_loss":0.0,"gold_gain":0.0,"event_name":"Liars Game","player_choice":"Ignored","floor":2.0,"gold_loss":0.0,"damage_taken":0.0},{"damage_healed":0.0,"max_hp_gain":0.0,"max_hp_loss":0.0,"gold_gain":0.0,"cards_transformed":["Strike_G"],"event_name":"Transmorgrifier","player_choice":"Transformed","floor":3.0,"gold_loss":0.0,"damage_taken":0.0,"cards_obtained":["Blur"]},{"damage_healed":0.0,"max_hp_gain":0.0,"max_hp_loss":0.0,"gold_gain":0.0,"event_name":"The Mausoleum","player_choice":"Ignored","floor":19.0,"gold_loss":0.0,"damage_taken":0.0},{"damage_healed":0.0,"max_hp_gain":0.0,"max_hp_loss":0.0,"gold_gain":0.0,"event_name":"Lab","player_choice":"Got Potions","floor":22.0,"gold_loss":0.0,"damage_taken":0.0},{"damage_healed":0.0,"max_hp_gain":5.0,"max_hp_loss":0.0,"gold_gain":0.0,"event_name":"Forgotten Altar","player_choice":"Shed Blood","floor":28.0,"gold_loss":0.0,"damage_taken":25.0},{"damage_healed":0.0,"max_hp_gain":0.0,"max_hp_loss":0.0,"gold_gain":0.0,"event_name":"Colosseum","player_choice":"Fight","floor":30.0,"gold_loss":0.0,"damage_taken":0.0},{"damage_healed":0.0,"max_hp_gain":0.0,"max_hp_loss":0.0,"gold_gain":0.0,"event_name":"Colosseum","player_choice":"Fought Nobs","floor":30.0,"gold_loss":0.0,"damage_taken":0.0},{"damage_healed":0,"gold_gain":275,"player_choice":"Desecrate","damage_taken":0,"max_hp_gain":0,"max_hp_loss":0,"event_name":"Golden Shrine","floor":37,"gold_loss":0,"cards_obtained":["Regret"]},{"damage_healed":0,"gold_gain":0,"player_choice":"Memory 1","damage_taken":0,"max_hp_gain":0,"max_hp_loss":0,"event_name":"SensoryStone","floor":44,"gold_loss":0}],"is_beta":false,"boss_relics":[{"not_picked":["Eternal Feather","Lizard Tail"],"picked":"Busted Crown"},{"not_picked":["Empty Cage","Calling Bell"],"picked":"Fusion Hammer"}],"items_purged_floors":[5,42],"is_endless":false,"potions_floor_spawned":[7,11,14,21,24,25,36,39,41],"ascension_level":16}