{"path_per_floor":["M","T","?","?","T","R","E","M","T","M","M","M","M","?","R","B",null,"M","?","?","M","$","R","M","R","T","E","?","R","M","?","R","B",null,"M","M","M","?","M","R","M","M","T","$","M","R","M","?","R"],"character_chosen":"IRONCLAD","items_purchased":["Fire Breathing","Bandage Up","Block Potion"],"gold_per_floor":[111,111,111,111,111,111,145,159,159,172,188,198,214,179,179,284,284,304,304,304,287,172,172,192,192,192,222,222,222,233,233,233,337,337,353,363,378,378,391,391,410,425,425,219,238,238,252,0,0],"floor_reached":50,"campfire_rested":6,"playtime":5234,"current_hp_per_floor":[73,73,73,40,40,64,40,46,46,52,42,38,33,53,77,68,80,77,77,77,61,61,61,56,80,80,77,77,77,67,67,80,80,80,80,80,60,60,59,80,59,42,42,42,53,77,80,80,80],"items_purged":["Strike_R","Decay"],"gold":0,"play_id":"71a5769d-d68c-43b8-9232-adfc3fe210aa","is_prod":false,"is_daily":false,"is_ascension_mode":false,"campfire_upgraded":3,"path_taken":["M","?","?","?","?","R","E","M","T","M","M","M","?","?","R","BOSS","M","?","?","M","?","R","M","R","T","E","?","R","M","?","R","BOSS","M","M","M","?","M","R","M","M","T","$","M","R","M","?","R","BOSS"],"build_version":"2018-02-01-PROD3","purchased_purges":2,"victory":false,"master_deck":["Strike_R+1","Strike_R+1","Defend_R+1","Defend_R+1","Defend_R+1","Defend_R+1","Bash+1","Shrug It Off","Shrug It Off","Infernal Blade","Armaments+1","Anger","Feel No Pain","Demon Form+1","Armaments+1","Shrug It Off","Rampage+1","Shockwave+1","Fire Breathing","Rampage+1","Juggernaut","Body Slam+1","Metallicize+1","Whirlwind+1","Seeing Red+1","Bandage Up"],"max_hp_per_floor":[80,80,80,80,80,80,80,80,80,80,80,80,80,80,80,80,80,80,80,80,80,80,80,80,80,80,80,80,80,80,80,80,80,80,80,80,80,80,80,80,80,80,80,80,80,80,80,80,80],"relics":["Black Blood","Ancient Tea Set","Champion Belt","Shuriken","Unceasing Top","Matryoshka","Bottled Flame","Bird Faced Urn","Velvet Choker","Bronze Scales","Gambling Chip","Smiling Mask","Whetstone","Red Mask"],"card_choices":[{"not_picked":["Sword Boomerang","Pommel Strike"],"picked":"Shrug It Off"},{"not_picked":["Flex","Heavy Blade"],"picked":"Shrug It Off"},{"not_picked":["Second Wind","Dual Wield"],"picked":"Infernal Blade"},{"not_picked":["Corruption","Flex"],"picked":"Armaments"},{"not_picked":["Warcry","Limit Break"],"picked":"Anger"},{"not_picked":["Sword Boomerang","Clash"],"picked":"Feel No Pain"},{"not_picked":["Fiend Fire","Juggernaut"],"picked":"Demon Form"},{"not_picked":["Feel No Pain","Sword Boomerang"],"picked":"Armaments"},{"not_picked":["Searing Blow","Inflame"],"picked":"Shockwave"},{"not_picked":["Perfected Strike","Sword Boomerang"],"picked":"Rampage"},{"not_picked":["Berserk","Bludgeon"],"picked":"Juggernaut"},{"not_picked":["Anger","Rampage"],"picked":"Body Slam"},{"not_picked":["Thunderclap","Blood for Blood"],"picked":"Metallicize"},{"not_picked":["Second Wind","Pommel Strike"],"picked":"Whirlwind"},{"not_picked":["Heavy Blade","Blood for Blood"],"picked":"Seeing Red"}],"player_experience":27588,"potions_floor_usage":[16,16,16,36,37,42,45,50,50],"damage_taken":[{"damage":13,"enemies":"Blue Slaver","floor":1,"turns":6},{"damage":30,"enemies":"Lagavulin","floor":7,"turns":7},{"damage":0,"enemies":"2 Louse","floor":8,"turns":4},{"damage":0,"enemies":"Jaw Worm","floor":10,"turns":6},{"damage":16,"enemies":"Gremlin Gang","floor":11,"turns":8},{"damage":10,"enemies":"3 Louse","floor":12,"turns":4},{"damage":13,"enemies":"Large Slime","floor":13,"turns":8},{"damage":17,"enemies":"Hexaghost","floor":16,"turns":9},{"damage":11,"enemies":"3 Byrds","floor":18,"turns":6},{"damage":22,"enemies":"2 Thieves","floor":21,"turns":4},{"damage":17,"enemies":"Cultist and Chosen","floor":24,"turns":8},{"damage":11,"enemies":"Book of Stabbing","floor":27,"turns":6},{"damage":19,"enemies":"Sentry and Sphere","floor":30,"turns":7},{"damage":6,"enemies":"Champ","floor":33,"turns":9},{"damage":8,"enemies":"3 Darklings","floor":35,"turns":7},{"damage":4,"enemies":"Orb Walker","floor":36,"turns":4},{"damage":36,"enemies":"3 Darklings","floor":37,"turns":6},{"damage":19,"enemies":"4 Shapes","floor":39,"turns":7},{"damage":37,"enemies":"Maw","floor":41,"turns":7},{"damage":31,"enemies":"3 Darklings","floor":42,"turns":5},{"damage":13,"enemies":"Sphere and 2 Shapes","floor":45,"turns":7},{"damage":5,"enemies":"Maw","floor":47,"turns":8},{"damage":96,"enemies":"Donu and Deca","floor":50,"turns":7}],"event_choices":[{"event_name":"Living Wall","player_choice":"Forget","floor":3,"damage_taken":0},{"event_name":"Scrap Ooze","player_choice":"success","floor":4,"damage_taken":33},{"event_name":"The Cleric","player_choice":"Healed","floor":14,"damage_taken":0},{"event_name":"Transmorgrifier","player_choice":"Transform","floor":19,"damage_taken":0},{"event_name":"The Library","player_choice":"Read","floor":20,"damage_taken":0},{"event_name":"Back to Basics","player_choice":"Simplicity","floor":28,"damage_taken":0},{"event_name":"Drug Dealer","player_choice":"Ignored","floor":31,"damage_taken":0},{"event_name":"Wheel of Change","player_choice":"Curse","floor":38,"damage_taken":0},{"event_name":"Tomb of Lord Red Mask","player_choice":"Paid","floor":48,"damage_taken":0}],"boss_relics":[{"not_picked":["Lizard Tail","Runic Cube"],"picked":"Velvet Choker"},{"not_picked":["White Beast Statue","Mark of Pain"],"picked":"Black Blood"}],"potions_floor_spawned":[10,12,13,24,27,30,33,35,37,45,47],"seed_played":"8111969951588122827","killed_by":"Donu and Deca","ascension_level":0,"is_trial":false}