{"path_per_floor":["M","M","?","?","?","R","M","R","T","R","M","M","M","$","R","B",null,"M","?","?","$","?","R","M","M","T","M","R","T","M","M","R","B",null,"M","M","M","?","$","R","M","?","T","R","M","M","M","M","R","B"],"character_chosen":"IRONCLAD","items_purchased":["Inflame","True Grit"],"gold_per_floor":[109,123,123,123,73,73,88,88,88,88,103,113,130,18,18,113,113,123,123,123,23,23,23,36,53,53,63,63,63,81,100,100,200,200,216,231,251,251,100,100,115,115,115,115,134,144,162,172,172,172],"floor_reached":51,"campfire_rested":2,"playtime":2634,"current_hp_per_floor":[71,71,71,76,76,76,80,80,80,80,85,85,85,85,85,44,75,65,49,49,49,49,49,55,53,53,59,59,59,62,66,66,15,68,73,47,22,22,22,47,46,46,46,46,45,18,24,12,37,29],"items_purged":["Strike_R","Strike_R","Strike_R"],"gold":172,"score":695,"play_id":"3744bd77-7060-4e40-894c-84af8d44666c","is_prod":false,"is_daily":false,"is_ascension_mode":true,"campfire_upgraded":8,"path_taken":["M","M","?","?","?","R","M","R","T","R","M","M","M","?","R","BOSS","M","?","?","$","?","R","M","M","T","M","R","?","?","M","R","BOSS","M","M","M","?","$","R","?","?","T","R","M","M","M","?","R","BOSS"],"build_version":"2018-02-22-PROD2","purchased_purges":3,"victory":true,"master_deck":["Strike_R","Defend_R","Defend_R","Defend_R+1","Bash+1","Bludgeon+1","Twin Strike","Iron Wave+1","Iron Wave+1","Headbutt+1","Inflame+1","Demon Form+1","Heavy Blade+1","Necronomicurse","Metallicize+1","Body Slam+1","Clothesline+1","Iron Wave+1","Battle Trance+1","True Grit+1","True Grit+1","Sentinel","Heavy Blade+1"],"max_hp_per_floor":[80,80,80,85,85,85,85,85,85,85,85,85,85,85,85,85,85,85,85,85,85,85,85,85,85,85,85,85,85,85,85,85,85,85,85,85,85,85,85,85,85,85,85,85,85,85,85,85,85,85],"relics":["Burning Blood","Bag of Preparation","Molten Egg 2","Cursed Key","Necronomicon","Sozu"],"card_choices":[{"not_picked":["Thunderclap","Havoc"],"picked":"Bludgeon"},{"not_picked":["Thunderclap","Blood for Blood"],"picked":"Iron Wave"},{"not_picked":["Clash","Wild Strike"],"picked":"Iron Wave"},{"not_picked":["Perfected Strike","Warcry"],"picked":"Headbutt"},{"not_picked":["Feed","Berserk"],"picked":"Demon Form"},{"not_picked":["Warcry","Disarm"],"picked":"Heavy Blade"},{"not_picked":["Rampage","Hemokinesis"],"picked":"Body Slam"},{"not_picked":["Wild Strike","Clash"],"picked":"Clothesline"},{"not_picked":["Power Through","Thunderclap"],"picked":"Iron Wave"},{"not_picked":["Clothesline","Armaments"],"picked":"Battle Trance"},{"not_picked":["Headbutt","Metallicize"],"picked":"True Grit"},{"not_picked":["Twin Strike","Flex"],"picked":"Sentinel"},{"not_picked":["Entrench","Clash"],"picked":"Heavy Blade"}],"player_experience":158252,"potions_floor_usage":[16,18,50,50,50],"damage_taken":[{"damage":7,"enemies":"2 Louse","floor":1,"turns":4},{"damage":6,"enemies":"Cultist","floor":2,"turns":4},{"damage":2,"enemies":"Jaw Worm","floor":7,"turns":2},{"damage":0,"enemies":"2 Fungi Beasts","floor":11,"turns":3},{"damage":0,"enemies":"Blue Slaver","floor":12,"turns":3},{"damage":2,"enemies":"3 Louse","floor":13,"turns":3},{"damage":47,"enemies":"Hexaghost","floor":16,"turns":7},{"damage":16,"enemies":"Shell Parasite","floor":18,"turns":4},{"damage":0,"enemies":"Chosen","floor":24,"turns":3},{"damage":8,"enemies":"Slaver and Parasite","floor":25,"turns":4},{"damage":0,"enemies":"Snake Plant","floor":27,"turns":1},{"damage":3,"enemies":"3 Cultists","floor":30,"turns":5},{"damage":2,"enemies":"Chosen and Byrds","floor":31,"turns":4},{"damage":57,"enemies":"Champ","floor":33,"turns":7},{"damage":1,"enemies":"3 Shapes","floor":35,"turns":7},{"damage":32,"enemies":"3 Darklings","floor":36,"turns":4},{"damage":31,"enemies":"Maw","floor":37,"turns":5},{"damage":7,"enemies":"Sphere and 2 Shapes","floor":41,"turns":4},{"damage":7,"enemies":"3 Darklings","floor":45,"turns":4},{"damage":33,"enemies":"Maw","floor":46,"turns":5},{"damage":0,"enemies":"Sphere and 2 Shapes","floor":47,"turns":3},{"damage":18,"enemies":"3 Darklings","floor":48,"turns":4},{"damage":14,"enemies":"Time Eater","floor":50,"turns":7}],"event_choices":[{"event_name":"Match and Keep!","player_choice":"1 cards matched","floor":3,"damage_taken":0},{"event_name":"Big Fish","player_choice":"Donut","floor":4,"damage_taken":0},{"event_name":"The Cleric","player_choice":"Card Removal","floor":5,"damage_taken":0},{"event_name":"Cursed Tome","player_choice":"Obtained Book","floor":19,"damage_taken":0},{"event_name":"Match and Keep!","player_choice":"1 cards matched","floor":20,"damage_taken":0},{"event_name":"Drug Dealer","player_choice":"Ignored","floor":22,"damage_taken":0},{"event_name":"Tomb of Lord Red Mask","player_choice":"Ignored","floor":38,"damage_taken":0}],"boss_relics":[{"not_picked":["Astrolabe","Snecko Eye"],"picked":"Cursed Key"},{"not_picked":["Mark of Pain","Runic Pyramid"],"picked":"Sozu"}],"potions_floor_spawned":[7,16,18,27,33,37,41,47],"seed_played":"3853426222308441947","ascension_level":9,"is_trial":false}