{"gold_per_floor":[20,40,55,75,95,95,126,76,76,76,76,76,94,94,94,94],"floor_reached":16,"playtime":466,"items_purged":["Strike_R"],"score":204,"play_id":"131806b3-db90-4b73-9b7d-dd21417e51cd","local_time":"20190501174031","is_ascension_mode":true,"campfire_choices":[{"data":"Bash","floor":6.0,"key":"SMITH"},{"floor":11,"key":"REST"},{"data":"True Grit","floor":15,"key":"SMITH"}],"neow_cost":"NO_GOLD","seed_source_timestamp":34523107432908,"circlet_count":0,"master_deck":["AscendersBane","Strike_R","Strike_R","Strike_R","Defend_R","Defend_R","Defend_R","Defend_R","Bash+1","Offering+1","Feel No Pain","Armaments+1","True Grit+1","Havoc","Corruption","Spot Weakness","Metallicize","Pain"],"special_seed":0,"relics":["Burning Blood","Smiling Mask","WarpedTongs"],"potions_floor_usage":[7,13,16],"damage_taken":[{"damage":7.0,"enemies":"Cultist","floor":1.0,"turns":3.0},{"damage":11.0,"enemies":"Small Slimes","floor":2.0,"turns":3.0},{"damage":7.0,"enemies":"Jaw Worm","floor":3.0,"turns":5.0},{"damage":0.0,"enemies":"Gremlin Gang","floor":4.0,"turns":4.0},{"damage":6.0,"enemies":"2 Fungi Beasts","floor":5.0,"turns":5.0},{"damage":26,"enemies":"Lagavulin","floor":7,"turns":9},{"damage":7,"enemies":"Red Slaver","floor":13,"turns":3},{"damage":50,"enemies":"Slime Boss","floor":16,"turns":11}],"seed_played":"-3971672245640404352","potions_obtained":[{"floor":1.0,"key":"Swift Potion"},{"floor":3.0,"key":"Explosive Potion"},{"floor":4.0,"key":"Fruit Juice"},{"floor":7,"key":"SteroidPotion"},{"floor":13,"key":"Poison Potion"}],"is_trial":false,"path_per_floor":["M","M","M","M","M","R","E","$","T","?","R","?","M","?","R","B"],"character_chosen":"IRONCLAD","items_purchased":[],"campfire_rested":1,"item_purchase_floors":[],"current_hp_per_floor":[67,62,61,67,67,67,47,47,47,24,46,46,50,50,50,0],"gold":94,"neow_bonus":"THREE_RARE_CARDS","is_prod":false,"is_daily":false,"chose_seed":false,"campfire_upgraded":2,"win_rate":0,"timestamp":1556757631,"path_taken":["M","?","M","M","M","R","E","$","T","?","R","?","?","?","R","BOSS"],"build_version":"2019-04-23","purchased_purges":1,"victory":false,"max_hp_per_floor":[75,75,75,75,75,75,75,75,75,75,75,75,80,80,80,80],"card_choices":[{"not_picked":["Impervious","Limit Break"],"picked":"Offering","floor":0.0},{"not_picked":["Havoc","Metallicize"],"picked":"Feel No Pain","floor":1.0},{"not_picked":["Cleave","Entrench"],"picked":"Armaments","floor":2.0},{"not_picked":["Cleave","Dual Wield"],"picked":"True Grit","floor":3.0},{"not_picked":["Rupture","Heavy Blade"],"picked":"Havoc","floor":4.0},{"not_picked":["Hemokinesis","Fire Breathing"],"picked":"Corruption","floor":5.0},{"not_picked":["Anger","Double Tap"],"picked":"Spot Weakness","floor":7},{"not_picked":["Bloodletting","Flex"],"picked":"Metallicize","floor":13}],"player_experience":1203615,"relics_obtained":[{"floor":7,"key":"Smiling Mask"}],"event_choices":[{"damage_healed":0,"gold_gain":0,"player_choice":"Entered Light","damage_taken":23,"max_hp_gain":0,"max_hp_loss":0,"event_name":"Shining Light","floor":10,"gold_loss":0,"cards_upgraded":["Armaments","Offering"]},{"cards_removed":["Strike_R"],"damage_healed":0,"gold_gain":0,"player_choice":"Purged","damage_taken":0,"max_hp_gain":0,"max_hp_loss":0,"event_name":"Purifier","floor":12,"gold_loss":0},{"damage_healed":0,"gold_gain":0,"player_choice":"Rummage","damage_taken":0,"relics_obtained":["WarpedTongs"],"max_hp_gain":0,"max_hp_loss":0,"event_name":"Accursed Blacksmith","floor":14,"gold_loss":0,"cards_obtained":["Pain"]}],"is_beta":true,"boss_relics":[],"items_purged_floors":[8],"is_endless":false,"potions_floor_spawned":[1,3,4,7,13],"killed_by":"Slime Boss","ascension_level":20}