{"gold_per_floor":[118,268,193,209,128,160,160,195,195,215,215,235,235,245,245,323,323,335,335,348,47,47,47,47],"floor_reached":24,"playtime":657,"items_purged":["Doubt"],"score":483,"play_id":"02807edb-f1a3-43c4-a66c-32b3a5596e4c","local_time":"20190406234712","is_ascension_mode":true,"campfire_choices":[{"data":"Neutralize","floor":7,"key":"SMITH"},{"data":"Cloak And Dagger","floor":11,"key":"SMITH"},{"floor":13,"key":"REST"},{"floor":15,"key":"REST"},{"data":"Bite","floor":23,"key":"PURGE"}],"neow_cost":"NONE","seed_source_timestamp":131130123301405,"circlet_count":0,"master_deck":["AscendersBane","Defend_G","Defend_G","Defend_G","Defend_G","Defend_G","Survivor","Neutralize+1","Dagger Spray","Dagger Throw","After Image","Flying Knee","Quick Slash","Cloak And Dagger+1","Corpse Explosion","Adrenaline","Accuracy+1","Sucker Punch","Leg Sweep","Bite","Bite","Bite","Bite"],"relics":["Ring of the Snake","NeowsBlessing","Peace Pipe","Pantograph","Frozen Egg 2","Snecko Eye","OrangePellets"],"potions_floor_usage":[8,16,16,20],"damage_taken":[{"damage":0,"enemies":"2 Louse","floor":1,"turns":1},{"damage":0,"enemies":"Jaw Worm","floor":4,"turns":1},{"damage":0,"enemies":"Gremlin Nob","floor":6,"turns":1},{"damage":17,"enemies":"3 Sentries","floor":8,"turns":8},{"damage":3,"enemies":"Small Slimes","floor":10,"turns":3},{"damage":14,"enemies":"Exordium Wildlife","floor":12,"turns":6},{"damage":6,"enemies":"Large Slime","floor":14,"turns":6},{"damage":40,"enemies":"Slime Boss","floor":16,"turns":8},{"damage":13,"enemies":"Shell Parasite","floor":18,"turns":8},{"damage":8,"enemies":"2 Thieves","floor":20,"turns":3},{"damage":53,"enemies":"Book of Stabbing","floor":24,"turns":7}],"seed_played":"-4085469780651972270","potions_obtained":[{"floor":6,"key":"SkillPotion"},{"floor":8,"key":"Strength Potion"},{"floor":12,"key":"PowerPotion"},{"floor":18,"key":"Block Potion"}],"is_trial":false,"path_per_floor":["M","?","$","M","$","E","R","E","T","M","R","M","R","M","R","B",null,"M","?","M","$","?","R","E"],"character_chosen":"THE_SILENT","items_purchased":["After Image","Leg Sweep","OrangePellets"],"campfire_rested":2,"item_purchase_floors":[5,21,21],"current_hp_per_floor":[59,59,59,59,59,59,59,42,42,39,39,25,44,38,57,26,56,43,43,35,35,35,35,0],"gold":47,"neow_bonus":"THREE_ENEMY_KILL","is_prod":false,"is_daily":false,"chose_seed":false,"campfire_upgraded":2,"win_rate":0,"timestamp":1554619632,"path_taken":["M","?","$","M","$","E","R","E","T","M","R","M","R","M","R","BOSS","M","?","M","$","?","R","E"],"build_version":"2019-04-04","purchased_purges":1,"victory":false,"max_hp_per_floor":[66,66,66,66,66,66,66,66,66,66,66,66,66,66,66,66,66,66,66,66,66,46,46,46],"card_choices":[{"not_picked":["Cloak And Dagger","Catalyst"],"picked":"Dagger Spray","floor":1},{"not_picked":["Outmaneuver","Deflect"],"picked":"Dagger Throw","floor":4},{"not_picked":["Deflect","Sucker Punch"],"picked":"Flying Knee","floor":6},{"not_picked":["Deadly Poison","Dagger Throw"],"picked":"Quick Slash","floor":8},{"not_picked":["Poisoned Stab","Dagger Throw"],"picked":"Cloak And Dagger","floor":10},{"not_picked":["Underhanded Strike","Sucker Punch","Dagger Spray"],"picked":"SKIP","floor":12},{"not_picked":["Cloak And Dagger","Catalyst"],"picked":"Corpse Explosion","floor":14},{"not_picked":["Doppelganger","Phantasmal Killer"],"picked":"Adrenaline","floor":16},{"not_picked":["Quick Slash+1","Backstab","Flying Knee"],"picked":"SKIP","floor":18},{"not_picked":["All Out Attack","Tactician","Flechettes"],"picked":"SKIP","floor":20}],"player_experience":1180127,"relics_obtained":[{"floor":6,"key":"Peace Pipe"},{"floor":8,"key":"Pantograph"},{"floor":9,"key":"Frozen Egg 2"}],"event_choices":[{"damage_healed":0,"gold_gain":150,"player_choice":"AGREE","damage_taken":0,"max_hp_gain":0,"max_hp_loss":0,"event_name":"Liars Game","floor":2,"gold_loss":0,"cards_obtained":["Doubt"]},{"damage_healed":0,"gold_gain":0,"cards_transformed":["Strike_G","Strike_G"],"player_choice":"Became Test Subject","damage_taken":0,"max_hp_gain":0,"max_hp_loss":0,"event_name":"Drug Dealer","floor":19,"gold_loss":0,"cards_obtained":["Accuracy","Sucker Punch"]},{"damage_healed":0,"gold_gain":0,"player_choice":"Became a vampire","damage_taken":0,"max_hp_gain":0,"max_hp_loss":20,"event_name":"Vampires","floor":22,"gold_loss":0,"cards_obtained":["Bite","Bite","Bite","Bite","Bite"]}],"is_beta":true,"boss_relics":[{"not_picked":["Astrolabe","WristBlade"],"picked":"Snecko Eye"}],"items_purged_floors":[3],"is_endless":false,"potions_floor_spawned":[6,8,12,18],"killed_by":"Book of Stabbing","ascension_level":20}