{"gold_per_floor":[115,130,150,75,95,122,122,156,156,156,156,156,182,199,199,275,275,200,210,260,270,84,84,102,102],"floor_reached":25,"playtime":1110,"items_purged":["Strike_R","Strike_R"],"score":387,"play_id":"e31c88ef-3a81-46bd-b47f-2860901e872f","local_time":"20190406005147","is_ascension_mode":true,"campfire_choices":[{"data":"Clothesline","floor":7,"key":"SMITH"},{"floor":12,"key":"REST"},{"data":"Limit Break","floor":15,"key":"SMITH"},{"floor":23,"key":"REST"}],"neow_cost":"NONE","seed_source_timestamp":13203573587526,"circlet_count":0,"master_deck":["AscendersBane","Strike_R","Strike_R","Defend_R","Defend_R","Defend_R+1","Defend_R","Bash+1","Clothesline+1","Metallicize","Ghostly Armor","Twin Strike","Battle Trance","Limit Break+1","Spot Weakness","Cleave","Impervious","Heavy Blade","Shockwave","Finesse","Armaments"],"relics":["Black Blood","Magic Flower","Boot","Bottled Lightning","Dead Branch"],"potions_floor_usage":[13,16],"damage_taken":[{"damage":1,"enemies":"Cultist","floor":1,"turns":4},{"damage":7,"enemies":"Jaw Worm","floor":2,"turns":3},{"damage":5,"enemies":"Small Slimes","floor":3,"turns":4},{"damage":8,"enemies":"Exordium Thugs","floor":5,"turns":6},{"damage":39,"enemies":"Lagavulin","floor":6,"turns":10},{"damage":11,"enemies":"Gremlin Nob","floor":8,"turns":6},{"damage":18,"enemies":"3 Sentries","floor":13,"turns":10},{"damage":0,"enemies":"Looter","floor":14,"turns":4},{"damage":13,"enemies":"Slime Boss","floor":16,"turns":9},{"damage":14,"enemies":"2 Thieves","floor":18,"turns":5},{"damage":9,"enemies":"Shell Parasite","floor":19,"turns":6},{"damage":56,"enemies":"Sentry and Sphere","floor":21,"turns":8},{"damage":26,"enemies":"Snake Plant","floor":24,"turns":5},{"damage":47,"enemies":"3 Cultists","floor":25,"turns":6}],"seed_played":"8068888024433785629","potions_obtained":[{"floor":1,"key":"Strength Potion"},{"floor":6,"key":"AttackPotion"},{"floor":13,"key":"SteroidPotion"},{"floor":16,"key":"Poison Potion"}],"is_trial":false,"path_per_floor":["M","M","M","$","M","E","R","E","T","?","?","R","E","M","R","B",null,"M","M","?","M","$","R","M","M"],"character_chosen":"IRONCLAD","items_purchased":["Finesse"],"campfire_rested":2,"item_purchase_floors":[22],"current_hp_per_floor":[73,72,73,73,71,38,38,36,36,13,13,35,26,35,35,31,64,65,71,71,30,30,52,41,0],"gold":102,"neow_bonus":"REMOVE_CARD","is_prod":false,"is_daily":false,"chose_seed":false,"campfire_upgraded":2,"win_rate":0,"timestamp":1554504707,"path_taken":["M","M","M","$","M","E","R","E","T","?","?","R","E","M","R","BOSS","M","M","?","M","$","R","M","M"],"build_version":"2019-01-23","purchased_purges":2,"victory":false,"max_hp_per_floor":[75,75,75,75,75,75,75,75,75,75,75,75,75,75,75,75,75,75,75,75,75,75,75,75,75],"card_choices":[{"not_picked":["Pummel","Thunderclap"],"picked":"Clothesline","floor":1},{"not_picked":["Clash","Entrench"],"picked":"Metallicize","floor":2},{"not_picked":["Heavy Blade","Bloodletting"],"picked":"Ghostly Armor","floor":3},{"not_picked":["Seeing Red","Battle Trance"],"picked":"Twin Strike","floor":5},{"not_picked":["Thunderclap","Burning Pact"],"picked":"Battle Trance","floor":6},{"not_picked":["Feel No Pain","Infernal Blade"],"picked":"Limit Break","floor":8},{"not_picked":["Headbutt","Twin Strike"],"picked":"Spot Weakness","floor":13},{"not_picked":["Thunderclap","Battle Trance"],"picked":"Cleave","floor":14},{"not_picked":["Immolate","Limit Break"],"picked":"Impervious","floor":16},{"not_picked":["Power Through","True Grit"],"picked":"Heavy Blade","floor":18},{"not_picked":["Rage","Pummel+1","Fire Breathing"],"picked":"SKIP","floor":19},{"not_picked":["Perfected Strike","Iron Wave"],"picked":"Shockwave","floor":21},{"not_picked":["Dropkick","Burning Pact"],"picked":"Armaments","floor":24}],"player_experience":463926,"relics_obtained":[{"floor":6,"key":"Magic Flower"},{"floor":8,"key":"Boot"},{"floor":9,"key":"Bottled Lightning"},{"floor":13,"key":"Dead Branch"}],"event_choices":[{"damage_healed":0,"gold_gain":0,"player_choice":"Entered Light","damage_taken":23,"max_hp_gain":0,"max_hp_loss":0,"event_name":"Shining Light","floor":10,"gold_loss":0,"cards_upgraded":["Defend_R","Bash"]},{"damage_healed":0,"gold_gain":0,"player_choice":"Searched \u00270\u0027 times","damage_taken":0,"max_hp_gain":0,"max_hp_loss":0,"event_name":"Dead Adventurer","floor":11,"gold_loss":0},{"damage_healed":0,"gold_gain":50,"player_choice":"Pray","damage_taken":0,"max_hp_gain":0,"max_hp_loss":0,"event_name":"Golden Shrine","floor":20,"gold_loss":0}],"is_beta":false,"boss_relics":[{"not_picked":["Eternal Feather","Runic Pyramid"],"picked":"Black Blood"}],"items_purged_floors":[4,22],"is_endless":false,"potions_floor_spawned":[1,6,13,16,24],"killed_by":"3 Cultists","ascension_level":15}