{"gold_per_floor":[117,127,143,154,79,112,112,131,154,154,173,173,201,211,211,315,315,332,332,332,76,76,76,92,92],"floor_reached":25,"playtime":1341,"items_purged":["Strike_B","Strike_B"],"score":256,"play_id":"49d240f5-9db5-42a8-a767-1b32f7612e53","local_time":"20190222231557","is_ascension_mode":true,"campfire_choices":[{"data":"Zap","floor":7,"key":"SMITH"},{"data":"Dualcast","floor":10,"key":"SMITH"},{"floor":15,"key":"REST"},{"data":"Conserve Battery","floor":23,"key":"SMITH"}],"neow_cost":"NONE","seed_source_timestamp":21958819768347656,"circlet_count":0,"master_deck":["Strike_B","Strike_B","Defend_B","Defend_B","Defend_B","Defend_B","Zap+1","Dualcast+1","Streamline","Streamline","Self Repair","Conserve Battery+1","Ball Lightning","Rip and Tear","Cold Snap","Creative AI","Seek","Leap","Reinforced Body"],"relics":["White Beast Statue","Dodecahedron","Centennial Puzzle","Omamori","Sozu","Oddly Smooth Stone","DataDisk","Gremlin Horn"],"potions_floor_usage":[1,6,8,11,13,13,16,16],"damage_taken":[{"damage":6,"enemies":"Small Slimes","floor":1,"turns":5},{"damage":8,"enemies":"Jaw Worm","floor":2,"turns":5},{"damage":6,"enemies":"2 Louse","floor":3,"turns":2},{"damage":12,"enemies":"Looter","floor":4,"turns":3},{"damage":33,"enemies":"Lagavulin","floor":6,"turns":6},{"damage":0,"enemies":"Gremlin Gang","floor":8,"turns":2},{"damage":14,"enemies":"Red Slaver","floor":11,"turns":2},{"damage":1,"enemies":"3 Sentries","floor":13,"turns":5},{"damage":11,"enemies":"Looter","floor":14,"turns":2},{"damage":39,"enemies":"Slime Boss","floor":16,"turns":10},{"damage":4,"enemies":"3 Byrds","floor":18,"turns":6},{"damage":11,"enemies":"Spheric Guardian","floor":24,"turns":6},{"damage":65,"enemies":"Slavers","floor":25,"turns":4}],"seed_played":"5045212739513362788","potions_obtained":[{"floor":1,"key":"Fruit Juice"},{"floor":2,"key":"Weak Potion"},{"floor":3,"key":"FearPotion"},{"floor":4,"key":"Weak Potion"},{"floor":6,"key":"Explosive Potion"},{"floor":8,"key":"Regen Potion"},{"floor":11,"key":"SkillPotion"},{"floor":13,"key":"Dexterity Potion"},{"floor":14,"key":"Fire Potion"},{"floor":16,"key":"Dexterity Potion"}],"is_trial":false,"path_per_floor":["M","M","M","M","$","E","R","M","T","R","M","?","E","M","R","B",null,"M","?","?","$","?","R","M","E"],"character_chosen":"DEFECT","items_purchased":["DataDisk"],"campfire_rested":1,"item_purchase_floors":[21],"current_hp_per_floor":[74,66,60,55,55,29,29,29,29,29,15,15,35,31,55,23,80,80,65,65,65,65,65,61,0],"gold":92,"neow_bonus":"BOSS_RELIC","is_prod":false,"is_daily":false,"chose_seed":false,"campfire_upgraded":3,"win_rate":0,"timestamp":1550873757,"path_taken":["M","M","M","M","$","E","R","M","T","R","M","?","E","M","R","BOSS","M","?","?","$","?","R","M","E"],"build_version":"2019-01-23","purchased_purges":2,"victory":false,"max_hp_per_floor":[80,80,80,80,80,80,80,80,80,80,80,80,80,80,80,80,80,80,85,85,85,85,85,85,85],"card_choices":[{"not_picked":["Sweeping Beam","Hologram"],"picked":"Streamline","floor":1},{"not_picked":["Gash","Stack"],"picked":"Streamline","floor":2},{"not_picked":["Recycle","Leap"],"picked":"Self Repair","floor":3},{"not_picked":["Storm","Gash"],"picked":"Conserve Battery","floor":4},{"not_picked":["Fusion","Steam"],"picked":"Ball Lightning","floor":6},{"not_picked":["Darkness","Turbo"],"picked":"Rip and Tear","floor":8},{"not_picked":["Beam Cell","Turbo","Barrage"],"picked":"SKIP","floor":11},{"not_picked":["Redo","White Noise"],"picked":"Cold Snap","floor":13},{"not_picked":["Sweeping Beam","Turbo"],"picked":"Creative AI","floor":14},{"not_picked":["Amplify","Reboot"],"picked":"Seek","floor":16},{"not_picked":["Skim+1","Steam"],"picked":"Leap","floor":18},{"not_picked":["Auto Shields","Rebound"],"picked":"Reinforced Body","floor":24}],"player_experience":341545,"relics_obtained":[{"floor":6,"key":"Dodecahedron"},{"floor":9,"key":"Centennial Puzzle"},{"floor":13,"key":"Omamori"}],"event_choices":[{"damage_healed":0,"gold_gain":0,"player_choice":"Ignored","damage_taken":0,"max_hp_gain":0,"max_hp_loss":0,"event_name":"Liars Game","floor":12,"gold_loss":0},{"damage_healed":0,"gold_gain":0,"player_choice":"Shed Blood","damage_taken":20,"max_hp_gain":5,"max_hp_loss":0,"event_name":"Forgotten Altar","floor":19,"gold_loss":0},{"damage_healed":0,"gold_gain":0,"player_choice":"Stole Relic","damage_taken":0,"relics_obtained":["Oddly Smooth Stone"],"max_hp_gain":0,"max_hp_loss":0,"event_name":"Addict","floor":20,"gold_loss":0,"cards_obtained":["Shame"]},{"damage_healed":0,"gold_gain":0,"player_choice":"Opened","damage_taken":0,"relics_obtained":["Gremlin Horn"],"max_hp_gain":0,"max_hp_loss":0,"event_name":"The Mausoleum","floor":22,"gold_loss":0}],"is_beta":false,"boss_relics":[{"not_picked":["Busted Crown","Orrery"],"picked":"Sozu"}],"items_purged_floors":[5,21],"is_endless":false,"potions_floor_spawned":[1,2,3,4,6,8,11,13,14,16,18,24],"killed_by":"Slavers","ascension_level":4}