{"gold_per_floor":[118,134,134,148,30,30,61,74,74,74,84,97,116,131,131,131],"floor_reached":16,"playtime":633,"items_purged":["Strike_G"],"score":212,"play_id":"0f686baf-c1c7-4f31-a815-45c36b5e1c41","local_time":"20190508154149","is_ascension_mode":true,"campfire_choices":[{"data":"Neutralize","floor":6,"key":"SMITH"},{"floor":15,"key":"REST"}],"neow_cost":"NONE","seed_source_timestamp":2313145520593350,"circlet_count":0,"master_deck":["AscendersBane","Defend_G","Defend_G","Defend_G","Defend_G","Defend_G","Strike_G","Strike_G","Survivor","Neutralize+1","Storm of Steel","Dagger Spray","Flying Knee","Backflip","Predator","Terror","After Image","Heel Hook","Dodge and Roll","Backflip","Caltrops"],"relics":["Ring of the Snake","Tingsha","Darkstone Periapt"],"potions_floor_usage":[11,16],"damage_taken":[{"damage":6,"enemies":"2 Louse","floor":1,"turns":3},{"damage":0,"enemies":"Small Slimes","floor":2,"turns":2},{"damage":1,"enemies":"Cultist","floor":4,"turns":3},{"damage":19,"enemies":"Gremlin Nob","floor":7,"turns":4},{"damage":11,"enemies":"Gremlin Gang","floor":8,"turns":4},{"damage":8,"enemies":"Lots of Slimes","floor":11,"turns":3},{"damage":0,"enemies":"Blue Slaver","floor":12,"turns":5},{"damage":5,"enemies":"Gremlin Gang","floor":13,"turns":4},{"damage":0,"enemies":"Looter","floor":14,"turns":1},{"damage":52,"enemies":"Slime Boss","floor":16,"turns":10}],"seed_played":"9139720044012942531","potions_obtained":[{"floor":1,"key":"Regen Potion"},{"floor":4,"key":"FairyPotion"},{"floor":12,"key":"SteroidPotion"}],"is_trial":false,"path_per_floor":["M","M","?","M","$","R","E","M","T","?","M","M","M","M","R","B"],"character_chosen":"THE_SILENT","items_purchased":["Predator"],"campfire_rested":1,"item_purchase_floors":[5],"current_hp_per_floor":[53,53,53,52,52,52,33,22,22,22,23,23,18,18,37,0],"gold":131,"neow_bonus":"ONE_RANDOM_RARE_CARD","is_prod":false,"is_daily":false,"chose_seed":false,"campfire_upgraded":1,"win_rate":0,"timestamp":1557322909,"path_taken":["M","M","?","M","$","R","E","M","T","?","?","?","M","M","R","BOSS"],"build_version":"2019-01-23","purchased_purges":1,"victory":false,"max_hp_per_floor":[66,66,66,66,66,66,66,66,66,66,66,66,66,66,66,66],"card_choices":[{"not_picked":["Accuracy","Prepared"],"picked":"Dagger Spray","floor":1},{"not_picked":["Dagger Throw","Quick Slash"],"picked":"Flying Knee","floor":2},{"not_picked":["Dagger Throw","Deflect"],"picked":"Backflip","floor":4},{"not_picked":["Deadly Poison","Acrobatics"],"picked":"Terror","floor":7},{"not_picked":["Endless Agony","Deflect"],"picked":"After Image","floor":8},{"not_picked":["Tactician","Outmaneuver","Blade Dance"],"picked":"SKIP","floor":11},{"not_picked":["Underhanded Strike","Tactician"],"picked":"Dodge and Roll","floor":12},{"not_picked":["Terror","Dagger Throw"],"picked":"Backflip","floor":13},{"not_picked":["Flying Knee","Dagger Spray"],"picked":"Caltrops","floor":14}],"player_experience":552855,"relics_obtained":[{"floor":7,"key":"Tingsha"},{"floor":9,"key":"Darkstone Periapt"}],"event_choices":[{"cards_removed":["Strike_G"],"damage_healed":0,"gold_gain":0,"player_choice":"Forget","damage_taken":0,"max_hp_gain":0,"max_hp_loss":0,"event_name":"Living Wall","floor":3,"gold_loss":0},{"damage_healed":0,"gold_gain":0,"cards_transformed":["Strike_G"],"player_choice":"Transformed","damage_taken":0,"max_hp_gain":0,"max_hp_loss":0,"event_name":"Transmorgrifier","floor":10,"gold_loss":0,"cards_obtained":["Heel Hook"]}],"is_beta":false,"boss_relics":[],"items_purged_floors":[5],"is_endless":false,"potions_floor_spawned":[1,4,7,12],"killed_by":"Slime Boss","ascension_level":20}