{"gold_per_floor":[114,114,131,145,159,159,190,190,239,258,268,22,54,91,91,207,207,245,257,272,371,388,388,415,415,415,64,64,64,64],"floor_reached":30,"playtime":1197,"items_purged":["Strike_R","Strike_R"],"score":262,"play_id":"ef96bf60-5c41-4c52-9208-d87d617c02d4","local_time":"20190606183045","is_ascension_mode":false,"campfire_choices":[{"data":"Bash","floor":6.0,"key":"SMITH"},{"data":"Whirlwind","floor":8.0,"key":"SMITH"},{"floor":15.0,"key":"REST"},{"data":"Demon Form","floor":23.0,"key":"SMITH"},{"floor":25.0,"key":"REST"},{"data":"Panacea","floor":28.0,"key":"SMITH"},{"data":"HandOfGreed","floor":29.0,"key":"SMITH"}],"neow_cost":"NONE","seed_source_timestamp":11703067972040,"circlet_count":0,"master_deck":["Strike_R","Strike_R","Strike_R","Defend_R","Defend_R","Defend_R","Defend_R","Bash+1","Battle Trance","Whirlwind+1","Sword Boomerang","Cleave","Battle Trance","Anger","Spot Weakness","HandOfGreed+1","Spot Weakness","Feel No Pain","Demon Form+1","Heavy Blade","Rampage","Inflame","Dual Wield","Panacea+1"],"special_seed":0,"relics":["Burning Blood","Blue Candle","Centennial Puzzle","Omamori","Mark of Pain","WingedGreaves","Ginger","Lantern"],"potions_floor_usage":[],"damage_taken":[{"damage":0.0,"enemies":"Small Slimes","floor":1.0,"turns":3.0},{"damage":6.0,"enemies":"Cultist","floor":3.0,"turns":3.0},{"damage":0.0,"enemies":"2 Louse","floor":4.0,"turns":1.0},{"damage":20.0,"enemies":"Exordium Thugs","floor":5.0,"turns":5.0},{"damage":45.0,"enemies":"Lagavulin","floor":7.0,"turns":6.0},{"damage":23.0,"enemies":"Exordium Wildlife","floor":10.0,"turns":4.0},{"damage":1.0,"enemies":"Large Slime","floor":11.0,"turns":4.0},{"damage":5.0,"enemies":"Gremlin Nob","floor":13.0,"turns":3.0},{"damage":21.0,"enemies":"Exordium Thugs","floor":14.0,"turns":5.0},{"damage":10.0,"enemies":"Slime Boss","floor":16.0,"turns":7.0},{"damage":13.0,"enemies":"Shell Parasite","floor":18.0,"turns":3.0},{"damage":13.0,"enemies":"Chosen","floor":19.0,"turns":5.0},{"damage":13.0,"enemies":"Snecko","floor":20.0,"turns":4.0},{"damage":32.0,"enemies":"Cultist and Chosen","floor":22.0,"turns":5.0},{"damage":51.0,"enemies":"Gremlin Leader","floor":24.0,"turns":4.0},{"damage":37,"enemies":"Snake Plant","floor":30,"turns":2}],"seed_played":"2190550326287135709","potions_obtained":[{"floor":1.0,"key":"Weak Potion"},{"floor":2.0,"key":"Energy Potion"},{"floor":2.0,"key":"FairyPotion"},{"floor":7.0,"key":"Regen Potion"},{"floor":11.0,"key":"SteroidPotion"},{"floor":13.0,"key":"SkillPotion"},{"floor":16.0,"key":"PowerPotion"},{"floor":20.0,"key":"Dexterity Potion"}],"is_trial":false,"path_per_floor":["M","?","M","M","M","R","E","R","T","M","M","$","E","M","R","B",null,"M","M","M","?","M","R","E","R","T","$","R","R","M"],"character_chosen":"IRONCLAD","items_purchased":["HandOfGreed","Panacea","Lantern"],"campfire_rested":2,"item_purchase_floors":[12,27,27],"current_hp_per_floor":[88,88,88,88,74,74,35,35,35,18,35,35,36,21,47,43,88,81,74,67,67,41,41,8,34,34,34,34,34,0],"gold":64,"neow_bonus":"TEN_PERCENT_HP_BONUS","is_prod":false,"is_daily":false,"chose_seed":false,"campfire_upgraded":5,"win_rate":0,"timestamp":1559842245,"path_taken":["M","?","M","M","M","R","E","R","T","M","?","$","E","M","R","BOSS","M","M","M","?","M","R","E","R","T","$","R","R","M"],"build_version":"2019-01-23","purchased_purges":2,"victory":false,"max_hp_per_floor":[88,88,88,88,88,88,88,88,88,88,88,88,88,88,88,88,88,88,88,88,88,88,88,88,88,88,88,88,88,88],"card_choices":[{"not_picked":["Feel No Pain","Combust"],"picked":"Battle Trance","floor":1.0},{"not_picked":["Dual Wield","Flex"],"picked":"Whirlwind","floor":3.0},{"not_picked":["Wild Strike","Pommel Strike"],"picked":"Sword Boomerang","floor":4.0},{"not_picked":["Bloodletting","Second Wind"],"picked":"Cleave","floor":5.0},{"not_picked":["Entrench","Warcry"],"picked":"Battle Trance","floor":7.0},{"not_picked":["Perfected Strike","Sentinel"],"picked":"Anger","floor":10.0},{"not_picked":["Headbutt","Corruption"],"picked":"Spot Weakness","floor":11.0},{"not_picked":["Warcry","Thunderclap"],"picked":"Spot Weakness","floor":13.0},{"not_picked":["Spot Weakness","Whirlwind"],"picked":"Feel No Pain","floor":14.0},{"not_picked":["Immolate","Feed"],"picked":"Demon Form","floor":16.0},{"not_picked":["Twin Strike+1","Thunderclap"],"picked":"Heavy Blade","floor":18.0},{"not_picked":["Twin Strike","Havoc+1"],"picked":"Rampage","floor":19.0},{"not_picked":["Pummel+1","Anger"],"picked":"Inflame","floor":20.0},{"not_picked":["Thunderclap","Pommel Strike"],"picked":"Dual Wield","floor":22.0},{"not_picked":["Twin Strike","Havoc+1","Searing Blow"],"picked":"SKIP","floor":24.0}],"player_experience":768837,"relics_obtained":[{"floor":7.0,"key":"Blue Candle"},{"floor":9.0,"key":"Centennial Puzzle"},{"floor":13.0,"key":"Omamori"},{"floor":24.0,"key":"WingedGreaves"},{"floor":26.0,"key":"Ginger"}],"event_choices":[{"damage_healed":0.0,"max_hp_gain":0.0,"max_hp_loss":0.0,"gold_gain":0.0,"event_name":"Lab","player_choice":"Got Potions","floor":2.0,"gold_loss":0.0,"damage_taken":0.0},{"damage_healed":0.0,"max_hp_gain":0.0,"max_hp_loss":0.0,"gold_gain":99.0,"event_name":"Nest","player_choice":"Stole From Cult","floor":21.0,"gold_loss":0.0,"damage_taken":0.0}],"is_beta":false,"boss_relics":[{"not_picked":["Philosopher\u0027s Stone","Runic Pyramid"],"picked":"Mark of Pain"}],"items_purged_floors":[12,27],"is_endless":false,"potions_floor_spawned":[1,3,7,11,13,16,20],"killed_by":"Snake Plant","ascension_level":0}