{"gold_per_floor":[113,131,143,14,14,43,43,57,57,71,71,71,71,101,101,175,175,115,134,91,104,154,154,173,173,173,173,183,23,23,23],"floor_reached":31,"playtime":1298,"items_purged":["Strike_R"],"score":437,"play_id":"ae1470f6-47ea-4a9a-8041-6eef3d3e7eaf","local_time":"20190407142816","is_ascension_mode":true,"campfire_choices":[{"data":"Demon Form","floor":7,"key":"SMITH"},{"data":"True Grit","floor":11,"key":"SMITH"},{"floor":15,"key":"REST"},{"data":"Flame Barrier","floor":23,"key":"SMITH"},{"data":"Heavy Blade","floor":27,"key":"SMITH"},{"data":"Shrug It Off","floor":30,"key":"SMITH"}],"neow_cost":"TEN_PERCENT_HP_LOSS","seed_source_timestamp":6571736768478,"circlet_count":0,"master_deck":["AscendersBane","Strike_R","Strike_R","Strike_R","Defend_R","Defend_R","Defend_R","Defend_R","Bash","Demon Form+1","True Grit+1","Disarm","Clothesline","Shrug It Off+1","Flame Barrier+1","Ghostly Armor","Intimidate","Impervious","Reaper","Whirlwind","Rampage","Heavy Blade+1","Shrug It Off"],"relics":["Burning Blood","Dodecahedron","Self Forming Clay","Meat on the Bone","Cursed Key","Enchiridion","Oddly Smooth Stone"],"potions_floor_usage":[8,14,14],"damage_taken":[{"damage":7,"enemies":"2 Louse","floor":1,"turns":4},{"damage":6,"enemies":"Small Slimes","floor":2,"turns":4},{"damage":15,"enemies":"Cultist","floor":3,"turns":5},{"damage":40,"enemies":"3 Sentries","floor":6,"turns":9},{"damage":6,"enemies":"Blue Slaver","floor":8,"turns":5},{"damage":17,"enemies":"Exordium Wildlife","floor":10,"turns":8},{"damage":9,"enemies":"Gremlin Nob","floor":14,"turns":5},{"damage":20,"enemies":"The Guardian","floor":16,"turns":13},{"damage":12,"enemies":"2 Thieves","floor":18,"turns":4},{"damage":33,"enemies":"Spheric Guardian","floor":19,"turns":9},{"damage":35,"enemies":"Cultist and Chosen","floor":21,"turns":6},{"damage":3,"enemies":"Centurion and Healer","floor":24,"turns":7},{"damage":12,"enemies":"Snecko","floor":28,"turns":7},{"damage":66,"enemies":"3 Cultists","floor":31,"turns":8}],"seed_played":"-5933484700245909919","potions_obtained":[{"floor":2,"key":"SkillPotion"},{"floor":6,"key":"Poison Potion"},{"floor":8,"key":"Energy Potion"},{"floor":19,"key":"Energy Potion"},{"floor":28,"key":"Ancient Potion"}],"is_trial":false,"path_per_floor":["M","M","M","$","?","E","R","M","T","M","R","?","$","E","R","B",null,"M","M","$","M","?","R","M","?","T","R","M","$","R","M"],"character_chosen":"IRONCLAD","items_purchased":["Shrug It Off","Rampage","Oddly Smooth Stone"],"campfire_rested":1,"item_purchase_floors":[4,20,29],"current_hp_per_floor":[67,67,58,58,58,24,24,24,24,13,13,13,13,10,30,28,58,60,51,51,50,50,50,53,32,32,32,38,38,38,0],"gold":23,"neow_bonus":"THREE_RARE_CARDS","is_prod":false,"is_daily":false,"chose_seed":false,"campfire_upgraded":5,"win_rate":0,"timestamp":1554640096,"path_taken":["M","M","M","$","?","E","R","M","T","M","R","?","$","E","R","BOSS","M","M","?","M","?","R","?","?","T","R","M","$","R","M"],"build_version":"2019-01-23","purchased_purges":1,"victory":false,"max_hp_per_floor":[68,68,68,68,68,68,68,68,68,68,68,68,68,68,68,68,68,68,68,68,68,68,68,68,68,68,68,68,68,68,68],"card_choices":[{"not_picked":["Bludgeon","Reaper"],"picked":"Demon Form","floor":0},{"not_picked":["Power Through","Wild Strike"],"picked":"True Grit","floor":1},{"not_picked":["Sever Soul","Carnage"],"picked":"Disarm","floor":2},{"not_picked":["Thunderclap","Wild Strike"],"picked":"Clothesline","floor":3},{"not_picked":["Armaments","Demon Form"],"picked":"Flame Barrier","floor":6},{"not_picked":["Iron Wave","Flex"],"picked":"Ghostly Armor","floor":8},{"not_picked":["Perfected Strike","Uppercut"],"picked":"Intimidate","floor":10},{"not_picked":["Havoc","Clothesline","Pummel"],"picked":"SKIP","floor":14},{"not_picked":["Bludgeon","Berserk"],"picked":"Reaper","floor":16},{"not_picked":["Sword Boomerang","Havoc","Rage+1"],"picked":"SKIP","floor":18},{"not_picked":["Carnage","Body Slam"],"picked":"Whirlwind","floor":19},{"not_picked":["Combust+1","Headbutt","Carnage"],"picked":"SKIP","floor":21},{"not_picked":["Pommel Strike","Twin Strike"],"picked":"Heavy Blade","floor":24},{"not_picked":["Havoc","Bloodletting"],"picked":"Shrug It Off","floor":28}],"player_experience":473474,"relics_obtained":[{"floor":6,"key":"Dodecahedron"},{"floor":9,"key":"Self Forming Clay"},{"floor":14,"key":"Meat on the Bone"},{"floor":25,"key":"Enchiridion"}],"event_choices":[{"damage_healed":0,"gold_gain":0,"player_choice":"Leave","damage_taken":0,"max_hp_gain":0,"max_hp_loss":0,"event_name":"The Cleric","floor":5,"gold_loss":0},{"damage_healed":0,"gold_gain":0,"cards_transformed":["Strike_R"],"player_choice":"Transformed","damage_taken":0,"max_hp_gain":0,"max_hp_loss":0,"event_name":"Transmorgrifier","floor":12,"gold_loss":0,"cards_obtained":["Impervious"]},{"damage_healed":0,"gold_gain":50,"player_choice":"Stole From Cult","damage_taken":0,"max_hp_gain":0,"max_hp_loss":0,"event_name":"Nest","floor":22,"gold_loss":0},{"damage_healed":0,"gold_gain":0,"player_choice":"Obtained Book","damage_taken":21,"max_hp_gain":0,"max_hp_loss":0,"event_name":"Cursed Tome","floor":25,"gold_loss":0}],"is_beta":false,"boss_relics":[{"not_picked":["White Beast Statue","Runic Dome"],"picked":"Cursed Key"}],"items_purged_floors":[4],"is_endless":false,"potions_floor_spawned":[2,6,8,19,28],"killed_by":"3 Cultists","ascension_level":16}