{"path_per_floor":["M","?","M","M","?","R","M","R","T","?","M","M","M","$","R","B",null,"M","?","M","$","?","R","M","M","T","E","?","M","M","M","R"],"character_chosen":"IRONCLAD","items_purchased":[],"gold_per_floor":[13,13,33,49,49,49,62,62,62,62,76,93,109,34,34,129,129,147,147,167,67,67,67,81,97,97,132,132,150,166,177,177],"floor_reached":33,"campfire_rested":1,"playtime":2825,"current_hp_per_floor":[71,71,67,72,72,72,67,67,67,67,65,71,77,77,77,68,77,75,75,67,67,67,67,63,61,61,53,38,17,20,16,41],"items_purged":["Strike_R","Strike_R"],"gold":177,"score":355,"play_id":"0962bfca-80c4-4044-a786-ec2caeef2143","is_prod":false,"is_daily":false,"is_ascension_mode":true,"campfire_upgraded":4,"path_taken":["M","?","M","?","?","R","M","R","T","?","?","M","M","$","R","BOSS","M","?","M","$","?","R","M","?","T","E","?","M","M","M","R","BOSS"],"build_version":"2018-02-15-PROD1","purchased_purges":2,"victory":false,"master_deck":["Strike_R","Defend_R","Defend_R","Defend_R","Defend_R","Bash+1","Evolve+1","Headbutt","Iron Wave+1","Iron Wave","Flame Barrier+1","Juggernaut","Body Slam+1","Iron Wave+1","Armaments+1","Ghostly Armor","Wild Strike+1","Warcry+1","Fire Breathing+1","Offering"],"max_hp_per_floor":[80,80,80,80,80,80,80,80,80,80,80,80,80,80,80,80,80,80,80,80,80,80,80,80,80,80,80,85,85,85,85,85],"relics":["Burning Blood","Du-Vu Doll","Ancient Tea Set","Sozu","Magic Flower","Dream Catcher"],"card_choices":[{"not_picked":["True Grit","Clothesline"],"picked":"Evolve"},{"not_picked":["Twin Strike","Armaments"],"picked":"Headbutt"},{"not_picked":["Dual Wield","Flex"],"picked":"Iron Wave"},{"not_picked":["Sever Soul","Perfected Strike"],"picked":"Iron Wave"},{"not_picked":["Sword Boomerang","Fire Breathing"],"picked":"Flame Barrier"},{"not_picked":["Double Tap","Brutality"],"picked":"Juggernaut"},{"not_picked":["Armaments","Flex"],"picked":"Iron Wave"},{"not_picked":["Brutality","Perfected Strike"],"picked":"Armaments"},{"not_picked":["Intimidate","Warcry"],"picked":"Ghostly Armor"},{"not_picked":["Intimidate","Warcry"],"picked":"Wild Strike"},{"not_picked":["Dual Wield","Rupture"],"picked":"Warcry"},{"not_picked":["Armaments","Sword Boomerang"],"picked":"Fire Breathing"},{"not_picked":["Clash","Metallicize"],"picked":"Offering"}],"player_experience":121932,"potions_floor_usage":[16],"damage_taken":[{"damage":7,"enemies":"Jaw Worm","floor":1,"turns":3},{"damage":10,"enemies":"Small Slimes","floor":3,"turns":4},{"damage":1,"enemies":"Cultist","floor":4,"turns":3},{"damage":11,"enemies":"Blue Slaver","floor":7,"turns":4},{"damage":8,"enemies":"Gremlin Gang","floor":11,"turns":7},{"damage":0,"enemies":"Large Slime","floor":12,"turns":5},{"damage":0,"enemies":"Looter","floor":13,"turns":3},{"damage":15,"enemies":"The Guardian","floor":16,"turns":13},{"damage":8,"enemies":"Chosen","floor":18,"turns":5},{"damage":14,"enemies":"Spheric Guardian","floor":20,"turns":6},{"damage":10,"enemies":"Slaver and Parasite","floor":24,"turns":6},{"damage":8,"enemies":"Snake Plant","floor":25,"turns":5},{"damage":17,"enemies":"Slavers","floor":27,"turns":7},{"damage":30,"enemies":"Centurion and Healer","floor":29,"turns":7},{"damage":6,"enemies":"Snecko","floor":30,"turns":5},{"damage":13,"enemies":"Snake Plant","floor":31,"turns":5},{"damage":53,"enemies":"Champ","floor":33,"turns":11}],"event_choices":[{"event_name":"Living Wall","player_choice":"Forget","floor":2,"damage_taken":0},{"event_name":"Accursed Blacksmith","player_choice":"Forge","floor":5,"damage_taken":0},{"event_name":"Purifier","player_choice":"One Purge","floor":10,"damage_taken":0},{"event_name":"The Library","player_choice":"Read","floor":19,"damage_taken":0},{"event_name":"Addict","player_choice":"Ignored","floor":22,"damage_taken":0},{"event_name":"Forgotten Altar","player_choice":"Shed Blood","floor":28,"damage_taken":0}],"boss_relics":[{"not_picked":["Lizard Tail","Eternal Feather"],"picked":"Sozu"}],"potions_floor_spawned":[1,11,12,16,18,27,30,31],"seed_played":"8006615096571706856","killed_by":"Champ","ascension_level":7,"is_trial":false}