{"path_per_floor":["M","M","?","?","M","E","R","M","T","M","?","M","R","M","R","B",null,"M","$","?","M","?","R","M","M","T","R","$","?","M","$","R","B",null,"M","?","?","$","M","M","?","R","T","M","?","R","$","M","R","B"],"character_chosen":"THE_SILENT","items_purchased":["Noxious Fumes","Apotheosis","Sucker Punch","Sucker Punch"],"gold_per_floor":[15,29,29,29,46,78,78,88,114,124,199,219,219,229,229,327,327,342,13,13,26,26,26,43,57,82,82,58,58,76,76,76,178,178,192,192,192,92,108,123,123,123,201,215,215,215,68,82,82,82],"floor_reached":51,"campfire_rested":5,"playtime":4772,"current_hp_per_floor":[59,57,57,43,37,27,27,27,27,27,16,10,10,8,29,29,60,41,41,41,39,23,44,40,55,55,55,55,55,43,43,64,26,59,59,59,59,59,52,45,45,66,66,43,43,64,64,64,64,70],"items_purged":["Strike_G","Strike_G","Strike_G"],"gold":82,"score":649,"play_id":"2915a808-2b89-4a1d-b7a8-004d727253a0","is_prod":false,"is_daily":false,"is_ascension_mode":true,"campfire_upgraded":4,"path_taken":["M","M","?","?","?","E","R","M","T","M","?","M","R","M","R","BOSS","M","$","?","M","?","R","?","M","T","R","$","?","?","?","R","BOSS","M","?","?","$","M","M","?","R","T","M","?","R","$","M","R","BOSS"],"build_version":"2018-02-22-PROD2","purchased_purges":3,"victory":true,"master_deck":["Defend_G","Defend_G+1","Defend_G","Defend_G","Strike_G","Strike_G+1","Survivor","Neutralize+1","Well Laid Plans","Footwork+1","Dodge and Roll","Blur","Glass Knife","Footwork+1","Noxious Fumes+1","Apotheosis+1","Dagger Spray","Quick Slash+1","Catalyst+1","Sucker Punch","Tools of the Trade","Caltrops","Blur+1","PiercingWail+1","Sucker Punch","Backflip+1"],"max_hp_per_floor":[70,70,70,70,70,70,70,70,70,70,70,70,70,70,70,70,70,70,70,70,70,70,70,70,70,70,70,70,70,70,70,70,70,70,70,70,70,70,70,70,70,70,70,70,70,70,70,70,70,70],"relics":["Ring of the Snake","Ice Cream","Snake Skull","Bag of Marbles","White Beast Statue","Nilry\u0027s Codex","Bronze Scales","Sozu","Matryoshka"],"card_choices":[{"not_picked":["Endless Agony","Setup"],"picked":"Well Laid Plans"},{"not_picked":["Acrobatics","Dagger Throw"],"picked":"Footwork"},{"not_picked":["Slice","Deflect"],"picked":"Dodge and Roll"},{"not_picked":["Underhanded Strike","Deflect"],"picked":"Blur"},{"not_picked":["Venomology","Die Die Die"],"picked":"Glass Knife"},{"not_picked":["Deflect","Flying Knee"],"picked":"Footwork"},{"not_picked":["Outmaneuver","Acrobatics"],"picked":"Dagger Spray"},{"not_picked":["Distraction","Cloak And Dagger"],"picked":"Quick Slash"},{"not_picked":["Heel Hook","Night Terror"],"picked":"Catalyst"},{"not_picked":["Night Terror","Corpse Explosion"],"picked":"Tools of the Trade"},{"not_picked":["Slice","Outmaneuver"],"picked":"Caltrops"},{"not_picked":["Choke","Crippling Poison"],"picked":"Blur"},{"not_picked":["Underhanded Strike","Dagger Throw"],"picked":"PiercingWail"},{"not_picked":["Dagger Spray","Finisher"],"picked":"Backflip"}],"player_experience":160886,"potions_floor_usage":[6,8,10,21,24,25,30,33,50,50,50],"damage_taken":[{"damage":4,"enemies":"2 Louse","floor":1,"turns":4},{"damage":2,"enemies":"Small Slimes","floor":2,"turns":4},{"damage":6,"enemies":"Jaw Worm","floor":5,"turns":5},{"damage":10,"enemies":"Lagavulin","floor":6,"turns":6},{"damage":0,"enemies":"Large Slime","floor":8,"turns":8},{"damage":0,"enemies":"Exordium Wildlife","floor":10,"turns":8},{"damage":6,"enemies":"Gremlin Gang","floor":12,"turns":6},{"damage":2,"enemies":"2 Fungi Beasts","floor":14,"turns":5},{"damage":0,"enemies":"The Guardian","floor":16,"turns":21},{"damage":19,"enemies":"Chosen","floor":18,"turns":8},{"damage":2,"enemies":"2 Thieves","floor":21,"turns":5},{"damage":4,"enemies":"Snake Plant","floor":24,"turns":6},{"damage":0,"enemies":"Snecko","floor":25,"turns":7},{"damage":12,"enemies":"Centurion and Healer","floor":30,"turns":6},{"damage":38,"enemies":"Collector","floor":33,"turns":11},{"damage":0,"enemies":"3 Darklings","floor":35,"turns":6},{"damage":7,"enemies":"3 Shapes","floor":39,"turns":7},{"damage":7,"enemies":"3 Darklings","floor":40,"turns":7},{"damage":23,"enemies":"Sphere and 2 Shapes","floor":44,"turns":7},{"damage":0,"enemies":"4 Shapes","floor":48,"turns":7},{"damage":4,"enemies":"Donu and Deca","floor":50,"turns":11}],"event_choices":[{"event_name":"Liars Game","player_choice":"disagreed","floor":3,"damage_taken":0},{"event_name":"Shining Light","player_choice":"Entered Light","floor":4,"damage_taken":0},{"event_name":"World of Goop","player_choice":"Gather Gold","floor":11,"damage_taken":0},{"event_name":"Drug Dealer","player_choice":"Ignored","floor":20,"damage_taken":0},{"event_name":"Cursed Tome","player_choice":"Obtained Book","floor":22,"damage_taken":0},{"event_name":"Beggar","player_choice":"Ignored","floor":29,"damage_taken":0},{"event_name":"The Lab","player_choice":"Got Potions","floor":36,"damage_taken":0},{"event_name":"Tomb of Lord Red Mask","player_choice":"Ignored","floor":37,"damage_taken":0},{"event_name":"Mysterious Sphere","player_choice":"Ignore","floor":45,"damage_taken":0}],"boss_relics":[{"not_picked":["Runic Dome","Eternal Feather"],"picked":"White Beast Statue"},{"not_picked":["Tiny House","Runic Pyramid"],"picked":"Sozu"}],"potions_floor_spawned":[1,2,6,8,14,18,21,24,25,30,33,35,39,40,44,48],"seed_played":"7488463992851173787","ascension_level":6,"is_trial":false}