{"gold_per_floor":[111,127,143,143,123,141,141,160,184,201,201,216,241,254,254,254],"floor_reached":16,"playtime":460,"items_purged":[],"score":201,"play_id":"cc7ad8c1-3441-49d4-b1ec-011ec9de0374","local_time":"20190506204326","is_ascension_mode":true,"campfire_choices":[{"data":"Iron Wave","floor":7,"key":"SMITH"},{"data":"Cleave","floor":11,"key":"SMITH"},{"data":"True Grit","floor":15,"key":"SMITH"}],"neow_cost":"NONE","seed_source_timestamp":2158604954951577,"circlet_count":0,"master_deck":["AscendersBane","Strike_R","Strike_R","Strike_R","Strike_R","Defend_R","Defend_R","Defend_R","Defend_R","Bash","Iron Wave+1","Pommel Strike","Cleave+1","Twin Strike","True Grit+1","Whirlwind"],"relics":["Burning Blood","Anchor","Bag of Preparation"],"potions_floor_usage":[13,13,14],"damage_taken":[{"damage":12,"enemies":"Cultist","floor":1,"turns":4},{"damage":10,"enemies":"Small Slimes","floor":2,"turns":5},{"damage":11,"enemies":"Jaw Worm","floor":3,"turns":4},{"damage":16,"enemies":"Blue Slaver","floor":6,"turns":6},{"damage":16,"enemies":"Exordium Wildlife","floor":8,"turns":4},{"damage":5,"enemies":"Looter","floor":10,"turns":3},{"damage":6,"enemies":"2 Fungi Beasts","floor":12,"turns":3},{"damage":33,"enemies":"Lagavulin","floor":13,"turns":5},{"damage":0,"enemies":"Blue Slaver","floor":14,"turns":3},{"damage":17,"enemies":"The Guardian","floor":16,"turns":5}],"seed_played":"-8825055863007227725","potions_obtained":[{"floor":1,"key":"Fire Potion"},{"floor":3,"key":"Fire Potion"},{"floor":13,"key":"AttackPotion"}],"is_trial":false,"path_per_floor":["M","M","M","?","?","M","R","M","T","M","R","M","E","M","R","B"],"character_chosen":"IRONCLAD","items_purchased":[],"campfire_rested":0,"item_purchase_floors":[],"current_hp_per_floor":[69,65,60,53,53,43,43,33,33,34,34,34,7,13,13,0],"gold":254,"neow_bonus":"TEN_PERCENT_HP_BONUS","is_prod":false,"is_daily":false,"chose_seed":false,"campfire_upgraded":3,"win_rate":0,"timestamp":1557168206,"path_taken":["M","M","?","?","?","M","R","M","T","M","R","?","E","M","R","BOSS"],"build_version":"2019-01-23","purchased_purges":0,"victory":false,"max_hp_per_floor":[82,82,82,82,82,82,82,82,82,82,82,82,82,82,82,82],"card_choices":[{"not_picked":["Infernal Blade","Heavy Blade","Anger"],"picked":"SKIP","floor":1},{"not_picked":["Reckless Charge","Burning Pact","Warcry"],"picked":"SKIP","floor":2},{"not_picked":["Wild Strike","Intimidate"],"picked":"Iron Wave","floor":3},{"not_picked":["Sword Boomerang","Juggernaut"],"picked":"Pommel Strike","floor":6},{"not_picked":["Perfected Strike","True Grit"],"picked":"Cleave","floor":8},{"not_picked":["Wild Strike","Thunderclap"],"picked":"Twin Strike","floor":10},{"not_picked":["Disarm","Battle Trance"],"picked":"True Grit","floor":12},{"not_picked":["Iron Wave","Blood for Blood"],"picked":"Whirlwind","floor":13},{"not_picked":["Clash","Pommel Strike","Sword Boomerang"],"picked":"SKIP","floor":14}],"player_experience":542771,"relics_obtained":[{"floor":9,"key":"Anchor"},{"floor":13,"key":"Bag of Preparation"}],"event_choices":[{"cards_removed":["Strike_R"],"damage_healed":0,"gold_gain":0,"player_choice":"Card Removal","damage_taken":7,"max_hp_gain":0,"max_hp_loss":0,"event_name":"Golden Wing","floor":4,"gold_loss":0},{"damage_healed":0,"gold_gain":0,"player_choice":"Bought 1 Potion","damage_taken":0,"max_hp_gain":0,"max_hp_loss":0,"event_name":"The Woman in Blue","floor":5,"gold_loss":0}],"is_beta":false,"boss_relics":[],"items_purged_floors":[],"is_endless":false,"potions_floor_spawned":[1,3,6,8,13],"killed_by":"The Guardian","ascension_level":18}