{"gold_per_floor":[118,118,128,128,128,128,161,175,198,273,298,317,317,335,335,458,458,472,562,581,283,297,318,318,352,352,376,376,376,388,406,406,508,508,524,624,642,253,253,253,278,278],"floor_reached":42,"playtime":1551,"items_purged":["Strike_B","Strike_B"],"score":475,"play_id":"4f2e9d20-7d08-41e0-93fa-0d7ad01a68df","local_time":"20190603011007","is_ascension_mode":false,"campfire_choices":[{"data":"Sunder","floor":6,"key":"SMITH"},{"data":"Zap","floor":13,"key":"SMITH"},{"data":"Doom and Gloom","floor":15,"key":"SMITH"},{"data":"Capacitor","floor":24,"key":"SMITH"},{"floor":28,"key":"RECALL"},{"data":"Leap","floor":32,"key":"SMITH"},{"floor":40,"key":"REST"}],"neow_cost":"NONE","seed_source_timestamp":42263706720395,"circlet_count":0,"master_deck":["Strike_B","Defend_B","Defend_B","Defend_B","Defend_B","Zap+1","Dualcast","Sunder+1","Glacier","Doom and Gloom+1","Rebound","Self Repair","Leap","Leap+1","Cold Snap","Capacitor+1","Chill","Ball Lightning+1","Echo Form","Leap+1","Streamline+1","Capacitor","Conserve Battery","Madness","Madness"],"relics":["Cracked Core","NeowsBlessing","PreservedInsect","Bloody Idol","Thread and Needle","Anchor","Cursed Key","Art of War","Molten Egg 2","Fusion Hammer","ClockworkSouvenir","Meat on the Bone"],"potions_floor_usage":[16,33],"damage_taken":[{"damage":0,"enemies":"Jaw Worm","floor":1,"turns":1},{"damage":0,"enemies":"2 Louse","floor":3,"turns":1},{"damage":0,"enemies":"Lagavulin","floor":7,"turns":1},{"damage":0,"enemies":"Cultist","floor":8,"turns":2},{"damage":0,"enemies":"Lots of Slimes","floor":11,"turns":2},{"damage":0,"enemies":"Exordium Wildlife","floor":12,"turns":2},{"damage":0,"enemies":"Blue Slaver","floor":14,"turns":2},{"damage":2,"enemies":"Hexaghost","floor":16,"turns":14},{"damage":0,"enemies":"Shell Parasite","floor":18,"turns":6},{"damage":0,"enemies":"Chosen","floor":20,"turns":3},{"damage":15,"enemies":"Snake Plant","floor":22,"turns":5},{"damage":0,"enemies":"Centurion and Healer","floor":23,"turns":8},{"damage":16,"enemies":"Gremlin Leader","floor":25,"turns":5},{"damage":1,"enemies":"3 Cultists","floor":27,"turns":5},{"damage":0,"enemies":"Shelled Parasite and Fungi","floor":30,"turns":4},{"damage":0,"enemies":"Cultist and Chosen","floor":31,"turns":6},{"damage":50,"enemies":"Champ","floor":33,"turns":17},{"damage":0,"enemies":"3 Shapes","floor":35,"turns":3},{"damage":2,"enemies":"Orb Walker","floor":37,"turns":3},{"damage":51,"enemies":"Giant Head","floor":41,"turns":9},{"damage":37,"enemies":"Transient","floor":42,"turns":4}],"seed_played":"-7559031800411036453","potions_obtained":[{"floor":3,"key":"SpeedPotion"},{"floor":11,"key":"LiquidBronze"},{"floor":14,"key":"PowerPotion"},{"floor":16,"key":"PowerPotion"},{"floor":22,"key":"LiquidBronze"},{"floor":33,"key":"FearPotion"},{"floor":37,"key":"FocusPotion"}],"is_trial":false,"path_per_floor":["M","?","M","?","?","R","E","M","T","?","M","M","R","M","R","B",null,"M","?","M","$","M","M","R","E","T","M","R","?","M","M","R","B",null,"M","?","M","$","?","R","E","M"],"character_chosen":"DEFECT","items_purchased":["Capacitor","Art of War","ClockworkSouvenir","Capacitor","Conserve Battery"],"campfire_rested":1,"item_purchase_floors":[21,21,38,38,38],"current_hp_per_floor":[75,50,50,50,32,32,32,32,32,21,21,28,28,28,28,33,75,75,61,68,68,60,67,67,51,51,57,57,57,69,75,75,37,75,75,75,75,75,66,75,36,0],"gold":278,"neow_bonus":"THREE_ENEMY_KILL","is_prod":false,"is_daily":false,"chose_seed":false,"campfire_upgraded":5,"win_rate":0,"timestamp":1559517007,"path_taken":["M","?","M","?","?","R","E","M","T","?","?","M","R","M","R","BOSS","M","?","M","$","M","?","R","E","T","M","R","?","M","M","R","BOSS","M","?","?","$","?","R","E","M"],"build_version":"2019-01-23","purchased_purges":2,"victory":false,"max_hp_per_floor":[75,75,75,75,75,75,75,75,75,75,75,75,75,75,75,75,75,75,75,75,75,75,75,75,75,75,75,75,75,75,75,75,75,75,75,75,75,75,75,75,75,75],"card_choices":[{"not_picked":["Barrage","Conserve Battery"],"picked":"Sunder","floor":1},{"not_picked":["Go for the Eyes","Coolheaded"],"picked":"Glacier","floor":3},{"not_picked":["All For One","Compile Driver"],"picked":"Doom and Gloom","floor":7},{"not_picked":["Scrape","Stack"],"picked":"Rebound","floor":8},{"not_picked":["Beam Cell","Conserve Battery"],"picked":"Self Repair","floor":11},{"not_picked":["Streamline","Rip and Tear"],"picked":"Leap","floor":12},{"not_picked":["Amplify","Rebound"],"picked":"Leap","floor":14},{"not_picked":["Darkness","Beam Cell","Redo"],"picked":"SKIP","floor":18},{"not_picked":["Streamline","Hologram"],"picked":"Cold Snap","floor":20},{"not_picked":["Turbo","Chaos","Beam Cell"],"picked":"SKIP","floor":22},{"not_picked":["Self Repair+1","Beam Cell","Hello World+1"],"picked":"SKIP","floor":23},{"not_picked":["Steam Power","Steam","Self Repair"],"picked":"SKIP","floor":25},{"not_picked":["Cold Snap+1","Chaos"],"picked":"Chill","floor":27},{"not_picked":["Skim","Force Field","Hologram"],"picked":"SKIP","floor":30},{"not_picked":["Storm","Multi-Cast"],"picked":"Ball Lightning+1","floor":31},{"not_picked":["All For One+1","Amplify"],"picked":"Echo Form","floor":33},{"not_picked":["Auto Shields","Coolheaded"],"picked":"Leap+1","floor":35},{"not_picked":["Tempest+1","Barrage+1"],"picked":"Streamline+1","floor":37},{"not_picked":["Genetic Algorithm","Coolheaded+1","Stack"],"picked":"SKIP","floor":41}],"player_experience":603040,"relics_obtained":[{"floor":7,"key":"Thread and Needle"},{"floor":9,"key":"Anchor"},{"floor":25,"key":"Molten Egg 2"},{"floor":41,"key":"Meat on the Bone"}],"event_choices":[{"damage_healed":0,"gold_gain":0,"player_choice":"Success","damage_taken":25,"relics_obtained":["PreservedInsect"],"max_hp_gain":0,"max_hp_loss":0,"event_name":"Scrap Ooze","floor":2,"gold_loss":0},{"cards_removed":["Strike_B"],"damage_healed":0,"gold_gain":0,"player_choice":"Forget","damage_taken":0,"max_hp_gain":0,"max_hp_loss":0,"event_name":"Living Wall","floor":4,"gold_loss":0},{"damage_healed":0,"gold_gain":0,"player_choice":"Take Damage","damage_taken":18,"relics_obtained":["Golden Idol"],"max_hp_gain":0,"max_hp_loss":0,"event_name":"Golden Idol","floor":5,"gold_loss":0},{"damage_healed":0,"gold_gain":75,"player_choice":"Gather Gold","damage_taken":11,"max_hp_gain":0,"max_hp_loss":0,"event_name":"World of Goop","floor":10,"gold_loss":0},{"damage_healed":0,"gold_gain":90,"player_choice":"GOLD ","damage_taken":14,"max_hp_gain":0,"max_hp_loss":0,"event_name":"Knowing Skull","floor":19,"potions_obtained":[],"gold_loss":0,"cards_obtained":[]},{"damage_healed":0,"gold_gain":0,"player_choice":"Gave Idol","damage_taken":0,"relics_obtained":["Bloody Idol"],"max_hp_gain":0,"max_hp_loss":0,"event_name":"Forgotten Altar","floor":29,"relics_lost":["Golden Idol"],"gold_loss":0},{"damage_healed":0,"gold_gain":100,"player_choice":"Pray","damage_taken":0,"max_hp_gain":0,"max_hp_loss":0,"event_name":"Golden Shrine","floor":36,"gold_loss":0},{"damage_healed":0,"gold_gain":0,"player_choice":"Embrace Madness","damage_taken":9,"max_hp_gain":0,"max_hp_loss":0,"event_name":"Winding Halls","floor":39,"gold_loss":0,"cards_obtained":["Madness","Madness"]}],"is_beta":false,"boss_relics":[{"not_picked":["Tiny House","White Beast Statue"],"picked":"Cursed Key"},{"not_picked":["Black Star","Coffee Dripper"],"picked":"Fusion Hammer"}],"items_purged_floors":[21,38],"is_endless":false,"potions_floor_spawned":[3,11,14,16,22,25,33,37],"killed_by":"Transient","ascension_level":0}