{"gold_per_floor":[109,123,143,418,11,39,54,65,88,88,119,119],"floor_reached":12,"playtime":774,"items_purged":["Regret"],"score":113,"play_id":"811985cb-216f-4c59-a525-784faefba165","local_time":"20190126142000","is_ascension_mode":true,"campfire_choices":[{"floor":10,"key":"REST"}],"neow_cost":"TEN_PERCENT_HP_LOSS","seed_source_timestamp":183174429524,"circlet_count":0,"master_deck":["Defend_G","Defend_G","Defend_G","Defend_G","Defend_G","Strike_G","Strike_G","Strike_G","Strike_G","Strike_G","Survivor","Neutralize","Flying Knee","Crippling Poison","Noxious Fumes","Poisoned Stab","Backflip","Crippling Poison"],"relics":["Ring of the Snake","StoneCalendar","Shuriken","Singing Bowl","Omamori","Oddly Smooth Stone"],"potions_floor_usage":[11],"damage_taken":[{"damage":2,"enemies":"Cultist","floor":1,"turns":5},{"damage":4,"enemies":"2 Louse","floor":2,"turns":3},{"damage":10,"enemies":"Small Slimes","floor":3,"turns":4},{"damage":25,"enemies":"3 Sentries","floor":6,"turns":7},{"damage":2,"enemies":"2 Fungi Beasts","floor":7,"turns":4},{"damage":12,"enemies":"Exordium Wildlife","floor":8,"turns":6},{"damage":25,"enemies":"Lagavulin","floor":11,"turns":7},{"damage":12,"enemies":"Large Slime","floor":12,"turns":2}],"seed_played":"1657786200475859873","potions_obtained":[{"floor":3,"key":"Weak Potion"},{"floor":8,"key":"Block Potion"}],"is_trial":false,"path_per_floor":["M","M","M","?","$","E","M","M","T","R","E","M"],"character_chosen":"THE_SILENT","items_purchased":["Shuriken","Noxious Fumes"],"campfire_rested":1,"item_purchase_floors":[5,5],"current_hp_per_floor":[61,57,47,47,47,22,20,8,8,26,3,0],"gold":119,"neow_bonus":"ONE_RARE_RELIC","is_prod":false,"is_daily":false,"chose_seed":false,"campfire_upgraded":0,"win_rate":0,"timestamp":1548541200,"path_taken":["M","?","M","?","$","E","?","M","T","R","E","M"],"build_version":"2019-01-23","purchased_purges":1,"victory":false,"max_hp_per_floor":[63,63,63,63,63,63,63,63,63,63,65,65],"card_choices":[{"not_picked":["Acrobatics","Leg Sweep"],"picked":"Flying Knee","floor":1},{"not_picked":["Acrobatics","Prepared","Outmaneuver"],"picked":"SKIP","floor":2},{"not_picked":["Blade Dance","Bane"],"picked":"Crippling Poison","floor":3},{"not_picked":["Reflex","Deflect"],"picked":"Poisoned Stab","floor":6},{"not_picked":["Setup","Accuracy"],"picked":"Backflip","floor":7},{"not_picked":["Poisoned Stab","Sucker Punch"],"picked":"Crippling Poison","floor":8},{"not_picked":["PiercingWail","A Thousand Cuts","Dagger Spray"],"picked":"Singing Bowl","floor":11}],"player_experience":233124,"relics_obtained":[{"floor":6,"key":"Singing Bowl"},{"floor":9,"key":"Omamori"},{"floor":11,"key":"Oddly Smooth Stone"}],"event_choices":[{"damage_healed":0,"gold_gain":275,"player_choice":"Desecrate","damage_taken":0,"max_hp_gain":0,"max_hp_loss":0,"event_name":"Golden Shrine","floor":4,"gold_loss":0,"cards_obtained":["Regret"]}],"is_beta":false,"boss_relics":[],"items_purged_floors":[5],"is_endless":false,"potions_floor_spawned":[3,8],"killed_by":"Large Slime","ascension_level":5}