{"gold_per_floor":[115,127,52,70,82,111,111,142,142,142,170,170,189,209,209,309,309,323,298,313,161,161,191,191,203,228,242,253,253,253,8,8,104,104,115,115,126,142,0,0,10,28,28,28,47,47,47,57,57,57,57,57,11,41,41],"floor_reached":56,"playtime":3978,"items_purged":["Strike_B","Defend_B","Defend_B"],"score":1306,"play_id":"1d34fab0-ee3f-40b9-9349-dd1aa0c439db","local_time":"20190107004635","is_ascension_mode":true,"campfire_choices":[{"floor":7.0,"key":"REST"},{"floor":10.0,"key":"REST"},{"data":"Defragment","floor":12.0,"key":"SMITH"},{"data":"Defragment","floor":15.0,"key":"SMITH"},{"floor":24.0,"key":"RECALL"},{"data":"Turbo","floor":30.0,"key":"SMITH"},{"data":"Loop","floor":32.0,"key":"SMITH"},{"data":"Fission","floor":40.0,"key":"SMITH"},{"floor":47.0,"key":"REST"},{"data":"Zap","floor":49.0,"key":"SMITH"},{"data":"Biased Cognition","floor":52.0,"key":"SMITH"}],"neow_cost":"NONE","seed_source_timestamp":35732255294878,"circlet_count":0,"master_deck":["Strike_B","Strike_B","Defend_B","Defend_B","Zap+1","Dualcast","Defragment+1","Streamline","Rebound","Chill","Biased Cognition","Defragment+1","Leap","Steam","Biased Cognition+1","Go for the Eyes","Coolheaded+1","Conserve Battery","Turbo+1","Fission+1","Cold Snap","Loop+1","Cold Snap","Core Surge","Hologram","Ball Lightning","Cold Snap+1","Ball Lightning","Darkness","Redo","Fusion+1"],"special_seed":0,"relics":["Cracked Core","Ice Cream","Matryoshka","Pantograph","FossilizedHelix","Runic Pyramid","Dodecahedron","Mummified Hand","Regal Pillow","Nuclear Battery","Red Mask","Bottled Tornado","Boot"],"potions_floor_usage":[55],"damage_taken":[{"damage":2.0,"enemies":"Jaw Worm","floor":1.0,"turns":3.0},{"damage":1.0,"enemies":"Cultist","floor":2.0,"turns":3.0},{"damage":5.0,"enemies":"Small Slimes","floor":4.0,"turns":3.0},{"damage":7.0,"enemies":"2 Fungi Beasts","floor":5.0,"turns":4.0},{"damage":24.0,"enemies":"Lagavulin","floor":6.0,"turns":5.0},{"damage":25.0,"enemies":"3 Sentries","floor":8.0,"turns":7.0},{"damage":12.0,"enemies":"Lagavulin","floor":11.0,"turns":6.0},{"damage":0.0,"enemies":"Exordium Wildlife","floor":13.0,"turns":4.0},{"damage":2.0,"enemies":"Looter","floor":14.0,"turns":3.0},{"damage":35.0,"enemies":"Hexaghost","floor":16.0,"turns":12.0},{"damage":0.0,"enemies":"Spheric Guardian","floor":18.0,"turns":5.0},{"damage":2.0,"enemies":"2 Thieves","floor":19.0,"turns":5.0},{"damage":28.0,"enemies":"3 Cultists","floor":20.0,"turns":8.0},{"damage":23.0,"enemies":"Book of Stabbing","floor":23.0,"turns":7.0},{"damage":0.0,"enemies":"Snecko","floor":25.0,"turns":6.0},{"damage":0.0,"enemies":"Sentry and Sphere","floor":27.0,"turns":7.0},{"damage":0.0,"enemies":"Centurion and Healer","floor":28.0,"turns":11.0},{"damage":0.0,"enemies":"Collector","floor":33.0,"turns":19.0},{"damage":9.0,"enemies":"3 Darklings","floor":35.0,"turns":8.0},{"damage":0.0,"enemies":"3 Shapes","floor":37.0,"turns":9.0},{"damage":7.0,"enemies":"Jaw Worm Horde","floor":38.0,"turns":6.0},{"damage":0.0,"enemies":"4 Shapes","floor":41.0,"turns":13.0},{"damage":15.0,"enemies":"Transient","floor":42.0,"turns":5.0},{"damage":20.0,"enemies":"Jaw Worm Horde","floor":45.0,"turns":6.0},{"damage":18.0,"enemies":"Sphere and 2 Shapes","floor":48.0,"turns":5.0},{"damage":49.0,"enemies":"Awakened One","floor":50.0,"turns":21.0},{"damage":48.0,"enemies":"Shield and Spear","floor":54.0,"turns":10.0},{"damage":39,"enemies":"The Heart","floor":55,"turns":14}],"seed_played":"6885474400775709575","potions_obtained":[{"floor":4.0,"key":"Ancient Potion"},{"floor":6.0,"key":"Fire Potion"},{"floor":14.0,"key":"Regen Potion"},{"floor":16.0,"key":"Regen Potion"},{"floor":27.0,"key":"Swift Potion"},{"floor":33.0,"key":"Fire Potion"},{"floor":37.0,"key":"Poison Potion"},{"floor":45.0,"key":"Energy Potion"}],"is_trial":false,"path_per_floor":["M","M","$","M","M","E","R","E","T","R","E","R","M","M","R","B",null,"M","M","M","$","?","E","R","M","T","M","M","?","R","$","R","B",null,"M","?","M","M","?","R","M","M","T","?","M","$","R","M","R","B",null,"R","$","E","B",null],"character_chosen":"DEFECT","items_purchased":["Conserve Battery","Loop","Cold Snap","Redo"],"campfire_rested":3,"item_purchase_floors":[21,31,31,53],"current_hp_per_floor":[73,72,72,67,60,36,58,33,33,55,43,43,43,41,41,31,75,75,73,45,45,45,67,67,67,67,67,67,67,67,67,67,75,75,66,66,66,59,59,59,59,44,44,44,24,24,61,43,43,19,75,75,75,27,13],"gold":41,"neow_bonus":"REMOVE_CARD","is_prod":false,"is_daily":false,"chose_seed":false,"campfire_upgraded":7,"win_rate":0,"timestamp":1546789595,"path_taken":["M","M","$","M","M","E","R","E","T","R","E","R","M","M","R","BOSS","M","M","M","$","?","E","R","M","T","?","M","?","R","$","R","BOSS","M","?","M","M","?","R","M","M","T","?","M","$","R","M","R","BOSS","R","$","E","BOSS"],"build_version":"2019-01-03v4","purchased_purges":3,"victory":true,"max_hp_per_floor":[75,75,75,75,75,75,75,75,75,75,75,75,75,75,75,75,75,75,75,75,75,75,75,75,75,75,75,75,75,75,75,75,75,75,75,75,75,75,75,75,75,75,75,75,75,75,75,75,75,75,75,75,75,75,75],"card_choices":[{"not_picked":["Go for the Eyes","Steam Power"],"picked":"Defragment","floor":1.0},{"not_picked":["Barrage","Capacitor"],"picked":"Streamline","floor":2.0},{"not_picked":["Compile Driver","White Noise"],"picked":"Rebound","floor":4.0},{"not_picked":["Turbo","Beam Cell"],"picked":"Chill","floor":5.0},{"not_picked":["Rip and Tear","Cold Snap"],"picked":"Biased Cognition","floor":6.0},{"not_picked":["Loop","Hologram"],"picked":"Defragment","floor":8.0},{"not_picked":["Beam Cell","Consume"],"picked":"Leap","floor":11.0},{"not_picked":["Sweeping Beam","Beam Cell","Storm"],"picked":"SKIP","floor":13.0},{"not_picked":["Go for the Eyes","Beam Cell"],"picked":"Steam","floor":14.0},{"not_picked":["Fission","Amplify"],"picked":"Biased Cognition","floor":16.0},{"not_picked":["Barrage","Rebound"],"picked":"Go for the Eyes","floor":18.0},{"not_picked":["Go for the Eyes","Gash"],"picked":"Coolheaded+1","floor":19.0},{"not_picked":["Sweeping Beam+1","Sunder","Scrape"],"picked":"SKIP","floor":20.0},{"not_picked":["Go for the Eyes","Sweeping Beam","Barrage"],"picked":"SKIP","floor":23.0},{"not_picked":["Conserve Battery","Rebound+1"],"picked":"Turbo","floor":25.0},{"not_picked":["Gash","Go for the Eyes+1"],"picked":"Fission","floor":27.0},{"not_picked":["Static Discharge","Barrage"],"picked":"Cold Snap","floor":28.0},{"not_picked":["Buffer","Meteor Strike"],"picked":"Core Surge","floor":33.0},{"not_picked":["Chaos","BootSequence"],"picked":"Hologram","floor":35.0},{"not_picked":["Conserve Battery","Steam+1","Double Energy"],"picked":"SKIP","floor":37.0},{"not_picked":["Hello World","Reprogram","Rebound"],"picked":"SKIP","floor":38.0},{"not_picked":["FTL","Gash"],"picked":"Ball Lightning","floor":41.0},{"not_picked":["Consume","White Noise"],"picked":"Cold Snap+1","floor":42.0},{"not_picked":["Streamline+1","Go for the Eyes"],"picked":"Darkness","floor":45.0},{"not_picked":["Turbo","Reprogram+1","Steam+1"],"picked":"SKIP","floor":48.0},{"not_picked":["Tempest","Steam+1"],"picked":"Fusion+1","floor":54.0}],"player_experience":145098,"relics_obtained":[{"floor":6.0,"key":"Ice Cream"},{"floor":8.0,"key":"Matryoshka"},{"floor":9.0,"key":"Pantograph"},{"floor":11.0,"key":"FossilizedHelix"},{"floor":23.0,"key":"Dodecahedron"},{"floor":26.0,"key":"Mummified Hand"},{"floor":26.0,"key":"Regal Pillow"},{"floor":43.0,"key":"Bottled Tornado"},{"floor":54.0,"key":"Boot"}],"event_choices":[{"damage_healed":0.0,"max_hp_gain":0.0,"max_hp_loss":0.0,"gold_gain":0.0,"event_name":"The Woman in Blue","player_choice":"Bought 0 Potions","floor":22.0,"gold_loss":0.0,"damage_taken":0.0},{"damage_healed":0.0,"max_hp_gain":0.0,"max_hp_loss":0.0,"gold_gain":0.0,"event_name":"Cursed Tome","player_choice":"Ignored","floor":29.0,"gold_loss":0.0,"damage_taken":0.0},{"damage_healed":0.0,"max_hp_gain":0.0,"max_hp_loss":0.0,"gold_gain":0.0,"event_name":"Mysterious Sphere","player_choice":"Ignored","floor":36.0,"gold_loss":0.0,"damage_taken":0.0},{"damage_healed":0.0,"max_hp_gain":0.0,"max_hp_loss":0.0,"gold_gain":0.0,"event_name":"Tomb of Lord Red Mask","player_choice":"Paid","floor":39.0,"gold_loss":142.0,"damage_taken":0.0,"relics_obtained":["Red Mask"]},{"damage_healed":0.0,"max_hp_gain":0.0,"max_hp_loss":0.0,"gold_gain":0.0,"event_name":"Duplicator","player_choice":"Copied","floor":44.0,"gold_loss":0.0,"damage_taken":0.0,"cards_obtained":["Ball Lightning"]}],"is_beta":false,"boss_relics":[{"not_picked":["Runic Dome","Calling Bell"],"picked":"Runic Pyramid"},{"not_picked":["Cursed Key","Orrery"],"picked":"Nuclear Battery"}],"items_purged_floors":[3,21,31],"is_endless":false,"potions_floor_spawned":[4,6,14,16,19,27,33,37,45],"ascension_level":3}