{"gold_per_floor":[117,117,129,139,64,64,93,108,160,180,208,208,222,241,241,343,343,361,380,380,380,65,65,65,76,122,147,167,186,213,312,312,412,412,432,449,460,509,529,529,547,547,620,630,630,183,183,197,197,197,197,197,72,98,98],"floor_reached":55,"playtime":3644,"items_purged":["Strike_B","Dualcast","Streamline"],"score":848,"play_id":"1d7bbe02-5b78-42d7-9769-071e11dfaf07","local_time":"20190204190638","is_ascension_mode":false,"campfire_choices":[{"data":"Zap","floor":6,"key":"SMITH"},{"data":"Darkness","floor":12,"key":"SMITH"},{"data":"Echo Form","floor":15,"key":"SMITH"},{"data":"Loop","floor":23,"key":"SMITH"},{"data":"Defragment","floor":32,"key":"SMITH"},{"floor":40,"key":"RECALL"},{"data":"Echo Form","floor":42,"key":"SMITH"},{"data":"Defragment","floor":45,"key":"SMITH"},{"data":"Hologram","floor":47,"key":"SMITH"},{"data":"Go for the Eyes","floor":49,"key":"SMITH"},{"data":"Ghostly","floor":52,"key":"SMITH"}],"neow_cost":"PERCENT_DAMAGE","seed_source_timestamp":1533104776526767,"circlet_count":0,"master_deck":["Strike_B+1","Strike_B+1","Strike_B+1","Defend_B+1","Defend_B+1","Defend_B+1","Defend_B+1","Zap+1","Undo","Self Repair","Go for the Eyes+1","Hologram+1","Glacier","Darkness+1","Echo Form+1","Multi-Cast","Loop+1","Ghostly+1","Ghostly","Ghostly","Ghostly","Ghostly","Fusion+1","Fusion","Defragment+1","Loop+1","Biased Cognition","Echo Form+1","Chill+1","Reprogram+1","Double Energy+1","Defragment+1"],"relics":["Cracked Core","Pocketwatch","Letter Opener","Strawberry","Juzu Bracelet","Snecko Eye","Nilry\u0027s Codex","Ice Cream","DataDisk","Anchor","Pen Nib","White Beast Statue","Emotion Chip","Bronze Scales","Medical Kit","Shuriken"],"potions_floor_usage":[55,55,55],"damage_taken":[{"damage":0,"enemies":"Small Slimes","floor":1,"turns":2},{"damage":1,"enemies":"Cultist","floor":3,"turns":4},{"damage":3,"enemies":"Jaw Worm","floor":4,"turns":6},{"damage":28,"enemies":"Gremlin Nob","floor":7,"turns":4},{"damage":8,"enemies":"3 Louse","floor":8,"turns":4},{"damage":0,"enemies":"Blue Slaver","floor":10,"turns":3},{"damage":0,"enemies":"Lagavulin","floor":11,"turns":8},{"damage":9,"enemies":"Exordium Thugs","floor":13,"turns":5},{"damage":1,"enemies":"Large Slime","floor":14,"turns":4},{"damage":9,"enemies":"Slime Boss","floor":16,"turns":12},{"damage":0,"enemies":"Spheric Guardian","floor":18,"turns":3},{"damage":12,"enemies":"Shell Parasite","floor":19,"turns":5},{"damage":2,"enemies":"Sentry and Sphere","floor":25,"turns":6},{"damage":16,"enemies":"Book of Stabbing","floor":27,"turns":6},{"damage":1,"enemies":"Centurion and Healer","floor":28,"turns":6},{"damage":0,"enemies":"Cultist and Chosen","floor":29,"turns":8},{"damage":0,"enemies":"Slavers","floor":30,"turns":5},{"damage":4,"enemies":"Automaton","floor":33,"turns":6},{"damage":0,"enemies":"Orb Walker","floor":35,"turns":4},{"damage":1,"enemies":"3 Shapes","floor":36,"turns":6},{"damage":1,"enemies":"Maw","floor":37,"turns":7},{"damage":0,"enemies":"2 Orb Walkers","floor":38,"turns":5},{"damage":1,"enemies":"Jaw Worm Horde","floor":39,"turns":4},{"damage":0,"enemies":"3 Darklings","floor":41,"turns":7},{"damage":0,"enemies":"Transient","floor":44,"turns":5},{"damage":4,"enemies":"Sphere and 2 Shapes","floor":48,"turns":6},{"damage":0,"enemies":"Time Eater","floor":50,"turns":7},{"damage":0,"enemies":"Shield and Spear","floor":54,"turns":8},{"damage":41,"enemies":"The Heart","floor":55,"turns":6}],"seed_played":"4605274959371621470","potions_obtained":[{"floor":1,"key":"Strength Potion"},{"floor":3,"key":"LiquidBronze"},{"floor":4,"key":"LiquidBronze"},{"floor":25,"key":"Dexterity Potion"},{"floor":30,"key":"PowerPotion"},{"floor":39,"key":"LiquidBronze"}],"is_trial":false,"path_per_floor":["M","?","M","M","$","R","E","M","T","M","E","R","M","M","R","B",null,"M","M","?","?","$","R","?","M","T","E","M","M","E","?","R","B",null,"M","M","M","?","M","R","M","R","T","M","R","$","R","M","R","B",null,"R","$","E","B"],"character_chosen":"DEFECT","items_purchased":["Ice Cream","Bronze Scales","Medical Kit"],"campfire_rested":0,"item_purchase_floors":[22,46,46],"current_hp_per_floor":[54,54,53,57,57,57,36,35,42,42,49,49,47,53,53,51,82,82,82,66,66,66,66,41,41,41,39,41,41,41,41,41,37,41,41,41,41,41,40,40,41,41,41,41,41,41,41,41,41,41,41,41,41,41,0],"gold":98,"neow_bonus":"ONE_RARE_RELIC","is_prod":false,"is_daily":false,"chose_seed":false,"campfire_upgraded":10,"win_rate":0,"timestamp":1549325198,"path_taken":["M","?","?","M","$","R","E","M","T","M","E","R","M","M","R","BOSS","M","M","?","?","$","R","?","M","T","E","M","M","E","?","R","BOSS","M","M","M","?","M","R","M","R","T","M","R","$","R","M","R","BOSS","R","$","E","BOSS"],"build_version":"2019-01-23","purchased_purges":3,"victory":false,"max_hp_per_floor":[75,75,75,75,75,75,75,75,82,82,82,82,82,82,82,82,82,82,82,82,82,82,82,41,41,41,41,41,41,41,41,41,41,41,41,41,41,41,41,41,41,41,41,41,41,41,41,41,41,41,41,41,41,41,41],"card_choices":[{"not_picked":["Cold Snap","Reinforced Body"],"picked":"Undo","floor":1},{"not_picked":["Rebound","Compile Driver"],"picked":"Self Repair","floor":3},{"not_picked":["Beam Cell","Lockon"],"picked":"Go for the Eyes","floor":4},{"not_picked":["Lockon","Redo"],"picked":"Hologram","floor":7},{"not_picked":["Compile Driver","Stack"],"picked":"Glacier","floor":8},{"not_picked":["Turbo","Stack","Rip and Tear"],"picked":"SKIP","floor":10},{"not_picked":["Sunder","Fusion"],"picked":"Darkness","floor":11},{"not_picked":["Hologram","Chaos"],"picked":"Streamline","floor":13},{"not_picked":["Rebound","BootSequence"],"picked":"Echo Form","floor":14},{"not_picked":["All For One","Machine Learning"],"picked":"Multi-Cast","floor":16},{"not_picked":["Conserve Battery","Leap","Gash"],"picked":"SKIP","floor":18},{"not_picked":["Steam+1","Hologram+1"],"picked":"Loop","floor":19},{"not_picked":["Darkness","Self Repair"],"picked":"Fusion+1","floor":25},{"not_picked":["Force Field+1","Rip and Tear"],"picked":"Fusion","floor":27},{"not_picked":["Beam Cell","Turbo+1"],"picked":"Defragment","floor":28},{"not_picked":["Hologram","Rebound"],"picked":"Loop+1","floor":29},{"not_picked":["Leap","Cold Snap"],"picked":"Biased Cognition","floor":30},{"not_picked":["Biased Cognition","Thunder Strike"],"picked":"Echo Form","floor":33},{"not_picked":["Steam+1","Sweeping Beam","Streamline+1"],"picked":"SKIP","floor":35},{"not_picked":["Redo+1","Steam Power+1"],"picked":"Chill+1","floor":36},{"not_picked":["Compile Driver+1","Self Repair"],"picked":"Reprogram+1","floor":37},{"not_picked":["Stack","Conserve Battery+1"],"picked":"Double Energy+1","floor":38},{"not_picked":["Consume+1","Leap+1","Thunder Strike"],"picked":"SKIP","floor":39},{"not_picked":["Gash","Force Field+1"],"picked":"Defragment","floor":41},{"not_picked":["Go for the Eyes","Rebound+1","BootSequence+1"],"picked":"SKIP","floor":44},{"not_picked":["Barrage","Fusion","Sweeping Beam"],"picked":"SKIP","floor":48},{"not_picked":["Hello World+1","Sunder","Leap"],"picked":"SKIP","floor":54}],"player_experience":676260,"relics_obtained":[{"floor":7,"key":"Letter Opener"},{"floor":9,"key":"Strawberry"},{"floor":11,"key":"Juzu Bracelet"},{"floor":20,"key":"Nilry\u0027s Codex"},{"floor":26,"key":"DataDisk"},{"floor":27,"key":"Anchor"},{"floor":30,"key":"Pen Nib"},{"floor":38,"key":"Emotion Chip"},{"floor":54,"key":"Shuriken"}],"event_choices":[{"damage_healed":0,"gold_gain":0,"player_choice":"Ignored","damage_taken":0,"max_hp_gain":0,"max_hp_loss":0,"event_name":"NoteForYourself","floor":2,"gold_loss":0},{"damage_healed":0,"gold_gain":0,"player_choice":"Obtained Book","damage_taken":16,"max_hp_gain":0,"max_hp_loss":0,"event_name":"Cursed Tome","floor":20,"gold_loss":0},{"damage_healed":0,"gold_gain":0,"player_choice":"Simplicity","damage_taken":0,"max_hp_gain":0,"max_hp_loss":0,"event_name":"Back to Basics","floor":21,"gold_loss":0,"cards_upgraded":["Strike_B","Strike_B","Strike_B","Defend_B","Defend_B","Defend_B","Defend_B"]},{"damage_healed":0,"gold_gain":0,"player_choice":"Became a Ghost","damage_taken":0,"max_hp_gain":0,"max_hp_loss":41,"event_name":"Ghosts","floor":24,"gold_loss":0,"cards_obtained":["Ghostly","Ghostly","Ghostly","Ghostly","Ghostly"]},{"damage_healed":0,"gold_gain":99,"player_choice":"Stole From Cult","damage_taken":0,"max_hp_gain":0,"max_hp_loss":0,"event_name":"Nest","floor":31,"gold_loss":0},{"damage_healed":0,"gold_gain":0,"player_choice":"Fight","damage_taken":0,"max_hp_gain":0,"max_hp_loss":0,"event_name":"Mysterious Sphere","floor":38,"gold_loss":0}],"is_beta":false,"boss_relics":[{"not_picked":["Fusion Hammer","Calling Bell"],"picked":"Snecko Eye"},{"not_picked":["Orrery","Velvet Choker"],"picked":"White Beast Statue"}],"items_purged_floors":[5,46,53],"is_endless":false,"potions_floor_spawned":[1,3,4,8,11,25,27,29,30,35,36,37,38,39,41,44,48,54],"killed_by":"The Heart","ascension_level":0}