{"gold_per_floor":[119,119,136,151,163,163,183,183,183,183,207,239,239,257,257,328,328,347,361,16,28,28],"floor_reached":22,"playtime":1142,"items_purged":["Doubt"],"score":310,"play_id":"68d5339c-047e-4026-a2f4-92b228de7d5d","local_time":"20190222221640","is_ascension_mode":true,"campfire_choices":[{"data":"Zap","floor":6,"key":"SMITH"},{"floor":8,"key":"REST"},{"floor":10,"key":"REST"},{"data":"Dualcast","floor":13,"key":"SMITH"},{"data":"Glacier","floor":15,"key":"SMITH"}],"neow_cost":"CURSE","seed_source_timestamp":37368199217743,"circlet_count":0,"master_deck":["AscendersBane","Strike_B","Strike_B","Defend_B","Defend_B","Defend_B","Defend_B","Zap+1","Dualcast+1","Blizzard","Double Energy","Cold Snap","Glacier+1","Echo Form","White Noise","Chill","Coolheaded"],"relics":["Cracked Core","Orichalcum","Mercury Hourglass","Potion Belt","Letter Opener","Sozu","Bronze Scales"],"potions_floor_usage":[19,19,22],"damage_taken":[{"damage":17,"enemies":"Small Slimes","floor":1,"turns":3},{"damage":8,"enemies":"Jaw Worm","floor":3,"turns":5},{"damage":0,"enemies":"2 Louse","floor":4,"turns":2},{"damage":17,"enemies":"Exordium Wildlife","floor":5,"turns":7},{"damage":14,"enemies":"Gremlin Gang","floor":7,"turns":7},{"damage":5,"enemies":"3 Sentries","floor":12,"turns":6},{"damage":0,"enemies":"Lots of Slimes","floor":14,"turns":2},{"damage":12,"enemies":"The Guardian","floor":16,"turns":15},{"damage":17,"enemies":"Spheric Guardian","floor":18,"turns":4},{"damage":16,"enemies":"Chosen","floor":19,"turns":5},{"damage":13,"enemies":"Sentry and Sphere","floor":21,"turns":5},{"damage":20,"enemies":"Shelled Parasite and Fungi","floor":22,"turns":2}],"seed_played":"-2397216104238358192","potions_obtained":[{"floor":5,"key":"Weak Potion"},{"floor":7,"key":"Fire Potion"},{"floor":16,"key":"AttackPotion"}],"is_trial":false,"path_per_floor":["M","?","M","M","M","R","M","R","T","R","T","E","R","M","R","B",null,"M","M","$","M","M"],"character_chosen":"DEFECT","items_purchased":["Bronze Scales","Chill","Coolheaded"],"campfire_rested":2,"item_purchase_floors":[20,20,20],"current_hp_per_floor":[51,48,40,40,23,23,9,31,31,53,53,48,48,48,48,36,65,48,32,32,19,0],"gold":28,"neow_bonus":"TRANSFORM_TWO_CARDS","is_prod":false,"is_daily":false,"chose_seed":false,"campfire_upgraded":3,"win_rate":0,"timestamp":1550902600,"path_taken":["M","?","M","M","M","R","M","R","T","R","?","E","R","M","R","BOSS","M","M","$","M","M"],"build_version":"2019-01-23","purchased_purges":1,"victory":false,"max_hp_per_floor":[75,75,75,75,75,75,75,75,75,75,75,75,75,75,75,75,75,75,75,75,75,75],"card_choices":[{"not_picked":["Static Discharge","Genetic Algorithm"],"picked":"Cold Snap","floor":1},{"not_picked":["Turbo","Cold Snap"],"picked":"Glacier","floor":3},{"not_picked":["Tempest","Rip and Tear","Leap"],"picked":"SKIP","floor":4},{"not_picked":["Stack","Beam Cell","Fission"],"picked":"SKIP","floor":5},{"not_picked":["Beam Cell","Steam","Redo"],"picked":"SKIP","floor":7},{"not_picked":["Rebound","Lockon","Redo"],"picked":"SKIP","floor":12},{"not_picked":["Leap","Scrape","Rip and Tear"],"picked":"SKIP","floor":14},{"not_picked":["Core Surge","Biased Cognition"],"picked":"Echo Form","floor":16},{"not_picked":["Hologram","Rebound","BootSequence"],"picked":"SKIP","floor":18},{"not_picked":["Steam","Lockon"],"picked":"White Noise","floor":19},{"not_picked":["Aggregate","Leap","Sweeping Beam"],"picked":"SKIP","floor":21}],"player_experience":471732,"relics_obtained":[{"floor":9,"key":"Mercury Hourglass"},{"floor":11,"key":"Potion Belt"},{"floor":12,"key":"Letter Opener"}],"event_choices":[{"damage_healed":0,"gold_gain":0,"player_choice":"Success","damage_taken":3,"relics_obtained":["Orichalcum"],"max_hp_gain":0,"max_hp_loss":0,"event_name":"Scrap Ooze","floor":2,"gold_loss":0}],"is_beta":false,"boss_relics":[{"not_picked":["Runic Pyramid","Snecko Eye"],"picked":"Sozu"}],"items_purged_floors":[20],"is_endless":false,"potions_floor_spawned":[5,7,16,21],"killed_by":"Shelled Parasite and Fungi","ascension_level":13}