{"gold_per_floor":[110,125,125,50,50,50,84,84,109,127,127,161,161,63,63,134,134,151,76],"floor_reached":19,"playtime":571,"items_purged":[],"score":356,"play_id":"71717e0b-62f3-48a5-9453-d06926781cb7","local_time":"20190301214800","is_ascension_mode":true,"campfire_choices":[{"data":"Zap","floor":6,"key":"SMITH"},{"data":"Dualcast","floor":8,"key":"SMITH"},{"data":"Ball Lightning","floor":11,"key":"SMITH"},{"floor":15,"key":"REST"}],"neow_cost":"NONE","seed_source_timestamp":179730441599535,"circlet_count":0,"master_deck":["AscendersBane","Strike_B","Strike_B","Defend_B","Defend_B","Defend_B","Zap+1","Dualcast+1","Cold Snap","Coolheaded","Seek","Ball Lightning+1","Leap","Flash of Steel","All For One"],"relics":["Cracked Core","NeowsBlessing","Pen Nib","Peace Pipe","Potion Belt","Matryoshka","Eternal Feather"],"potions_floor_usage":[12],"damage_taken":[{"damage":0,"enemies":"Jaw Worm","floor":1,"turns":1},{"damage":0,"enemies":"Small Slimes","floor":2,"turns":1},{"damage":0,"enemies":"Gremlin Nob","floor":7,"turns":1},{"damage":0,"enemies":"2 Louse","floor":10,"turns":2},{"damage":14,"enemies":"Lagavulin","floor":12,"turns":5},{"damage":33,"enemies":"Slime Boss","floor":16,"turns":11},{"damage":0,"enemies":"Chosen","floor":18,"turns":3},{"damage":19,"enemies":"2 Thieves","floor":19,"turns":5}],"seed_played":"-4915775707823474794","potions_obtained":[{"floor":2,"key":"Fire Potion"}],"is_trial":false,"path_per_floor":["M","M","?","?","?","R","E","R","T","M","R","E","?","$","R","B",null,"M","M"],"character_chosen":"DEFECT","items_purchased":["Flash of Steel"],"campfire_rested":1,"item_purchase_floors":[14],"current_hp_per_floor":[64,64,57,57,52,52,52,52,52,52,52,38,38,38,59,26,60,60,41],"gold":76,"neow_bonus":"THREE_ENEMY_KILL","is_prod":false,"is_daily":false,"chose_seed":false,"campfire_upgraded":3,"win_rate":0,"timestamp":1551505680,"path_taken":["M","M","?","?","?","R","E","R","T","M","R","E","?","$","R","BOSS","M","M"],"build_version":"2019-01-23","purchased_purges":0,"victory":false,"max_hp_per_floor":[71,71,71,71,71,71,71,71,71,71,71,71,71,71,71,71,71,71,71],"card_choices":[{"not_picked":["Hologram","Reinforced Body"],"picked":"Cold Snap","floor":1},{"not_picked":["Beam Cell","Fusion"],"picked":"Coolheaded","floor":2},{"not_picked":["Steam","Gash"],"picked":"Seek","floor":7},{"not_picked":["Self Repair","Compile Driver"],"picked":"Ball Lightning","floor":10},{"not_picked":["Chaos","Thunder Strike","Reboot"],"picked":"SKIP","floor":12},{"not_picked":["Rainbow","Multi-Cast"],"picked":"All For One","floor":16},{"not_picked":["Stack","Ball Lightning","Reinforced Body"],"picked":"SKIP","floor":18}],"player_experience":566907,"relics_obtained":[{"floor":7,"key":"Peace Pipe"},{"floor":9,"key":"Potion Belt"},{"floor":12,"key":"Matryoshka"}],"event_choices":[{"cards_removed":["Strike_B"],"damage_healed":0,"gold_gain":0,"player_choice":"Card Removal","damage_taken":7,"max_hp_gain":0,"max_hp_loss":0,"event_name":"Golden Wing","floor":3,"gold_loss":0},{"cards_removed":["Strike_B"],"damage_healed":0,"gold_gain":0,"player_choice":"Card Removal","damage_taken":0,"max_hp_gain":0,"max_hp_loss":0,"event_name":"The Cleric","floor":4,"gold_loss":75},{"damage_healed":0,"gold_gain":0,"player_choice":"Success","damage_taken":5,"relics_obtained":["Pen Nib"],"max_hp_gain":0,"max_hp_loss":0,"event_name":"Scrap Ooze","floor":5,"gold_loss":0},{"damage_healed":0,"gold_gain":0,"cards_transformed":["Defend_B"],"player_choice":"Change","damage_taken":0,"max_hp_gain":0,"max_hp_loss":0,"event_name":"Living Wall","floor":13,"gold_loss":0,"cards_obtained":["Leap"]}],"is_beta":false,"boss_relics":[{"not_picked":["Runic Dome","Nuclear Battery"],"picked":"Eternal Feather"}],"items_purged_floors":[],"is_endless":false,"potions_floor_spawned":[2],"killed_by":"2 Thieves","ascension_level":16}