{"gold_per_floor":[109,59,59,71,81,81,91,91,91,122,92,110,124,141,141,141],"floor_reached":16,"playtime":604,"items_purged":[],"score":104,"play_id":"62d6f741-592b-4a86-b7ee-96f18777249d","local_time":"20190111144628","is_ascension_mode":false,"campfire_choices":[{"data":"Footwork","floor":6,"key":"SMITH"},{"data":"Neutralize","floor":8,"key":"SMITH"},{"data":"Cloak And Dagger","floor":15,"key":"SMITH"}],"neow_cost":"NONE","seed_source_timestamp":16696913792119,"circlet_count":0,"master_deck":["Defend_G","Defend_G","Defend_G","Defend_G","Defend_G","Strike_G","Strike_G","Strike_G","Survivor","Neutralize+1","Footwork+1","Riddle With Holes","Backflip","Acrobatics","Adrenaline","Well Laid Plans","Cloak And Dagger+1","Footwork"],"relics":["Ring of the Snake","Bottled Flame","Tough Bandages"],"potions_floor_usage":[5,13],"damage_taken":[{"damage":5,"enemies":"Jaw Worm","floor":1,"turns":6},{"damage":0,"enemies":"2 Louse","floor":4,"turns":5},{"damage":10,"enemies":"Small Slimes","floor":5,"turns":3},{"damage":0,"enemies":"3 Louse","floor":7,"turns":4},{"damage":22,"enemies":"3 Sentries","floor":10,"turns":14},{"damage":2,"enemies":"Looter","floor":11,"turns":4},{"damage":6,"enemies":"Lots of Slimes","floor":12,"turns":7},{"damage":2,"enemies":"Exordium Wildlife","floor":13,"turns":2},{"damage":0,"enemies":"Blue Slaver","floor":14,"turns":5},{"damage":0,"enemies":"Hexaghost","floor":16,"turns":6}],"seed_played":"-8175784431340815786","potions_obtained":[{"floor":4,"key":"Fire Potion"},{"floor":12,"key":"SkillPotion"},{"floor":13,"key":"PowerPotion"},{"floor":14,"key":"SneckoOil"}],"is_trial":false,"path_per_floor":["M","?","$","M","M","R","M","R","T","E","M","M","M","M","R","B"],"character_chosen":"THE_SILENT","items_purchased":[],"campfire_rested":0,"item_purchase_floors":[],"current_hp_per_floor":[65,65,65,65,55,55,55,55,55,33,31,25,23,23,23,23],"gold":141,"neow_bonus":"REMOVE_CARD","is_prod":false,"is_daily":false,"chose_seed":false,"campfire_upgraded":3,"win_rate":0,"timestamp":1547185588,"path_taken":["M","?","$","M","M","R","M","R","T","E","M","M","M","M","R","BOSS"],"build_version":"2019-01-10","purchased_purges":0,"victory":false,"max_hp_per_floor":[70,70,70,70,70,70,70,70,70,70,70,70,70,70,70,70],"card_choices":[{"not_picked":["Underhanded Strike","Crippling Poison"],"picked":"Footwork","floor":1},{"not_picked":["Sucker Punch","Deflect"],"picked":"Riddle With Holes","floor":4},{"not_picked":["Masterful Stab","Choke"],"picked":"Backflip","floor":5},{"not_picked":["Predator","Flying Knee"],"picked":"Acrobatics","floor":7},{"not_picked":["Prepared","Underhanded Strike","Distraction"],"picked":"SKIP","floor":10},{"not_picked":["PiercingWail","Caltrops"],"picked":"Adrenaline","floor":11},{"not_picked":["Flying Knee","Endless Agony"],"picked":"Well Laid Plans","floor":12},{"not_picked":["Deadly Poison","Expertise"],"picked":"Cloak And Dagger","floor":13},{"not_picked":["Deadly Poison","Acrobatics"],"picked":"Footwork","floor":14}],"player_experience":206144,"relics_obtained":[{"floor":9,"key":"Bottled Flame"},{"floor":10,"key":"Tough Bandages"}],"event_choices":[{"cards_removed":["Strike_G"],"damage_healed":0,"gold_gain":0,"player_choice":"Card Removal","damage_taken":0,"max_hp_gain":0,"max_hp_loss":0,"event_name":"The Cleric","floor":2,"gold_loss":50}],"is_beta":false,"boss_relics":[],"items_purged_floors":[],"is_endless":false,"potions_floor_spawned":[4,12,13,14],"killed_by":"Hexaghost","ascension_level":0}