{"gold_per_floor":[114,124,180,33,51,51,70,70,95,123,138,138],"floor_reached":12,"playtime":534,"items_purged":[],"score":136,"play_id":"bba50178-a8db-4148-9476-db279c294289","local_time":"20190207214900","is_ascension_mode":true,"campfire_choices":[{"data":"Coolheaded","floor":6,"key":"SMITH"},{"data":"Blizzard","floor":8,"key":"SMITH"}],"neow_cost":"TEN_PERCENT_HP_LOSS","seed_source_timestamp":1804472914570762,"circlet_count":0,"master_deck":["AscendersBane","Strike_B","Strike_B","Defend_B","Defend_B","Defend_B","Defend_B","Zap","Dualcast","Undo","Coolheaded+1","Blizzard+1","Capacitor","Turbo","Cold Snap","Self Repair"],"special_seed":0,"relics":["Cracked Core","Tiny Chest","Dream Catcher","Gremlin Horn"],"potions_floor_usage":[10,11],"damage_taken":[{"damage":5,"enemies":"Cultist","floor":1,"turns":4},{"damage":0,"enemies":"Jaw Worm","floor":2,"turns":4},{"damage":0,"enemies":"Small Slimes","floor":5,"turns":7},{"damage":20,"enemies":"3 Louse","floor":7,"turns":6},{"damage":21,"enemies":"Gremlin Nob","floor":10,"turns":5},{"damage":0,"enemies":"2 Fungi Beasts","floor":11,"turns":3},{"damage":1,"enemies":"The Mushroom Lair","floor":12,"turns":4}],"seed_played":"970338540201902824","potions_obtained":[{"floor":1,"key":"Poison Potion"},{"floor":10,"key":"Fire Potion"}],"is_trial":false,"path_per_floor":["M","M","T","$","M","R","M","R","T","E","M","?"],"character_chosen":"DEFECT","items_purchased":["Blizzard","Capacitor"],"campfire_rested":0,"item_purchase_floors":[4,4],"current_hp_per_floor":[59,59,59,59,59,59,39,39,39,18,25,24],"gold":138,"neow_bonus":"REMOVE_TWO","is_prod":false,"is_daily":false,"chose_seed":false,"campfire_upgraded":2,"win_rate":0,"timestamp":1549594140,"path_taken":["M","?","?","?","M","R","M","R","T","E","M","?"],"build_version":"2019-01-23","purchased_purges":0,"victory":false,"max_hp_per_floor":[64,64,64,64,64,64,64,64,64,64,64,64],"card_choices":[{"not_picked":["Recycle","Coolheaded"],"picked":"Undo","floor":1},{"not_picked":["Darkness","Stack"],"picked":"Coolheaded","floor":2},{"not_picked":["Coolheaded","Rebound"],"picked":"Turbo","floor":5},{"not_picked":["Lockon","Hologram"],"picked":"Cold Snap","floor":7},{"not_picked":["Leap","Hello World"],"picked":"Self Repair","floor":10},{"not_picked":["Redo","Melter","Streamline"],"picked":"SKIP","floor":11}],"player_experience":696771,"relics_obtained":[{"floor":3,"key":"Tiny Chest"},{"floor":9,"key":"Dream Catcher"},{"floor":10,"key":"Gremlin Horn"}],"event_choices":[{"damage_healed":0,"gold_gain":0,"player_choice":"Fought Mushrooms","damage_taken":0,"max_hp_gain":0,"max_hp_loss":0,"event_name":"Mushrooms","floor":12,"gold_loss":0}],"is_beta":false,"boss_relics":[],"items_purged_floors":[],"is_endless":false,"potions_floor_spawned":[1,10],"killed_by":"The Mushroom Lair","ascension_level":14}