{"gold_per_floor":[110,34,54,54,229,229,263,263,263,7,29,0,31,45,45,119,119,135,145,145,145,22,22,36,67,67,81,7,7,22,51,51,128,128,144,144,156,31,31,64,64,18,63,88,100,118,118,129,129,129,129,129,28,57,57],"floor_reached":56,"playtime":2859,"items_purged":["Doubt","Pain","Skewer"],"score":1952,"play_id":"fd298622-bdbb-4879-a390-ea42b04d0f77","local_time":"20190220113032","is_ascension_mode":true,"campfire_choices":[{"data":"Bouncing Flask","floor":6,"key":"SMITH"},{"data":"Neutralize","floor":8,"key":"SMITH"},{"data":"Footwork","floor":15,"key":"SMITH"},{"data":"Deadly Poison","floor":23,"key":"SMITH"},{"data":"Noxious Fumes","floor":29,"key":"SMITH"},{"data":"Catalyst","floor":32,"key":"SMITH"},{"data":"Catalyst","floor":41,"key":"SMITH"},{"floor":49,"key":"RECALL"},{"data":"Night Terror","floor":52,"key":"SMITH"}],"neow_cost":"NONE","seed_source_timestamp":86899911703243,"circlet_count":0,"master_deck":["AscendersBane","Defend_G","Defend_G","Defend_G","Defend_G","Defend_G","Survivor","Neutralize+1","Bouncing Flask+1","PiercingWail","Footwork+1","Corpse Explosion","Deadly Poison+1","Bite","Bite","Bite","Bite","Bite","Deadly Poison","Venomology","Blur","Noxious Fumes+1","Catalyst+1","Night Terror+1","Escape Plan","Catalyst+1","Dodge and Roll","PiercingWail","Leg Sweep+1","Finesse","PiercingWail+1"],"relics":["Coffee Dripper","Bottled Flame","Bag of Preparation","Odd Mushroom","Darkstone Periapt","White Beast Statue","WarpedTongs","Art of War","FossilizedHelix","PreservedInsect","Runic Pyramid","Lantern","Regal Pillow","Mummified Hand"],"potions_floor_usage":[11,13,19,24,25,27,27,30,31,33,33,35,40,40,45,46,48,50,50,50,50,50,54,54,55,55],"damage_taken":[{"damage":0,"enemies":"2 Louse","floor":1,"turns":4},{"damage":6,"enemies":"Small Slimes","floor":3,"turns":4},{"damage":11,"enemies":"Lagavulin","floor":7,"turns":6},{"damage":2,"enemies":"The Mushroom Lair","floor":11,"turns":5},{"damage":6,"enemies":"Gremlin Nob","floor":13,"turns":3},{"damage":4,"enemies":"Cultist","floor":14,"turns":4},{"damage":4,"enemies":"Hexaghost","floor":16,"turns":9},{"damage":0,"enemies":"Spheric Guardian","floor":18,"turns":3},{"damage":8,"enemies":"2 Thieves","floor":19,"turns":4},{"damage":0,"enemies":"Snake Plant","floor":24,"turns":3},{"damage":14,"enemies":"Slavers","floor":25,"turns":5},{"damage":0,"enemies":"Centurion and Healer","floor":27,"turns":5},{"damage":11,"enemies":"Sentry and Sphere","floor":30,"turns":5},{"damage":14,"enemies":"Gremlin Leader","floor":31,"turns":4},{"damage":28,"enemies":"Automaton","floor":33,"turns":7},{"damage":0,"enemies":"3 Shapes","floor":35,"turns":3},{"damage":37,"enemies":"3 Darklings","floor":37,"turns":5},{"damage":21,"enemies":"Giant Head","floor":40,"turns":6},{"damage":0,"enemies":"Nemesis","floor":44,"turns":5},{"damage":0,"enemies":"4 Shapes","floor":45,"turns":8},{"damage":11,"enemies":"Jaw Worm Horde","floor":46,"turns":6},{"damage":0,"enemies":"Maw","floor":48,"turns":4},{"damage":55,"enemies":"Awakened One","floor":50,"turns":11},{"damage":0,"enemies":"Shield and Spear","floor":54,"turns":4},{"damage":7,"enemies":"The Heart","floor":55,"turns":7}],"seed_played":"7953259460372532092","potions_obtained":[{"floor":11,"key":"Dexterity Potion"},{"floor":16,"key":"Weak Potion"},{"floor":18,"key":"Explosive Potion"},{"floor":19,"key":"SteroidPotion"},{"floor":24,"key":"Block Potion"},{"floor":25,"key":"EssenceOfSteel"},{"floor":27,"key":"SpeedPotion"},{"floor":30,"key":"SkillPotion"},{"floor":31,"key":"EssenceOfSteel"},{"floor":33,"key":"SkillPotion"},{"floor":35,"key":"Poison Potion"},{"floor":40,"key":"SteroidPotion"},{"floor":44,"key":"GhostInAJar"},{"floor":48,"key":"Fruit Juice"},{"floor":54,"key":"AttackPotion"}],"is_trial":false,"path_per_floor":["M","$","M","?","?","R","E","R","T","$","?","?","E","M","R","B",null,"M","M","?","?","$","R","M","E","T","M","$","R","M","E","R","B",null,"M","?","M","$","?","E","R","$","T","E","M","M","?","M","R","B",null,"R","$","E","B",null],"character_chosen":"THE_SILENT","items_purchased":["Skewer","Footwork","Strength Potion","Fire Potion","Deadly Poison","Noxious Fumes","PiercingWail","Explosive Potion","SkillPotion"],"campfire_rested":0,"item_purchase_floors":[2,10,10,10,22,28,42,53,53],"current_hp_per_floor":[63,63,57,57,57,57,46,46,46,46,44,44,38,34,34,30,60,60,52,49,55,55,55,55,44,44,55,55,55,49,44,44,31,49,55,65,37,37,37,27,27,27,27,29,42,44,44,52,52,33,61,61,61,63,63],"gold":57,"neow_bonus":"BOSS_RELIC","is_prod":false,"is_daily":false,"chose_seed":false,"campfire_upgraded":8,"win_rate":0,"timestamp":1550680232,"path_taken":["M","$","M","?","?","R","E","R","T","$","?","?","E","M","R","BOSS","M","M","?","?","$","R","M","E","T","?","?","R","M","E","R","BOSS","M","?","?","$","?","E","R","$","T","E","M","M","?","M","R","BOSS","R","$","E","BOSS"],"build_version":"2019-01-23","purchased_purges":3,"victory":true,"max_hp_per_floor":[70,70,70,70,70,70,70,70,70,70,70,70,70,70,70,70,70,70,70,49,55,55,55,55,55,55,55,55,55,55,55,55,55,55,55,65,65,65,65,65,65,65,65,65,65,65,65,65,65,70,70,70,70,70,70],"card_choices":[{"not_picked":["Acrobatics","Outmaneuver"],"picked":"Bouncing Flask","floor":1},{"not_picked":["Dash","Deflect"],"picked":"PiercingWail","floor":3},{"not_picked":["Masterful Stab","Prepared","Sucker Punch"],"picked":"SKIP","floor":7},{"not_picked":["Quick Slash","Acrobatics"],"picked":"Glass Knife","floor":13},{"not_picked":["Flying Knee","Underhanded Strike","Setup"],"picked":"SKIP","floor":14},{"not_picked":["Envenom","Phantasmal Killer"],"picked":"Corpse Explosion","floor":16},{"not_picked":["Quick Slash","Slice","Blade Dance"],"picked":"SKIP","floor":18},{"not_picked":["Bane","Blade Dance"],"picked":"Deadly Poison","floor":19},{"not_picked":["Cloak And Dagger","Caltrops","Terror"],"picked":"SKIP","floor":24},{"not_picked":["Masterful Stab+1","Distraction"],"picked":"Venomology","floor":25},{"not_picked":["Outmaneuver+1","Deadly Poison"],"picked":"Blur","floor":27},{"not_picked":["Cloak And Dagger","Prepared"],"picked":"Catalyst","floor":30},{"not_picked":["Acrobatics","Outmaneuver","Blade Dance"],"picked":"SKIP","floor":31},{"not_picked":["Malaise","Glass Knife"],"picked":"Night Terror","floor":33},{"not_picked":["Acrobatics","Deflect"],"picked":"Escape Plan","floor":35},{"not_picked":["Outmaneuver","Deflect+1"],"picked":"Catalyst","floor":37},{"not_picked":["Skewer","Dagger Throw"],"picked":"Dodge and Roll","floor":40},{"not_picked":["Eviscerate","Poisoned Stab"],"picked":"Leg Sweep+1","floor":44},{"not_picked":["Cloak And Dagger","Tactician","Deadly Poison"],"picked":"SKIP","floor":45},{"not_picked":["Quick Slash","Eviscerate","Underhanded Strike"],"picked":"SKIP","floor":46},{"not_picked":["Panache","Trip"],"picked":"Finesse","floor":47},{"not_picked":["Dodge and Roll","PiercingWail","Reflex+1"],"picked":"SKIP","floor":48},{"not_picked":["Endless Agony+1","Flechettes"],"picked":"PiercingWail+1","floor":54}],"player_experience":795545,"relics_obtained":[{"floor":7,"key":"Bottled Flame"},{"floor":9,"key":"Bag of Preparation"},{"floor":11,"key":"Odd Mushroom"},{"floor":13,"key":"Darkstone Periapt"},{"floor":25,"key":"Art of War"},{"floor":26,"key":"FossilizedHelix"},{"floor":31,"key":"PreservedInsect"},{"floor":40,"key":"Lantern"},{"floor":44,"key":"Regal Pillow"},{"floor":54,"key":"Mummified Hand"}],"event_choices":[{"damage_healed":0,"gold_gain":0,"player_choice":"Fled","damage_taken":0,"max_hp_gain":0,"max_hp_loss":0,"event_name":"Scrap Ooze","floor":4,"gold_loss":0},{"damage_healed":0,"gold_gain":175,"player_choice":"AGREE","damage_taken":0,"max_hp_gain":0,"max_hp_loss":0,"event_name":"Liars Game","floor":5,"gold_loss":0,"cards_obtained":["Doubt"]},{"damage_healed":0,"gold_gain":0,"player_choice":"Fought Mushrooms","damage_taken":0,"max_hp_gain":0,"max_hp_loss":0,"event_name":"Mushrooms","floor":11,"gold_loss":0},{"damage_healed":0,"gold_gain":0,"player_choice":"Left Gold","damage_taken":0,"max_hp_gain":0,"max_hp_loss":0,"event_name":"World of Goop","floor":12,"gold_loss":29},{"damage_healed":0,"gold_gain":0,"player_choice":"Became a vampire","damage_taken":0,"max_hp_gain":0,"max_hp_loss":21,"event_name":"Vampires","floor":20,"gold_loss":0,"cards_obtained":["Bite","Bite","Bite","Bite","Bite"]},{"damage_healed":0,"gold_gain":0,"player_choice":"Rummage","damage_taken":0,"relics_obtained":["WarpedTongs"],"max_hp_gain":0,"max_hp_loss":0,"event_name":"Accursed Blacksmith","floor":21,"gold_loss":0,"cards_obtained":["Pain"]},{"cards_removed":["Glass Knife"],"damage_healed":0,"gold_gain":0,"player_choice":"Offered Rare","damage_taken":0,"max_hp_gain":10,"max_hp_loss":0,"event_name":"Bonfire Elementals","floor":36,"gold_loss":0},{"damage_healed":0,"gold_gain":0,"player_choice":"Ignored","damage_taken":0,"max_hp_gain":0,"max_hp_loss":0,"event_name":"Mysterious Sphere","floor":39,"gold_loss":0},{"damage_healed":0,"gold_gain":0,"player_choice":"Memory 1","damage_taken":0,"max_hp_gain":0,"max_hp_loss":0,"event_name":"SensoryStone","floor":47,"gold_loss":0}],"is_beta":false,"boss_relics":[{"not_picked":["Fusion Hammer","Lizard Tail"],"picked":"White Beast Statue"},{"not_picked":["WristBlade","Busted Crown"],"picked":"Runic Pyramid"}],"items_purged_floors":[10,22,38],"is_endless":false,"potions_floor_spawned":[11,16,18,19,24,25,27,30,31,33,35,37,40,44,45,46,48,54],"ascension_level":13}