{"gold_per_floor":[212,222,39,52,40,40,68,82,106,46,46,46,66,79,79,178,178,193,212,212,229,85,148,148,148],"floor_reached":25,"playtime":1190,"items_purged":["Heel Hook+1","Strike_G"],"score":289,"play_id":"5fa3e187-5696-4056-a26c-a94051526146","local_time":"20190109211205","is_ascension_mode":true,"campfire_choices":[{"data":"Heel Hook","floor":6,"key":"SMITH"},{"data":"Noxious Fumes","floor":12,"key":"SMITH"},{"data":"Noxious Fumes","floor":15,"key":"SMITH"},{"floor":24,"key":"REST"}],"neow_cost":"NONE","seed_source_timestamp":38722101697908,"circlet_count":0,"master_deck":["Defend_G","Defend_G","Defend_G","Defend_G","Defend_G","Strike_G","Strike_G","Strike_G","Strike_G","Survivor","Neutralize","Sucker Punch","Noxious Fumes+1","Blur","Acrobatics","Catalyst","Calculated Gamble","Noxious Fumes+1","Corpse Explosion","Caltrops+1","Bane+1","Blur","Footwork"],"relics":["Ring of the Snake","The Courier","Cursed Key","Tiny Chest"],"potions_floor_usage":[23],"damage_taken":[{"damage":3,"enemies":"Jaw Worm","floor":1,"turns":6},{"damage":0,"enemies":"2 Louse","floor":2,"turns":3},{"damage":0,"enemies":"Small Slimes","floor":4,"turns":3},{"damage":10,"enemies":"Exordium Thugs","floor":5,"turns":4},{"damage":23,"enemies":"3 Sentries","floor":7,"turns":10},{"damage":1,"enemies":"Red Slaver","floor":8,"turns":7},{"damage":15,"enemies":"Lots of Slimes","floor":13,"turns":6},{"damage":0,"enemies":"Exordium Wildlife","floor":14,"turns":5},{"damage":0,"enemies":"Hexaghost","floor":16,"turns":8},{"damage":10,"enemies":"Chosen","floor":18,"turns":5},{"damage":15,"enemies":"3 Byrds","floor":19,"turns":4},{"damage":20,"enemies":"Centurion and Healer","floor":21,"turns":4},{"damage":11,"enemies":"Book of Stabbing","floor":23,"turns":5},{"damage":41,"enemies":"Gremlin Leader","floor":25,"turns":6}],"seed_played":"-8834388354604071736","potions_obtained":[{"floor":4,"key":"SkillPotion"},{"floor":5,"key":"GamblersBrew"},{"floor":13,"key":"Energy Potion"},{"floor":18,"key":"GhostInAJar"}],"is_trial":false,"path_per_floor":["M","M","$","M","M","R","E","M","T","$","?","R","M","M","R","B",null,"M","M","?","M","$","E","R","E"],"character_chosen":"THE_SILENT","items_purchased":["Noxious Fumes","Blur","Heel Hook","Blur"],"campfire_rested":1,"item_purchase_floors":[3,3,3,22],"current_hp_per_floor":[67,67,67,67,57,57,34,33,33,33,33,33,18,18,18,18,70,60,45,45,25,25,14,35,0],"gold":148,"neow_bonus":"HUNDRED_GOLD","is_prod":false,"is_daily":false,"chose_seed":false,"campfire_upgraded":3,"win_rate":0,"timestamp":1547035925,"path_taken":["M","M","$","M","M","R","E","M","T","$","?","R","M","M","R","BOSS","M","M","?","M","$","E","R","E"],"build_version":"2019-01-03v4","purchased_purges":2,"victory":false,"max_hp_per_floor":[70,70,70,70,70,70,70,70,70,70,70,70,70,70,70,70,70,70,70,70,70,70,70,70,70],"card_choices":[{"not_picked":["Slice","Deflect","Underhanded Strike"],"picked":"SKIP","floor":1},{"not_picked":["Bane","Distraction"],"picked":"Sucker Punch","floor":2},{"not_picked":["Underhanded Strike","PiercingWail"],"picked":"Acrobatics","floor":4},{"not_picked":["Deflect","Concentrate","Dagger Spray"],"picked":"SKIP","floor":5},{"not_picked":["Leg Sweep","Escape Plan","Quick Slash"],"picked":"SKIP","floor":7},{"not_picked":["Deadly Poison","Sucker Punch"],"picked":"Catalyst","floor":8},{"not_picked":["Distraction","Underhanded Strike"],"picked":"Calculated Gamble","floor":13},{"not_picked":["Blade Dance","Catalyst"],"picked":"Noxious Fumes","floor":14},{"not_picked":["Tools of the Trade","Envenom"],"picked":"Corpse Explosion","floor":16},{"not_picked":["Poisoned Stab","Crippling Poison"],"picked":"Caltrops+1","floor":18},{"not_picked":["Backstab+1","Cloak And Dagger"],"picked":"Bane+1","floor":19},{"not_picked":["Blade Dance+1","Infinite Blades","Sucker Punch+1"],"picked":"SKIP","floor":21},{"not_picked":["Slice","Cloak And Dagger"],"picked":"Footwork","floor":23}],"player_experience":181791,"relics_obtained":[{"floor":7,"key":"The Courier"},{"floor":23,"key":"Tiny Chest"}],"event_choices":[{"damage_healed":0,"gold_gain":0,"player_choice":"Ignored","damage_taken":0,"max_hp_gain":0,"max_hp_loss":0,"event_name":"Golden Idol","floor":11,"gold_loss":0},{"damage_healed":0,"gold_gain":0,"player_choice":"Ignored","damage_taken":0,"max_hp_gain":0,"max_hp_loss":0,"event_name":"The Mausoleum","floor":20,"gold_loss":0}],"is_beta":false,"boss_relics":[{"not_picked":["HoveringKite","Snecko Eye"],"picked":"Cursed Key"}],"items_purged_floors":[10,22],"is_endless":false,"potions_floor_spawned":[4,5,13,16,18,21],"killed_by":"Gremlin Leader","ascension_level":1}