{"path_per_floor":["M","M","?","?","M","$","M","R","T","M","R","$","R","M","R","B",null,"M","?","M","M","?","R","$","?","T","M","M","R","M","M","R","B",null,"M","?","$","M","?","R","E","$","T","R","$","?","R","M","R","B"],"character_chosen":"IRONCLAD","items_purchased":["Corruption","Whirlwind+1","Oddly Smooth Stone","Shrug It Off","Vajra","Bottled Tornado","Ice Cream"],"gold_per_floor":[114,129,79,79,94,40,55,55,55,70,70,14,14,29,29,129,159,174,174,219,234,484,484,322,247,297,312,327,327,342,357,357,457,457,472,472,352,367,413,413,443,243,268,268,28,28,28,43,43,43],"floor_reached":51,"campfire_rested":0,"playtime":2709,"item_purchase_floors":[6,12,24,24,37,42,45],"current_hp_per_floor":[78,82,82,81,80,79,81,80,79,78,77,76,75,78,77,56,80,79,78,82,73,73,73,73,73,73,75,78,78,80,79,78,77,78,77,76,75,79,73,73,82,81,80,79,78,68,68,78,78,85],"items_purged":[],"gold":43,"score":792,"play_id":"838cdc0a-7b97-42c9-9783-a686b1d10ed7","local_time":"20180611210738","daily_mods":["Shiny","Terminal","Vintage"],"is_prod":false,"is_daily":true,"chose_seed":false,"is_ascension_mode":false,"campfire_upgraded":11,"win_rate":0,"timestamp":1528776458,"campfire_choices":[{"data":"Fiend Fire","floor":8,"key":"SMITH"},{"data":"Feed","floor":11,"key":"SMITH"},{"data":"Demon Form","floor":13,"key":"SMITH"},{"data":"Barricade","floor":15,"key":"SMITH"},{"data":"Flame Barrier","floor":23,"key":"SMITH"},{"data":"Impervious","floor":29,"key":"SMITH"},{"data":"Shrug It Off","floor":32,"key":"SMITH"},{"data":"Metallicize","floor":40,"key":"SMITH"},{"data":"Exhume","floor":44,"key":"SMITH"},{"data":"Limit Break","floor":47,"key":"SMITH"},{"data":"Madness","floor":49,"key":"SMITH"}],"path_taken":["M","M","?","?","M","?","?","R","T","M","R","$","R","M","R","BOSS","M","?","M","M","?","R","$","?","T","M","M","R","M","M","R","BOSS","M","?","$","M","?","R","E","$","T","R","$","?","R","M","R","BOSS"],"build_version":"2018-06-07v3","seed_source_timestamp":0,"purchased_purges":0,"victory":true,"master_deck":["Double Tap","Demon Form+1","Bludgeon+1","Feed+1","Limit Break+1","Barricade+1","Fiend Fire+1","Impervious+1","Juggernaut","Reaper","Exhume+1","Offering","Immolate+1","Corruption","Whirlwind+1","Offering","Flame Barrier+1","Thunderclap+1","Shrug It Off+1","Offering","Heavy Blade+1","Shrug It Off+1","Headbutt+1","Metallicize+1","Entrench+1","Madness+1","Madness"],"max_hp_per_floor":[78,83,82,81,80,79,81,80,79,78,77,76,75,78,77,76,80,79,78,82,85,84,83,82,81,80,79,82,81,80,79,78,77,78,77,76,75,79,84,83,82,81,80,79,78,77,76,79,78,85],"relics":["Burning Blood","Omamori","The Courier","Unceasing Top","Question Card","Molten Egg 2","Champion Belt","Mercury Hourglass","Paper Frog","Tiny House","Shuriken","Tiny Chest","Singing Bowl","Oddly Smooth Stone","Happy Flower","Ornamental Fan","Blood Vial","Bronze Scales","Bottled Flame","Kunai","Orrery","Regal Pillow","Vajra","Bird Faced Urn","Turnip","Boot","Bottled Tornado","Potion Belt","Ice Cream","Centennial Puzzle"],"card_choices":[{"not_picked":["Demon Form","Bludgeon+1","Dark Embrace"],"picked":"Offering","floor":16},{"not_picked":["Twin Strike+1","Havoc","Flex"],"picked":"Flame Barrier","floor":17},{"not_picked":["Berserk","Fiend Fire+1","Juggernaut"],"picked":"Offering","floor":33},{"not_picked":["Warcry","Entrench","Shrug It Off+1"],"picked":"Heavy Blade+1","floor":34},{"not_picked":["Havoc","Sentinel","Sword Boomerang+1","Pommel Strike+1"],"picked":"Singing Bowl","floor":34},{"not_picked":["Sever Soul+1","Thunderclap+1","Clash+1"],"picked":"Shrug It Off+1","floor":34},{"not_picked":["Combust","Reckless Charge+1","Infernal Blade"],"picked":"Headbutt+1","floor":34},{"not_picked":["Anger+1","Heavy Blade+1","True Grit+1"],"picked":"Metallicize","floor":34},{"not_picked":["Pommel Strike+1","Clash+1","Burning Pact+1","Headbutt+1"],"picked":"Singing Bowl","floor":39},{"not_picked":["Impervious","Warcry+1","Havoc+1"],"picked":"Entrench+1","floor":41}],"player_experience":191458,"potions_floor_usage":[20,33,33,38,50,50],"damage_taken":[{"damage":0,"enemies":"2 Louse","floor":1,"turns":1},{"damage":8,"enemies":"Small Slimes","floor":2,"turns":3},{"damage":0,"enemies":"Cultist","floor":5,"turns":2},{"damage":4,"enemies":"Exordium Wildlife","floor":7,"turns":2},{"damage":2,"enemies":"Blue Slaver","floor":10,"turns":3},{"damage":6,"enemies":"3 Louse","floor":14,"turns":2},{"damage":27,"enemies":"The Guardian","floor":16,"turns":7},{"damage":4,"enemies":"Spheric Guardian","floor":18,"turns":1},{"damage":4,"enemies":"2 Thieves","floor":20,"turns":1},{"damage":19,"enemies":"Centurion and Healer","floor":21,"turns":2},{"damage":4,"enemies":"3 Cultists","floor":27,"turns":1},{"damage":12,"enemies":"Snecko","floor":28,"turns":2},{"damage":8,"enemies":"Cultist and Chosen","floor":30,"turns":2},{"damage":4,"enemies":"Sentry and Sphere","floor":31,"turns":3},{"damage":24,"enemies":"Champ","floor":33,"turns":7},{"damage":4,"enemies":"Orb Walker","floor":35,"turns":1},{"damage":0,"enemies":"3 Darklings","floor":38,"turns":1},{"damage":18,"floor":39,"turns":2},{"damage":16,"enemies":"Nemesis","floor":41,"turns":7},{"damage":16,"enemies":"Maw","floor":48,"turns":5},{"damage":12,"enemies":"Awakened One","floor":50,"turns":11}],"relics_obtained":[{"floor":1,"key":"Omamori"},{"floor":2,"key":"The Courier"},{"floor":5,"key":"Unceasing Top"},{"floor":7,"key":"Question Card"},{"floor":9,"key":"Molten Egg 2"},{"floor":10,"key":"Champion Belt"},{"floor":14,"key":"Mercury Hourglass"},{"floor":16,"key":"Paper Frog"},{"floor":18,"key":"Shuriken"},{"floor":20,"key":"Tiny Chest"},{"floor":21,"key":"Singing Bowl"},{"floor":26,"key":"Happy Flower"},{"floor":27,"key":"Ornamental Fan"},{"floor":28,"key":"Blood Vial"},{"floor":30,"key":"Bronze Scales"},{"floor":31,"key":"Bottled Flame"},{"floor":33,"key":"Kunai"},{"floor":35,"key":"Regal Pillow"},{"floor":38,"key":"Bird Faced Urn"},{"floor":39,"key":"Turnip"},{"floor":41,"key":"Boot"},{"floor":43,"key":"Potion Belt"},{"floor":48,"key":"Centennial Puzzle"}],"event_choices":[{"event_name":"The Cleric","player_choice":"Card Removal","floor":3,"damage_taken":0},{"event_name":"Accursed Blacksmith","player_choice":"Forge","floor":4,"damage_taken":0},{"event_name":"The Library","player_choice":"Read","floor":19,"damage_taken":0},{"event_name":"Golden Shrine","player_choice":"Desecrate","floor":22,"damage_taken":0},{"event_name":"Beggar","player_choice":"Gave Gold","floor":25,"damage_taken":0},{"event_name":"Falling","player_choice":"Removed Power","floor":36,"damage_taken":0},{"event_name":"Mysterious Sphere","player_choice":"Fight","floor":39,"damage_taken":0},{"event_name":"Winding Halls","player_choice":"Embrace Madness","floor":46,"damage_taken":0}],"boss_relics":[{"not_picked":["Eternal Feather","Black Star"],"picked":"Tiny House"},{"not_picked":["Philosopher\u0027s Stone","Black Blood"],"picked":"Orrery"}],"items_purged_floors":[],"potions_floor_spawned":[1,10,14,18,21,30,33,39,48],"seed_played":"1328188015315742708","ascension_level":0,"potions_obtained":[{"floor":1,"key":"GamblersBrew"},{"floor":10,"key":"BloodPotion"},{"floor":14,"key":"SteroidPotion"},{"floor":17,"key":"Fruit Juice"},{"floor":21,"key":"Regen Potion"},{"floor":30,"key":"Energy Potion"},{"floor":33,"key":"Fruit Juice"},{"floor":39,"key":"Block Potion"},{"floor":48,"key":"SkillPotion"}],"is_trial":false}