{"gold_per_floor":[210,210,86,99,112,112,138,138,138,154,154,173,189,64,64,169,169,188,188,201,201,201],"floor_reached":22,"playtime":1494,"items_purged":["Pain","Strike_R"],"score":242,"play_id":"8dc57b75-3d72-47ee-8e01-4b3b94e40112","local_time":"20190209170649","is_ascension_mode":true,"campfire_choices":[{"data":"Armaments","floor":6,"key":"SMITH"},{"data":"Body Slam","floor":8,"key":"SMITH"},{"data":"Rage","floor":11,"key":"SMITH"},{"data":"True Grit","floor":15,"key":"SMITH"}],"neow_cost":"NONE","seed_source_timestamp":35881030076506,"circlet_count":0,"master_deck":["Strike_R","Strike_R","Strike_R","Strike_R","Defend_R","Defend_R","Defend_R","Defend_R","Bash","Rage+1","Armaments+1","Body Slam+1","Shrug It Off","Ghostly Armor","Armaments","True Grit+1","Shrug It Off","Impervious","Shame"],"relics":["Burning Blood","WarpedTongs","Shuriken","Centennial Puzzle","Sozu","Nilry\u0027s Codex","Lantern"],"potions_floor_usage":[16,20],"damage_taken":[{"damage":7,"enemies":"Jaw Worm","floor":1,"turns":3},{"damage":2,"enemies":"Cultist","floor":4,"turns":4},{"damage":10,"enemies":"Small Slimes","floor":5,"turns":4},{"damage":24,"enemies":"Gremlin Nob","floor":7,"turns":4},{"damage":7,"enemies":"Blue Slaver","floor":10,"turns":2},{"damage":0,"enemies":"2 Fungi Beasts","floor":12,"turns":3},{"damage":3,"enemies":"Large Slime","floor":13,"turns":8},{"damage":43,"enemies":"Hexaghost","floor":16,"turns":15},{"damage":4,"enemies":"Shell Parasite","floor":18,"turns":3},{"damage":3,"enemies":"3 Byrds","floor":20,"turns":5},{"damage":64,"enemies":"Masked Bandits","floor":22,"turns":5}],"seed_played":"-4637281111455498495","potions_obtained":[{"floor":4,"key":"AttackPotion"},{"floor":12,"key":"SteroidPotion"},{"floor":13,"key":"Dexterity Potion"},{"floor":16,"key":"FearPotion"}],"is_trial":false,"path_per_floor":["M","?","$","M","M","R","E","R","T","M","R","M","M","$","R","B",null,"M","?","M","?","?"],"character_chosen":"IRONCLAD","items_purchased":["Armaments","Shrug It Off"],"campfire_rested":0,"item_purchase_floors":[3,14],"current_hp_per_floor":[71,71,71,75,71,71,53,53,53,52,52,58,61,61,61,24,66,68,52,55,55,0],"gold":201,"neow_bonus":"HUNDRED_GOLD","is_prod":false,"is_daily":false,"chose_seed":false,"campfire_upgraded":4,"win_rate":0,"timestamp":1549760809,"path_taken":["M","?","$","M","?","R","E","R","T","M","R","M","M","$","R","BOSS","M","?","M","?","?"],"build_version":"2019-01-23","purchased_purges":2,"victory":false,"max_hp_per_floor":[80,80,80,80,80,80,80,80,80,80,80,80,80,80,80,80,80,80,80,80,80,80],"card_choices":[{"not_picked":["Sword Boomerang","Sentinel"],"picked":"Rage","floor":1},{"not_picked":["Headbutt","Evolve","Sword Boomerang"],"picked":"SKIP","floor":4},{"not_picked":["Flex","Clothesline"],"picked":"Body Slam","floor":5},{"not_picked":["Iron Wave","Power Through"],"picked":"Shrug It Off","floor":7},{"not_picked":["Dark Embrace","Seeing Red"],"picked":"Ghostly Armor","floor":10},{"not_picked":["Clothesline","Combust"],"picked":"Armaments","floor":12},{"not_picked":["Headbutt","Pommel Strike"],"picked":"True Grit","floor":13},{"not_picked":["Berserk","Limit Break"],"picked":"Impervious","floor":16},{"not_picked":["Wild Strike+1","Cleave","Clash"],"picked":"SKIP","floor":18},{"not_picked":["Armaments","Whirlwind","Clash+1"],"picked":"SKIP","floor":20}],"player_experience":312868,"relics_obtained":[{"floor":7,"key":"Shuriken"},{"floor":9,"key":"Centennial Puzzle"},{"floor":19,"key":"Nilry\u0027s Codex"}],"event_choices":[{"damage_healed":0,"gold_gain":0,"player_choice":"Rummage","damage_taken":0,"relics_obtained":["WarpedTongs"],"max_hp_gain":0,"max_hp_loss":0,"event_name":"Accursed Blacksmith","floor":2,"gold_loss":0,"cards_obtained":["Pain"]},{"damage_healed":0,"gold_gain":0,"player_choice":"Obtained Book","damage_taken":16,"max_hp_gain":0,"max_hp_loss":0,"event_name":"Cursed Tome","floor":19,"gold_loss":0},{"damage_healed":0,"gold_gain":0,"player_choice":"Stole Relic","damage_taken":0,"relics_obtained":["Lantern"],"max_hp_gain":0,"max_hp_loss":0,"event_name":"Addict","floor":21,"gold_loss":0,"cards_obtained":["Shame"]},{"damage_healed":0,"gold_gain":0,"player_choice":"Fought Bandits","damage_taken":0,"max_hp_gain":0,"max_hp_loss":0,"event_name":"Masked Bandits","floor":22,"gold_loss":0}],"is_beta":false,"boss_relics":[{"not_picked":["Busted Crown","Velvet Choker"],"picked":"Sozu"}],"items_purged_floors":[3,14],"is_endless":false,"potions_floor_spawned":[4,12,13,16,18,20],"killed_by":"Masked Bandits","ascension_level":6}