{"gold_per_floor":[112,37,47,60,73,73,73,73,73,87,97,97,116,116,116,116],"floor_reached":16,"playtime":385,"items_purged":["Strike_B"],"score":103,"play_id":"6294705b-2f9f-47db-9991-45ca4bdb60a3","local_time":"20181206092034","is_ascension_mode":true,"campfire_choices":[{"floor":6,"key":"REST"},{"floor":8,"key":"REST"},{"floor":12,"key":"REST"},{"floor":15,"key":"REST"}],"neow_cost":"TEN_PERCENT_HP_LOSS","seed_source_timestamp":481860893953174,"circlet_count":0,"master_deck":["Strike_B","Defend_B","Defend_B","Defend_B","Zap","Dualcast","Static Discharge","Pain","Thunder Strike","Go for the Eyes"],"relics":["Cracked Core","WarpedTongs","Dead Branch"],"potions_floor_usage":[10,16],"damage_taken":[{"damage":1,"enemies":"Cultist","floor":1,"turns":3},{"damage":7,"enemies":"Jaw Worm","floor":3,"turns":2},{"damage":12,"enemies":"Small Slimes","floor":4,"turns":2},{"damage":32,"enemies":"Exordium Thugs","floor":5,"turns":4},{"damage":25,"enemies":"Lots of Slimes","floor":10,"turns":4},{"damage":22,"enemies":"Red Slaver","floor":11,"turns":3},{"damage":23,"enemies":"Exordium Thugs","floor":13,"turns":3},{"damage":30,"enemies":"The Guardian","floor":16,"turns":2}],"seed_played":"-7684629615304919477","potions_obtained":[{"floor":1,"key":"Strength Potion"},{"floor":5,"key":"Block Potion"},{"floor":11,"key":"FearPotion"}],"is_trial":false,"path_per_floor":["M","$","M","M","M","R","?","R","T","M","M","R","M","?","R","B"],"character_chosen":"DEFECT","items_purchased":[],"campfire_rested":4,"item_purchase_floors":[],"current_hp_per_floor":[67,67,60,48,16,36,36,56,56,31,9,29,6,6,26,0],"gold":116,"neow_bonus":"REMOVE_TWO","is_prod":false,"is_daily":false,"chose_seed":false,"campfire_upgraded":0,"win_rate":0,"timestamp":1544106034,"path_taken":["M","$","?","M","M","R","?","R","T","?","M","R","M","?","R","BOSS"],"build_version":"2018-11-15","purchased_purges":1,"victory":false,"max_hp_per_floor":[68,68,68,68,68,68,68,68,68,68,68,68,68,68,68,68],"card_choices":[{"not_picked":["Heatsinks","Conserve Battery","Streamline"],"picked":"SKIP","floor":1},{"not_picked":["BootSequence","Hologram","Scrape"],"picked":"SKIP","floor":3},{"not_picked":["Conserve Battery","Coolheaded"],"picked":"Static Discharge","floor":4},{"not_picked":["Cold Snap","Redo","Leap"],"picked":"SKIP","floor":5},{"not_picked":["Ball Lightning","Turbo"],"picked":"Thunder Strike","floor":10},{"not_picked":["Conserve Battery","Force Field","Steam"],"picked":"SKIP","floor":11},{"not_picked":["Rip and Tear","Sweeping Beam","Barrage"],"picked":"SKIP","floor":13}],"player_experience":280814,"relics_obtained":[{"floor":9,"key":"Dead Branch"}],"event_choices":[{"damage_healed":0,"gold_gain":0,"player_choice":"Rummage","damage_taken":0,"relics_obtained":["WarpedTongs"],"max_hp_gain":0,"max_hp_loss":0,"event_name":"Accursed Blacksmith","floor":7,"gold_loss":0,"cards_obtained":["Pain"]},{"damage_healed":0,"gold_gain":0,"cards_transformed":["Strike_B"],"player_choice":"Transformed","damage_taken":0,"max_hp_gain":0,"max_hp_loss":0,"event_name":"Transmorgrifier","floor":14,"gold_loss":0,"cards_obtained":["Go for the Eyes"]}],"is_beta":false,"boss_relics":[],"items_purged_floors":[2],"is_endless":false,"potions_floor_spawned":[1,5,11],"killed_by":"The Guardian","ascension_level":2}