{"gold_per_floor":[119,119,130,305,62,90,90,22,46,76,76,26,44,58,58,163,163,163],"floor_reached":18,"playtime":1312,"items_purged":["Doubt"],"score":193,"play_id":"ef8b8479-ffbc-4d1d-900e-729772737281","local_time":"20181014140122","is_ascension_mode":true,"campfire_choices":[{"data":"Bash","floor":7,"key":"SMITH"},{"floor":15,"key":"REST"}],"neow_cost":"NONE","seed_source_timestamp":423857947026107,"circlet_count":0,"master_deck":["Strike_R","Strike_R","Strike_R","Strike_R","Strike_R","Defend_R","Defend_R","Defend_R","Defend_R","Bash+1","Dropkick","Battle Trance","Power Through","Ghostly Armor","Ghostly Armor","Sentinel","Reaper"],"relics":["Burning Blood","Juzu Bracelet","Pear","Darkstone Periapt","Centennial Puzzle","Boot","Smiling Mask","Art of War","Fusion Hammer"],"potions_floor_usage":[16,16],"damage_taken":[{"damage":1,"enemies":"Cultist","floor":1,"turns":3},{"damage":16,"enemies":"Jaw Worm","floor":3,"turns":4},{"damage":32,"enemies":"Gremlin Nob","floor":6,"turns":4},{"damage":46,"enemies":"Lagavulin","floor":10,"turns":9},{"damage":7,"enemies":"2 Louse","floor":13,"turns":2},{"damage":0,"enemies":"Red Slaver","floor":14,"turns":5},{"damage":36,"enemies":"The Guardian","floor":16,"turns":17},{"damage":26,"enemies":"Spheric Guardian","floor":18,"turns":7}],"seed_played":"1874226472906367359","potions_obtained":[{"floor":6,"key":"Dexterity Potion"},{"floor":10,"key":"PowerPotion"},{"floor":14,"key":"SteroidPotion"},{"floor":16,"key":"SteroidPotion"}],"is_trial":false,"path_per_floor":["M","T","M","?","$","E","R","$","T","E","?","$","M","M","R","B",null],"character_chosen":"IRONCLAD","items_purchased":["Darkstone Periapt","Power Through"],"campfire_rested":1,"item_purchase_floors":[5,8],"current_hp_per_floor":[80,90,80,80,80,54,54,54,54,14,14,14,13,19,46,16,90,64],"gold":163,"neow_bonus":"RANDOM_COMMON_RELIC","is_prod":false,"is_daily":false,"chose_seed":false,"campfire_upgraded":1,"win_rate":0,"timestamp":1539540082,"path_taken":["M","?","M","?","$","E","R","$","T","E","?","?","M","M","R","BOSS","M"],"build_version":"2018-10-11","purchased_purges":1,"victory":false,"max_hp_per_floor":[80,90,90,90,90,90,90,90,90,90,90,90,90,90,90,90,90,90],"card_choices":[{"not_picked":["Twin Strike","Warcry"],"picked":"Dropkick","floor":1},{"not_picked":["Warcry","Shrug It Off","True Grit"],"picked":"SKIP","floor":3},{"not_picked":["Body Slam","Perfected Strike"],"picked":"Battle Trance","floor":6},{"not_picked":["Havoc","Blood for Blood"],"picked":"Ghostly Armor","floor":10},{"not_picked":["Pommel Strike","Twin Strike"],"picked":"Ghostly Armor","floor":13},{"not_picked":["Twin Strike","Rampage"],"picked":"Sentinel","floor":14},{"not_picked":["Brutality","Limit Break"],"picked":"Reaper","floor":16}],"player_experience":156933,"relics_obtained":[{"floor":2,"key":"Pear"},{"floor":6,"key":"Centennial Puzzle"},{"floor":9,"key":"Boot"},{"floor":10,"key":"Smiling Mask"}],"event_choices":[{"event_name":"Liars Game","player_choice":"agreed","floor":4,"damage_taken":0},{"event_name":"WeMeetAgain","player_choice":"Potion","floor":11,"damage_taken":0}],"is_beta":false,"boss_relics":[{"not_picked":["Sozu","Busted Crown"],"picked":"Fusion Hammer"}],"items_purged_floors":[12],"is_endless":false,"potions_floor_spawned":[6,10,14,16],"killed_by":"Spheric Guardian","ascension_level":3}