{"gold_per_floor":[365,540,540,553,553,553,569,594,621,621,149,162,162,162,162,282,282,296,3,24,24],"floor_reached":21,"playtime":1032,"items_purged":["Doubt","Injury"],"score":230,"play_id":"222d4252-9957-4395-b680-4e93abc1f478","local_time":"20190209173439","is_ascension_mode":true,"campfire_choices":[{"floor":6,"key":"REST"},{"data":"Heavy Blade","floor":10,"key":"SMITH"},{"data":"Body Slam","floor":13,"key":"SMITH"},{"data":"Inflame","floor":15,"key":"SMITH"}],"neow_cost":"PERCENT_DAMAGE","seed_source_timestamp":38013519300357,"circlet_count":0,"master_deck":["Strike_R","Strike_R","Strike_R","Strike_R","Strike_R","Defend_R","Defend_R","Defend_R","Defend_R","Bash","Entrench+1","Heavy Blade+1","Inflame+1","Inflame","Shrug It Off+1","Body Slam+1","Seeing Red+1","Demon Form","Armaments+1","Flex+1","Heavy Blade"],"relics":["Burning Blood","Pen Nib","Nunchaku","Toxic Egg 2","Golden Idol","Sozu","Vajra"],"potions_floor_usage":[16,18],"damage_taken":[{"damage":0,"enemies":"Small Slimes","floor":1,"turns":3},{"damage":18,"enemies":"Jaw Worm","floor":4,"turns":4},{"damage":1,"enemies":"Cultist","floor":7,"turns":3},{"damage":32,"enemies":"Lagavulin","floor":8,"turns":8},{"damage":7,"enemies":"2 Fungi Beasts","floor":12,"turns":4},{"damage":44,"enemies":"Slime Boss","floor":16,"turns":9},{"damage":22,"enemies":"Shell Parasite","floor":18,"turns":5},{"damage":49,"enemies":"3 Byrds","floor":20,"turns":6},{"damage":32,"enemies":"Snecko","floor":21,"turns":3}],"seed_played":"3636999109458259809","potions_obtained":[{"floor":1,"key":"Regen Potion"},{"floor":4,"key":"SneckoOil"},{"floor":16,"key":"BloodPotion"}],"is_trial":false,"path_per_floor":["M","?","?","M","?","R","M","E","T","R","$","M","R","?","R","B",null,"M","$","M","M"],"character_chosen":"IRONCLAD","items_purchased":["Toxic Egg 2","Inflame","Shrug It Off+1","Body Slam","Vajra","Flex+1"],"campfire_rested":1,"item_purchase_floors":[11,11,11,11,19,19],"current_hp_per_floor":[57,57,50,38,38,62,67,41,41,41,41,40,40,40,40,17,64,56,56,13,0],"gold":24,"neow_bonus":"TWO_FIFTY_GOLD","is_prod":false,"is_daily":false,"chose_seed":false,"campfire_upgraded":3,"win_rate":0,"timestamp":1549762479,"path_taken":["M","?","?","M","?","R","M","E","T","R","$","M","R","?","R","BOSS","M","$","M","M"],"build_version":"2019-01-23","purchased_purges":2,"victory":false,"max_hp_per_floor":[80,80,80,80,80,80,80,80,80,80,80,80,80,80,80,80,80,80,80,80,80],"card_choices":[{"not_picked":["Warcry","Second Wind"],"picked":"Entrench","floor":1},{"not_picked":["Anger","Evolve"],"picked":"Heavy Blade","floor":4},{"not_picked":["Sword Boomerang","Combust"],"picked":"Inflame","floor":7},{"not_picked":["Pommel Strike","Fiend Fire","Headbutt"],"picked":"SKIP","floor":8},{"not_picked":["Pommel Strike","Whirlwind"],"picked":"Seeing Red+1","floor":12},{"not_picked":["Offering+1","Feed"],"picked":"Demon Form","floor":16},{"not_picked":["Clothesline","Warcry+1"],"picked":"Armaments+1","floor":18},{"not_picked":["Havoc+1","Whirlwind"],"picked":"Heavy Blade","floor":20}],"player_experience":314362,"relics_obtained":[{"floor":8,"key":"Nunchaku"}],"event_choices":[{"damage_healed":0,"gold_gain":175,"player_choice":"AGREE","damage_taken":0,"max_hp_gain":0,"max_hp_loss":0,"event_name":"Liars Game","floor":2,"gold_loss":0,"cards_obtained":["Doubt"]},{"damage_healed":0,"gold_gain":0,"player_choice":"Success","damage_taken":7,"relics_obtained":["Pen Nib"],"max_hp_gain":0,"max_hp_loss":0,"event_name":"Scrap Ooze","floor":3,"gold_loss":0},{"damage_healed":0,"gold_gain":0,"player_choice":"Grow","damage_taken":0,"max_hp_gain":0,"max_hp_loss":0,"event_name":"Living Wall","floor":5,"gold_loss":0,"cards_upgraded":["Entrench"]},{"damage_healed":0,"gold_gain":0,"player_choice":"Take Wound","damage_taken":0,"relics_obtained":["Golden Idol"],"max_hp_gain":0,"max_hp_loss":0,"event_name":"Golden Idol","floor":14,"gold_loss":0,"cards_obtained":["Injury"]}],"is_beta":false,"boss_relics":[{"not_picked":["Runic Cube","Astrolabe"],"picked":"Sozu"}],"items_purged_floors":[11,19],"is_endless":false,"potions_floor_spawned":[1,4,16],"killed_by":"Snecko","ascension_level":6}