{"gold_per_floor":[211,224,224,239,258,258,290,290,290,290,322,332,351,20,20,96,96,111,127,127,144,69,101,101,101,124,124,135,60,93,93,93,93],"floor_reached":33,"playtime":2961,"items_purged":["Defend_G"],"score":556,"play_id":"fc3cfc5e-61ea-4dd4-89d9-3c0e8cfb777e","local_time":"20190301000855","is_ascension_mode":true,"campfire_choices":[{"data":"Neutralize","floor":6.0,"key":"SMITH"},{"floor":8.0,"key":"REST"},{"data":"Footwork","floor":10.0,"key":"SMITH"},{"data":"Footwork","floor":15.0,"key":"SMITH"},{"data":"Malaise","floor":25.0,"key":"SMITH"},{"data":"Well Laid Plans","floor":27.0,"key":"SMITH"},{"data":"1","floor":32,"key":"LIFT"}],"neow_cost":"NONE","seed_source_timestamp":163727487410737,"circlet_count":0,"master_deck":["AscendersBane","Defend_G","Defend_G","Defend_G","Survivor","Neutralize+1","Crippling Poison","Footwork+1","Well Laid Plans+1","Footwork+1","Bullet Time","Malaise+1","Backstab","Tools of the Trade","Bite","Bite","Bite","Bite","Bite"],"special_seed":0,"relics":["Ring of the Snake","Meat on the Bone","Question Card","Whetstone","Oddly Smooth Stone","Busted Crown","Girya","MutagenicStrength","Bag of Marbles","Strawberry"],"potions_floor_usage":[33,33],"damage_taken":[{"damage":0.0,"enemies":"2 Louse","floor":1.0,"turns":3.0},{"damage":5.0,"enemies":"Cultist","floor":2.0,"turns":6.0},{"damage":4.0,"enemies":"Small Slimes","floor":4.0,"turns":4.0},{"damage":3.0,"enemies":"Looter","floor":5.0,"turns":4.0},{"damage":35.0,"enemies":"Lagavulin","floor":7.0,"turns":8.0},{"damage":10.0,"enemies":"3 Sentries","floor":11.0,"turns":17.0},{"damage":4.0,"enemies":"2 Fungi Beasts","floor":12.0,"turns":4.0},{"damage":18.0,"enemies":"3 Louse","floor":13.0,"turns":6.0},{"damage":26.0,"enemies":"The Guardian","floor":16.0,"turns":18.0},{"damage":0.0,"enemies":"Chosen","floor":18.0,"turns":8.0},{"damage":13.0,"enemies":"Spheric Guardian","floor":19.0,"turns":10.0},{"damage":3.0,"enemies":"Centurion and Healer","floor":21.0,"turns":18.0},{"damage":17.0,"enemies":"Book of Stabbing","floor":23.0,"turns":12.0},{"damage":13.0,"enemies":"Sentry and Sphere","floor":28.0,"turns":11.0},{"damage":20.0,"enemies":"Slavers","floor":30.0,"turns":11.0},{"damage":112,"enemies":"Champ","floor":33,"turns":29}],"seed_played":"793889686104326270","potions_obtained":[{"floor":1.0,"key":"Poison Potion"},{"floor":3.0,"key":"Poison Potion"},{"floor":7.0,"key":"Energy Potion"},{"floor":11.0,"key":"Ancient Potion"},{"floor":16.0,"key":"Fire Potion"},{"floor":30.0,"key":"Fire Potion"}],"is_trial":false,"path_per_floor":["M","M","?","M","M","R","E","R","T","R","E","M","M","$","R","B",null,"M","M","?","M","$","E","?","R","T","R","M","?","E","?","R","B"],"character_chosen":"THE_SILENT","items_purchased":["Oddly Smooth Stone","Malaise","Backstab"],"campfire_rested":1,"item_purchase_floors":[14,14,14],"current_hp_per_floor":[59,54,54,50,47,47,12,31,31,31,33,41,35,35,35,21,55,55,42,42,46,46,46,46,46,46,46,46,46,52,52,52,0],"gold":93,"neow_bonus":"HUNDRED_GOLD","is_prod":false,"is_daily":false,"chose_seed":false,"campfire_upgraded":5,"win_rate":0,"timestamp":1551427735,"path_taken":["M","M","?","M","?","R","E","R","T","R","E","M","M","$","R","BOSS","M","M","?","M","$","E","?","R","T","R","M","?","E","?","R","BOSS"],"build_version":"2019-01-23","purchased_purges":1,"victory":false,"max_hp_per_floor":[66,66,66,66,66,66,66,66,66,66,66,66,66,66,66,66,66,66,66,46,46,46,46,46,46,46,46,46,46,53,53,53,53],"card_choices":[{"not_picked":["Finisher","Reflex","Flechettes"],"picked":"SKIP","floor":1.0},{"not_picked":["Masterful Stab","Quick Slash","Caltrops"],"picked":"SKIP","floor":2.0},{"not_picked":["Bane","Setup"],"picked":"Crippling Poison","floor":4.0},{"not_picked":["Eviscerate","Riddle With Holes"],"picked":"Footwork","floor":5.0},{"not_picked":["Calculated Gamble","Dagger Spray","Blade Dance"],"picked":"SKIP","floor":7.0},{"not_picked":["All Out Attack","Blur","Dash"],"picked":"Well Laid Plans","floor":11.0},{"not_picked":["Dagger Throw","Backflip","Outmaneuver"],"picked":"Footwork","floor":12.0},{"not_picked":["Predator","Quick Slash","Poisoned Stab"],"picked":"Bullet Time","floor":13.0},{"not_picked":["Malaise","Night Terror","Unload"],"picked":"Tools of the Trade","floor":16.0},{"not_picked":["Blade Dance","Deadly Poison"],"picked":"SKIP","floor":18.0},{"not_picked":["Blade Dance","PiercingWail"],"picked":"SKIP","floor":19.0},{"not_picked":["Sucker Punch","Flying Knee"],"picked":"SKIP","floor":21.0},{"not_picked":["Storm of Steel","Predator"],"picked":"SKIP","floor":23.0},{"not_picked":["Quick Slash","Deflect"],"picked":"SKIP","floor":28.0},{"not_picked":["Dagger Throw","Crippling Poison"],"picked":"SKIP","floor":30.0}],"player_experience":554800,"relics_obtained":[{"floor":7.0,"key":"Meat on the Bone"},{"floor":9.0,"key":"Question Card"},{"floor":11.0,"key":"Whetstone"},{"floor":23.0,"key":"Girya"},{"floor":26.0,"key":"Bag of Marbles"},{"floor":30.0,"key":"Strawberry"}],"event_choices":[{"damage_healed":0.0,"max_hp_gain":0.0,"max_hp_loss":0.0,"gold_gain":0.0,"event_name":"Lab","player_choice":"Got Potions","floor":3.0,"gold_loss":0.0,"damage_taken":0.0},{"damage_healed":0.0,"max_hp_gain":0.0,"max_hp_loss":20.0,"gold_gain":0.0,"event_name":"Vampires","player_choice":"Became a vampire","floor":20.0,"gold_loss":0.0,"damage_taken":0.0,"cards_obtained":["Bite","Bite","Bite","Bite","Bite"]},{"damage_healed":0.0,"max_hp_gain":0.0,"max_hp_loss":0.0,"gold_gain":0.0,"event_name":"Drug Dealer","player_choice":"Inject Mutagens","floor":24.0,"gold_loss":0.0,"damage_taken":0.0,"relics_obtained":["MutagenicStrength"]},{"cards_removed":["Defend_G"],"damage_healed":0.0,"max_hp_gain":0.0,"max_hp_loss":0.0,"gold_gain":0.0,"event_name":"Beggar","player_choice":"Gave Gold","floor":29.0,"gold_loss":75.0,"damage_taken":0.0},{"damage_healed":0,"gold_gain":0,"player_choice":"Ignored","damage_taken":0,"max_hp_gain":0,"max_hp_loss":0,"event_name":"Cursed Tome","floor":31,"gold_loss":0}],"is_beta":false,"boss_relics":[{"not_picked":["Velvet Choker","WristBlade"],"picked":"Busted Crown"}],"items_purged_floors":[22],"is_endless":false,"potions_floor_spawned":[1,7,11,13,16,18,30],"killed_by":"Champ","ascension_level":16}