{"gold_per_floor":[118,118,128,45,45,80,80,92,92,119,144,114,147,161,161,235,235,209,43,59,59,72,72,72,72,72,85,85,103,23,37,37,113,113,127,142,63,63,63,63,77,89,138,138,96,21,21,37,37,37,37],"floor_reached":52,"playtime":4336,"items_purged":["Defend_G"],"score":1894,"play_id":"6f047f5f-c854-40bd-a8fa-93cf5d29b32d","local_time":"20190305004235","is_ascension_mode":true,"campfire_choices":[{"floor":7,"key":"REST"},{"data":"Footwork","floor":15,"key":"SMITH"},{"data":"Terror","floor":23,"key":"SMITH"},{"data":"Malaise","floor":25,"key":"SMITH"},{"data":"Well Laid Plans","floor":28,"key":"SMITH"},{"data":"Malaise","floor":32,"key":"SMITH"},{"data":"Burst","floor":40,"key":"SMITH"},{"data":"Leg Sweep","floor":44,"key":"SMITH"},{"data":"Bite","floor":49,"key":"SMITH"}],"neow_cost":"NONE","seed_source_timestamp":3525807241323100,"circlet_count":0,"master_deck":["AscendersBane","Defend_G","Defend_G","Defend_G","Survivor","Neutralize+1","Dagger Spray","Well Laid Plans+1","Footwork+1","Dodge and Roll+1","Dodge and Roll","Crippling Poison+1","Footwork+1","Terror+1","Malaise+1","Dodge and Roll","Dodge and Roll","Bite+1","Bite","Bite","Bite","Bite","Crippling Poison+1","Malaise+1","Noxious Fumes+1","Burst+1","Leg Sweep+1","Caltrops+1"],"relics":["Ring of the Snake","NeowsBlessing","Frozen Egg 2","PreservedInsect","Bottled Lightning","Centennial Puzzle","War Paint","Eternal Feather","Bronze Scales","Bottled Tornado","Busted Crown","Dream Catcher","Letter Opener"],"potions_floor_usage":[10,10,18,27,31,42,50],"damage_taken":[{"damage":0,"enemies":"Small Slimes","floor":1,"turns":1},{"damage":0,"enemies":"Jaw Worm","floor":3,"turns":1},{"damage":0,"enemies":"3 Sentries","floor":6,"turns":1},{"damage":0,"enemies":"Cultist","floor":8,"turns":5},{"damage":0,"enemies":"Gremlin Nob","floor":10,"turns":3},{"damage":3,"enemies":"Exordium Thugs","floor":12,"turns":4},{"damage":17,"enemies":"3 Sentries","floor":13,"turns":10},{"damage":3,"enemies":"Looter","floor":14,"turns":3},{"damage":0,"enemies":"The Guardian","floor":16,"turns":17},{"damage":0,"enemies":"2 Thieves","floor":18,"turns":4},{"damage":9,"enemies":"Shell Parasite","floor":20,"turns":7},{"damage":23,"enemies":"Cultist and Chosen","floor":22,"turns":8},{"damage":7,"enemies":"Snake Plant","floor":27,"turns":6},{"damage":6,"enemies":"Snecko","floor":29,"turns":6},{"damage":4,"enemies":"Cultist and Chosen","floor":31,"turns":6},{"damage":34,"enemies":"Automaton","floor":33,"turns":17},{"damage":9,"enemies":"3 Shapes","floor":35,"turns":4},{"damage":3,"enemies":"Orb Walker","floor":36,"turns":6},{"damage":17,"enemies":"Jaw Worm Horde","floor":41,"turns":3},{"damage":32,"enemies":"Transient","floor":42,"turns":6},{"damage":4,"enemies":"4 Shapes","floor":48,"turns":4},{"damage":14,"enemies":"Time Eater","floor":50,"turns":18},{"damage":35,"enemies":"Donu and Deca","floor":51,"turns":12}],"seed_played":"766297177620007780","potions_obtained":[{"floor":6,"key":"AttackPotion"},{"floor":8,"key":"Fire Potion"},{"floor":14,"key":"Energy Potion"},{"floor":16,"key":"Dexterity Potion"},{"floor":18,"key":"SteroidPotion"},{"floor":27,"key":"Swift Potion"},{"floor":36,"key":"Ancient Potion"}],"is_trial":false,"path_per_floor":["M","?","M","$","?","E","R","M","T","E","T","M","E","M","R","B",null,"M","$","M","?","M","R","?","R","T","M","R","M","$","M","R","B",null,"M","M","$","?","?","R","M","M","T","R","$","$","T","M","R","B","B",null],"character_chosen":"THE_SILENT","items_purchased":["Footwork","Bronze Scales","Noxious Fumes+1","Leg Sweep","Caltrops+1"],"campfire_rested":1,"item_purchase_floors":[4,19,30,37,45],"current_hp_per_floor":[59,39,39,39,39,39,58,58,58,58,58,55,38,35,35,35,58,58,58,49,49,26,38,38,46,46,46,46,46,46,46,46,42,45,38,45,45,45,45,46,31,15,15,30,30,30,30,30,45,45,33],"gold":37,"neow_bonus":"THREE_ENEMY_KILL","is_prod":false,"is_daily":false,"chose_seed":false,"campfire_upgraded":8,"win_rate":0,"timestamp":1551768155,"path_taken":["M","?","M","$","?","E","R","?","T","E","?","M","E","M","R","BOSS","M","$","M","?","M","R","?","R","T","M","R","M","$","M","R","BOSS","M","M","$","?","?","R","M","M","T","R","?","$","?","?","R","BOSS","BOSS"],"build_version":"2019-02-06","purchased_purges":1,"victory":true,"max_hp_per_floor":[66,66,66,66,66,66,66,66,66,66,66,66,66,66,66,66,66,66,66,66,66,66,66,46,46,46,46,46,46,46,46,46,46,46,46,46,46,46,46,46,46,46,46,46,46,46,46,46,46,46,46],"card_choices":[{"not_picked":["Blade Dance","Bane"],"picked":"Dagger Spray","floor":1},{"not_picked":["Quick Slash","Accuracy"],"picked":"Well Laid Plans","floor":3},{"not_picked":["PiercingWail","Flying Knee","Quick Slash"],"picked":"SKIP","floor":6},{"not_picked":["Tools of the Trade+1","PiercingWail"],"picked":"Dodge and Roll","floor":8},{"not_picked":["A Thousand Cuts+1","Choke"],"picked":"Crippling Poison","floor":10},{"not_picked":["Choke","Eviscerate"],"picked":"Footwork+1","floor":12},{"not_picked":["Sucker Punch","Terror","Prepared"],"picked":"SKIP","floor":13},{"not_picked":["Dagger Spray","Poisoned Stab"],"picked":"Terror","floor":14},{"not_picked":["Grand Finale","Venomology"],"picked":"Malaise","floor":16},{"not_picked":["Blade Dance+1","Outmaneuver"],"picked":"Dodge and Roll","floor":18},{"not_picked":["Concentrate","Slice","Well Laid Plans+1"],"picked":"SKIP","floor":20},{"not_picked":["Backflip","Flying Knee"],"picked":"Dodge and Roll","floor":22},{"not_picked":["Expertise+1","Quick Slash"],"picked":"Crippling Poison+1","floor":27},{"not_picked":["Outmaneuver","PiercingWail"],"picked":"Malaise","floor":29},{"not_picked":["All Out Attack","Quick Slash","Prepared"],"picked":"SKIP","floor":31},{"not_picked":["Bullet Time","Glass Knife"],"picked":"Burst","floor":33},{"not_picked":["Underhanded Strike"],"picked":"SKIP","floor":35},{"not_picked":["Dagger Throw"],"picked":"SKIP","floor":36},{"not_picked":["Escape Plan"],"picked":"SKIP","floor":41},{"not_picked":["Sucker Punch"],"picked":"SKIP","floor":42},{"not_picked":["Terror"],"picked":"SKIP","floor":48}],"player_experience":856330,"relics_obtained":[{"floor":6,"key":"Frozen Egg 2"},{"floor":9,"key":"PreservedInsect"},{"floor":10,"key":"Bottled Lightning"},{"floor":11,"key":"Centennial Puzzle"},{"floor":13,"key":"War Paint"},{"floor":26,"key":"Bottled Tornado"},{"floor":43,"key":"Dream Catcher"},{"floor":47,"key":"Letter Opener"}],"event_choices":[{"damage_healed":0,"gold_gain":0,"player_choice":"Entered Light","damage_taken":20,"max_hp_gain":0,"max_hp_loss":0,"event_name":"Shining Light","floor":2,"gold_loss":0,"cards_upgraded":["Defend_G","Neutralize"]},{"damage_healed":0,"gold_gain":0,"cards_transformed":["Strike_G"],"player_choice":"Transformed","damage_taken":0,"max_hp_gain":0,"max_hp_loss":0,"event_name":"Transmorgrifier","floor":5,"gold_loss":0,"cards_obtained":["Dodge and Roll"]},{"damage_healed":0,"gold_gain":0,"player_choice":"Ignored","damage_taken":0,"max_hp_gain":0,"max_hp_loss":0,"event_name":"Cursed Tome","floor":21,"gold_loss":0},{"damage_healed":0,"gold_gain":0,"player_choice":"Became a vampire","damage_taken":0,"max_hp_gain":0,"max_hp_loss":20,"event_name":"Vampires","floor":24,"gold_loss":0,"cards_obtained":["Bite","Bite","Bite","Bite","Bite"]},{"damage_healed":0,"gold_gain":0,"player_choice":"Memory 1","damage_taken":0,"max_hp_gain":0,"max_hp_loss":0,"event_name":"SensoryStone","floor":38,"gold_loss":0},{"cards_removed":["Defend_G"],"damage_healed":0,"gold_gain":0,"player_choice":"Removed Skill","damage_taken":0,"max_hp_gain":0,"max_hp_loss":0,"event_name":"Falling","floor":39,"gold_loss":0}],"is_beta":true,"boss_relics":[{"not_picked":["Runic Dome","Snecko Eye"],"picked":"Eternal Feather"},{"not_picked":["Ring of the Serpent","Cursed Key"],"picked":"Busted Crown"}],"items_purged_floors":[46],"is_endless":false,"potions_floor_spawned":[6,8,14,16,18,22,27,36],"ascension_level":20}