{"gold_per_floor":[117,117,42,55,55,83,98,98,98,98,109,135,135,151,151,256,256,272,285,301,1,13,13],"floor_reached":23,"playtime":1358,"items_purged":["Strike_B","Decay"],"score":365,"play_id":"a45627b4-b010-40b1-bc7e-6dd70cf64811","local_time":"20190130130731","is_ascension_mode":true,"campfire_choices":[{"data":"Redo","floor":8,"key":"SMITH"},{"data":"Dualcast","floor":10,"key":"SMITH"},{"floor":13,"key":"REST"},{"data":"Defragment","floor":15,"key":"SMITH"}],"neow_cost":"NONE","seed_source_timestamp":1081810806128536,"circlet_count":0,"master_deck":["AscendersBane","Defend_B","Defend_B+1","Defend_B","Defend_B","Zap","Dualcast+1","Sweeping Beam+1","Cold Snap","Skim","Redo+1","Auto Shields","Rip and Tear","Defragment+1","Fission","Leap+1","Conserve Battery+1","Fusion+1","Loop","Sunder+1","Darkness+1","Glacier"],"relics":["Cracked Core","NeowsBlessing","Letter Opener","Blue Candle","Darkstone Periapt","Astrolabe","ClockworkSouvenir"],"potions_floor_usage":[22,23],"damage_taken":[{"damage":0,"enemies":"2 Louse","floor":1,"turns":1},{"damage":0,"enemies":"Cultist","floor":4,"turns":1},{"damage":0,"enemies":"Gremlin Nob","floor":6,"turns":1},{"damage":8,"enemies":"Jaw Worm","floor":7,"turns":3},{"damage":4,"enemies":"Blue Slaver","floor":11,"turns":3},{"damage":30,"enemies":"Lagavulin","floor":12,"turns":8},{"damage":0,"enemies":"3 Louse","floor":14,"turns":3},{"damage":15,"enemies":"Hexaghost","floor":16,"turns":13},{"damage":23,"enemies":"3 Byrds","floor":18,"turns":5},{"damage":11,"enemies":"Spheric Guardian","floor":19,"turns":4},{"damage":13,"enemies":"Snecko","floor":20,"turns":4},{"damage":5,"enemies":"Shelled Parasite and Fungi","floor":22,"turns":5},{"damage":12,"enemies":"Slavers","floor":23,"turns":1}],"seed_played":"-5241734640723146827","potions_obtained":[{"floor":1,"key":"Energy Potion"},{"floor":12,"key":"Weak Potion"},{"floor":14,"key":"Ancient Potion"},{"floor":22,"key":"PowerPotion"}],"is_trial":false,"path_per_floor":["M","?","$","M","?","E","M","R","T","R","M","E","R","M","R","B",null,"M","M","M","$","M","E"],"character_chosen":"DEFECT","items_purchased":["ClockworkSouvenir"],"campfire_rested":1,"item_purchase_floors":[21],"current_hp_per_floor":[68,53,53,53,53,53,45,45,45,45,41,11,33,33,33,18,61,38,27,14,14,9,0],"gold":13,"neow_bonus":"THREE_ENEMY_KILL","is_prod":false,"is_daily":false,"chose_seed":false,"campfire_upgraded":3,"win_rate":0,"timestamp":1548871651,"path_taken":["M","?","$","M","?","E","M","R","T","R","M","E","R","M","R","BOSS","M","?","M","$","M","E"],"build_version":"2019-01-23","purchased_purges":2,"victory":false,"max_hp_per_floor":[75,75,75,75,75,75,75,75,75,75,75,75,75,75,75,75,75,75,75,75,75,75,75],"card_choices":[{"not_picked":["Genetic Algorithm","Barrage"],"picked":"Sweeping Beam","floor":1},{"not_picked":["Sweeping Beam","Ball Lightning"],"picked":"Cold Snap","floor":4},{"not_picked":["Rebound","Go for the Eyes"],"picked":"Skim","floor":6},{"not_picked":["Streamline","Beam Cell"],"picked":"Redo","floor":7},{"not_picked":["Chaos","Barrage"],"picked":"Auto Shields","floor":11},{"not_picked":["Genetic Algorithm","Consume"],"picked":"Rip and Tear","floor":12},{"not_picked":["Sunder","Barrage"],"picked":"Defragment","floor":14},{"not_picked":["Hyperbeam","Rainbow"],"picked":"Fission","floor":16},{"not_picked":["Aggregate","Barrage"],"picked":"Loop","floor":18},{"not_picked":["Fusion","Double Energy"],"picked":"Sunder+1","floor":19},{"not_picked":["Heatsinks","Stack+1"],"picked":"Darkness+1","floor":20},{"not_picked":["Leap","Conserve Battery"],"picked":"Glacier","floor":22}],"player_experience":570280,"relics_obtained":[{"floor":6,"key":"Letter Opener"},{"floor":9,"key":"Blue Candle"},{"floor":12,"key":"Darkstone Periapt"}],"event_choices":[{"damage_healed":0,"gold_gain":0,"player_choice":"Entered Light","damage_taken":15,"max_hp_gain":0,"max_hp_loss":0,"event_name":"Shining Light","floor":2,"gold_loss":0,"cards_upgraded":["Sweeping Beam","Defend_B"]},{"damage_healed":0,"gold_gain":0,"player_choice":"Cursed","damage_taken":0,"max_hp_gain":0,"max_hp_loss":0,"event_name":"Wheel of Change","floor":5,"gold_loss":0,"cards_obtained":["Decay"]}],"is_beta":false,"boss_relics":[{"not_picked":["Lizard Tail","Tiny House"],"picked":"Astrolabe"}],"items_purged_floors":[3,21],"is_endless":false,"potions_floor_spawned":[1,12,14,16,19,22],"killed_by":"Slavers","ascension_level":12}