{"gold_per_floor":[117,137,62,62,137,166,166,182,205,205,155,173,202,232,244,256],"floor_reached":16,"playtime":435,"items_purged":[],"score":176,"play_id":"59ef14d3-44fb-4546-9822-fcc7761c5414","local_time":"20190114153012","is_ascension_mode":true,"campfire_choices":[{"data":"Whirlwind","floor":7,"key":"SMITH"},{"data":"Intimidate","floor":10,"key":"SMITH"},{"data":"Corruption","floor":15,"key":"SMITH"}],"neow_cost":"NONE","seed_source_timestamp":20694079247389,"circlet_count":0,"master_deck":["Strike_R","Strike_R","Strike_R","Strike_R","Defend_R","Defend_R","Defend_R","Defend_R","Bash","Clash","Whirlwind+1","Impervious","Intimidate+1","Evolve","Corruption+1","Twin Strike","Sever Soul"],"relics":["Burning Blood","NeowsBlessing","Anchor","Vajra","Dream Catcher","MawBank"],"potions_floor_usage":[16],"damage_taken":[{"damage":0,"enemies":"Cultist","floor":1,"turns":1},{"damage":0,"enemies":"2 Louse","floor":2,"turns":1},{"damage":0,"enemies":"Lagavulin","floor":6,"turns":1},{"damage":0,"enemies":"Small Slimes","floor":8,"turns":2},{"damage":3,"enemies":"Blue Slaver","floor":12,"turns":6},{"damage":25,"enemies":"3 Sentries","floor":13,"turns":5},{"damage":1,"enemies":"Looter","floor":14,"turns":3},{"damage":67,"enemies":"Hexaghost","floor":16,"turns":11}],"seed_played":"1467105232078291564","potions_obtained":[{"floor":2,"key":"Regen Potion"},{"floor":8,"key":"Explosive Potion"},{"floor":12,"key":"EssenceOfSteel"}],"is_trial":false,"path_per_floor":["M","M","$","?","?","E","R","M","T","R","?","M","E","M","R","B"],"character_chosen":"IRONCLAD","items_purchased":["Impervious"],"campfire_rested":0,"item_purchase_floors":[3],"current_hp_per_floor":[78,80,80,68,57,63,63,69,69,69,69,72,53,58,58,0],"gold":256,"neow_bonus":"THREE_ENEMY_KILL","is_prod":false,"is_daily":false,"chose_seed":false,"campfire_upgraded":3,"win_rate":0,"timestamp":1547447412,"path_taken":["M","?","$","?","?","E","R","M","T","R","?","?","E","M","R","BOSS"],"build_version":"2019-01-10","purchased_purges":0,"victory":false,"max_hp_per_floor":[80,80,80,80,80,80,80,80,80,80,80,80,80,80,80,80],"card_choices":[{"not_picked":["Warcry","Pummel"],"picked":"Clash","floor":1},{"not_picked":["Anger","Cleave"],"picked":"Whirlwind","floor":2},{"not_picked":["Warcry","Bloodletting"],"picked":"Intimidate","floor":6},{"not_picked":["Disarm","Infernal Blade"],"picked":"Evolve","floor":8},{"not_picked":["Headbutt","Shrug It Off"],"picked":"Corruption","floor":12},{"not_picked":["Heavy Blade","Clothesline"],"picked":"Twin Strike","floor":13},{"not_picked":["Wild Strike","Perfected Strike"],"picked":"Sever Soul","floor":14}],"player_experience":230694,"relics_obtained":[{"floor":6,"key":"Vajra"},{"floor":9,"key":"Dream Catcher"},{"floor":13,"key":"MawBank"}],"event_choices":[{"damage_healed":0,"gold_gain":0,"player_choice":"Success","damage_taken":12,"relics_obtained":["Anchor"],"max_hp_gain":0,"max_hp_loss":0,"event_name":"Scrap Ooze","floor":4,"gold_loss":0},{"damage_healed":0,"gold_gain":75,"player_choice":"Gather Gold","damage_taken":11,"max_hp_gain":0,"max_hp_loss":0,"event_name":"World of Goop","floor":5,"gold_loss":0},{"cards_removed":["Strike_R"],"damage_healed":0,"gold_gain":0,"player_choice":"Card Removal","damage_taken":0,"max_hp_gain":0,"max_hp_loss":0,"event_name":"The Cleric","floor":11,"gold_loss":50}],"is_beta":false,"boss_relics":[],"items_purged_floors":[],"is_endless":false,"potions_floor_spawned":[2,8,12,14],"killed_by":"Hexaghost","ascension_level":6}