{"gold_per_floor":[110,110,110,110,124,124,137,157,183,200,52,72,72,72,72,167,167,187,198,198,218,235,235,263,263,316,332,332,332],"floor_reached":29,"playtime":1316,"items_purged":[],"score":237,"play_id":"1491d648-f27f-4888-ab78-f33dad6cf059","local_time":"20190305203833","is_ascension_mode":false,"campfire_choices":[{"data":"Zap","floor":6,"key":"SMITH"},{"data":"White Noise","floor":13,"key":"SMITH"},{"data":"Dualcast","floor":15,"key":"SMITH"},{"floor":23,"key":"REST"},{"data":"Go for the Eyes","floor":25,"key":"SMITH"}],"neow_cost":"NONE","seed_source_timestamp":700570639497974,"circlet_count":0,"master_deck":["Strike_B","Strike_B","Strike_B","Defend_B","Defend_B","Defend_B","Defend_B","Zap+1","Dualcast+1","Fission+1","Leap","White Noise+1","Lockon","Cold Snap","Auto Shields","Go for the Eyes+1","Static Discharge+1","Conserve Battery+1"],"relics":["Cracked Core","Pantograph","Pen Nib","Boot","Happy Flower","Nuclear Battery","Centennial Puzzle","Dream Catcher"],"potions_floor_usage":[16,19,19,24,24],"damage_taken":[{"damage":1,"enemies":"Cultist","floor":1,"turns":4},{"damage":0,"enemies":"Small Slimes","floor":5,"turns":3},{"damage":1,"enemies":"Jaw Worm","floor":7,"turns":3},{"damage":7,"enemies":"Large Slime","floor":8,"turns":3},{"damage":3,"enemies":"Red Slaver","floor":10,"turns":2},{"damage":0,"enemies":"3 Louse","floor":12,"turns":2},{"damage":23,"enemies":"The Guardian","floor":16,"turns":16},{"damage":6,"enemies":"Shell Parasite","floor":18,"turns":6},{"damage":10,"enemies":"2 Thieves","floor":19,"turns":5},{"damage":15,"enemies":"Centurion and Healer","floor":21,"turns":15},{"damage":15,"enemies":"3 Cultists","floor":22,"turns":6},{"damage":13,"enemies":"Book of Stabbing","floor":24,"turns":6},{"damage":3,"enemies":"Snake Plant","floor":27,"turns":5},{"damage":0,"enemies":"Colosseum Slavers","floor":29,"turns":1}],"seed_played":"-4004738180959502916","potions_obtained":[{"floor":5,"key":"FocusPotion"},{"floor":8,"key":"Swift Potion"},{"floor":10,"key":"Poison Potion"},{"floor":16,"key":"SpeedPotion"},{"floor":22,"key":"Fruit Juice"},{"floor":24,"key":"SkillPotion"},{"floor":27,"key":"Strength Potion"}],"is_trial":false,"path_per_floor":["M","T","?","?","M","R","M","M","T","M","$","M","R","$","R","B",null,"M","M","?","M","M","R","E","R","T","M","?","?"],"character_chosen":"DEFECT","items_purchased":["Happy Flower"],"campfire_rested":1,"item_purchase_floors":[11],"current_hp_per_floor":[74,74,74,67,67,67,66,59,59,56,56,56,56,56,56,52,75,69,59,59,44,29,51,43,43,43,40,40,40],"gold":332,"neow_bonus":"ONE_RANDOM_RARE_CARD","is_prod":false,"is_daily":false,"chose_seed":false,"campfire_upgraded":4,"win_rate":0,"timestamp":1551818313,"path_taken":["M","?","?","?","M","R","M","M","T","M","$","M","R","?","R","BOSS","M","M","?","M","?","R","E","R","T","M","?","?"],"build_version":"2019-01-23","purchased_purges":0,"victory":false,"max_hp_per_floor":[75,75,75,75,75,75,75,75,75,75,75,75,75,75,75,75,75,75,75,75,75,75,75,80,80,80,80,80,80],"card_choices":[{"not_picked":["Compile Driver","Cold Snap"],"picked":"Leap","floor":1},{"not_picked":["Reinforced Body","Compile Driver","Force Field"],"picked":"SKIP","floor":5},{"not_picked":["Gash","Rebound"],"picked":"White Noise","floor":7},{"not_picked":["Streamline","Steam Power"],"picked":"Lockon","floor":8},{"not_picked":["Compile Driver","Coolheaded"],"picked":"Cold Snap","floor":10},{"not_picked":["Amplify","Steam"],"picked":"Auto Shields","floor":12},{"not_picked":["Gash","Leap"],"picked":"Go for the Eyes","floor":18},{"not_picked":["Stack","Steam","Barrage"],"picked":"SKIP","floor":19},{"not_picked":["Fusion+1","Seek"],"picked":"Static Discharge+1","floor":21},{"not_picked":["Gash","Force Field","Rebound"],"picked":"SKIP","floor":22},{"not_picked":["Streamline","Barrage"],"picked":"Conserve Battery+1","floor":24},{"not_picked":["Gash","Self Repair","Leap"],"picked":"SKIP","floor":27}],"player_experience":65367,"relics_obtained":[{"floor":2,"key":"Pantograph"},{"floor":9,"key":"Boot"},{"floor":24,"key":"Centennial Puzzle"},{"floor":26,"key":"Dream Catcher"}],"event_choices":[{"damage_healed":0,"gold_gain":0,"player_choice":"Grow","damage_taken":0,"max_hp_gain":0,"max_hp_loss":0,"event_name":"Living Wall","floor":3,"gold_loss":0,"cards_upgraded":["Fission"]},{"damage_healed":0,"gold_gain":0,"player_choice":"Success","damage_taken":7,"relics_obtained":["Pen Nib"],"max_hp_gain":0,"max_hp_loss":0,"event_name":"Scrap Ooze","floor":4,"gold_loss":0},{"cards_removed":["Strike_B"],"damage_healed":0,"gold_gain":0,"player_choice":"Purged","damage_taken":0,"max_hp_gain":0,"max_hp_loss":0,"event_name":"Purifier","floor":20,"gold_loss":0},{"damage_healed":0,"gold_gain":0,"player_choice":"Ignored","damage_taken":0,"max_hp_gain":0,"max_hp_loss":0,"event_name":"Ghosts","floor":28,"gold_loss":0},{"damage_healed":0,"gold_gain":0,"player_choice":"Fight","damage_taken":0,"max_hp_gain":0,"max_hp_loss":0,"event_name":"Colosseum","floor":29,"gold_loss":0}],"is_beta":false,"boss_relics":[{"not_picked":["Lizard Tail","Cursed Key"],"picked":"Nuclear Battery"}],"items_purged_floors":[],"is_endless":false,"potions_floor_spawned":[5,8,10,16,22,24,27],"killed_by":"Colosseum Slavers","ascension_level":0}