{"gold_per_floor":[109,109,123,133,133,162,162,191,245,277,308,142,158,158,158,259,259,276,293,293,313,332,332,349,214,214,233,233,246,261,261,261,261],"floor_reached":33,"playtime":1329,"items_purged":["Wild Strike","Strike_R"],"score":404,"play_id":"93485aef-db9f-4f48-a032-c2ec5c1cd189","local_time":"20190121233829","is_ascension_mode":true,"campfire_choices":[{"data":"Rampage","floor":7,"key":"SMITH"},{"floor":15,"key":"REST"},{"data":"True Grit","floor":23,"key":"SMITH"},{"floor":28,"key":"REST"},{"floor":32,"key":"REST"}],"neow_cost":"NONE","seed_source_timestamp":48712839415776,"circlet_count":0,"master_deck":["Strike_R","Strike_R","Defend_R","Defend_R","Defend_R","Defend_R","Bash","Cleave","Rampage+1","Metallicize","Clash","True Grit+1","Shrug It Off","Feed","Whirlwind+1","Metallicize","Power Through","Entrench+1"],"relics":["Burning Blood","Self Forming Clay","Oddly Smooth Stone","Bag of Marbles","MawBank","Velvet Choker","MutagenicStrength","Gremlin Horn"],"potions_floor_usage":[6,6,16,27,33],"damage_taken":[{"damage":4,"enemies":"Small Slimes","floor":1,"turns":4},{"damage":1,"enemies":"2 Louse","floor":3,"turns":3},{"damage":1,"enemies":"Cultist","floor":4,"turns":3},{"damage":15,"enemies":"3 Sentries","floor":6,"turns":6},{"damage":29,"enemies":"Gremlin Nob","floor":8,"turns":4},{"damage":22,"enemies":"3 Sentries","floor":10,"turns":8},{"damage":0,"enemies":"Blue Slaver","floor":11,"turns":2},{"damage":8,"enemies":"Gremlin Gang","floor":13,"turns":3},{"damage":41,"enemies":"Slime Boss","floor":16,"turns":7},{"damage":18,"enemies":"Spheric Guardian","floor":18,"turns":6},{"damage":7,"enemies":"3 Byrds","floor":19,"turns":5},{"damage":25,"enemies":"Shelled Parasite and Fungi","floor":21,"turns":7},{"damage":17,"enemies":"Centurion and Healer","floor":22,"turns":5},{"damage":21,"enemies":"Snake Plant","floor":24,"turns":4},{"damage":0,"enemies":"3 Cultists","floor":27,"turns":1},{"damage":2,"enemies":"Snecko","floor":29,"turns":6},{"damage":28,"enemies":"Centurion and Healer","floor":30,"turns":13},{"damage":59,"enemies":"Champ","floor":33,"turns":13}],"seed_played":"8979323768850716549","potions_obtained":[{"floor":1,"key":"PowerPotion"},{"floor":3,"key":"AttackPotion"},{"floor":8,"key":"SteroidPotion"},{"floor":24,"key":"GamblersBrew"},{"floor":29,"key":"Ancient Potion"},{"floor":30,"key":"AttackPotion"}],"is_trial":false,"path_per_floor":["M","?","M","M","?","E","R","E","T","E","M","$","M","?","R","B",null,"M","M","?","M","M","R","M","$","T","M","R","M","M","?","R","B"],"character_chosen":"IRONCLAD","items_purchased":["True Grit","Shrug It Off","Power Through"],"campfire_rested":3,"item_purchase_floors":[12,12,25],"current_hp_per_floor":[74,74,79,80,80,71,71,48,48,32,38,38,36,29,53,21,68,59,61,61,45,37,37,22,22,22,28,56,60,38,19,49,0],"gold":261,"neow_bonus":"TRANSFORM_CARD","is_prod":false,"is_daily":false,"chose_seed":false,"campfire_upgraded":2,"win_rate":0,"timestamp":1548081509,"path_taken":["M","?","M","M","?","E","R","E","T","E","M","$","M","?","R","BOSS","M","M","?","M","M","R","M","$","T","M","R","M","M","?","R","BOSS"],"build_version":"2019-01-17v2","purchased_purges":2,"victory":false,"max_hp_per_floor":[80,80,80,80,80,80,80,80,80,80,80,80,80,80,80,83,83,86,89,89,92,95,95,95,95,95,95,95,95,95,100,100,100],"card_choices":[{"not_picked":["Fire Breathing","Warcry"],"picked":"Wild Strike","floor":1},{"not_picked":["Rage","Feel No Pain"],"picked":"Cleave","floor":3},{"not_picked":["Body Slam","Iron Wave"],"picked":"Rampage","floor":4},{"not_picked":["Armaments","Inflame","True Grit"],"picked":"SKIP","floor":6},{"not_picked":["Sever Soul","Infernal Blade"],"picked":"Metallicize","floor":8},{"not_picked":["Anger","Warcry"],"picked":"Clash","floor":10},{"not_picked":["Heavy Blade","Cleave","Sentinel"],"picked":"SKIP","floor":11},{"not_picked":["Shrug It Off","Battle Trance"],"picked":"Feed","floor":13},{"not_picked":["Flex","Iron Wave","Clothesline"],"picked":"SKIP","floor":18},{"not_picked":["Warcry+1","Dual Wield"],"picked":"Whirlwind+1","floor":19},{"not_picked":["Anger","Havoc","Sword Boomerang"],"picked":"SKIP","floor":21},{"not_picked":["Armaments","Anger"],"picked":"Metallicize","floor":22},{"not_picked":["True Grit","Anger+1","Perfected Strike"],"picked":"SKIP","floor":24},{"not_picked":["Rampage","Wild Strike","Power Through"],"picked":"SKIP","floor":27},{"not_picked":["Warcry","Body Slam+1"],"picked":"Entrench+1","floor":29},{"not_picked":["Clothesline","Havoc","Shrug It Off+1"],"picked":"SKIP","floor":30}],"player_experience":252274,"relics_obtained":[{"floor":6,"key":"Self Forming Clay"},{"floor":8,"key":"Oddly Smooth Stone"},{"floor":9,"key":"Bag of Marbles"},{"floor":10,"key":"MawBank"},{"floor":26,"key":"Gremlin Horn"}],"event_choices":[{"damage_healed":0,"gold_gain":0,"player_choice":"Ignored","damage_taken":0,"max_hp_gain":0,"max_hp_loss":0,"event_name":"Shining Light","floor":2,"gold_loss":0},{"cards_removed":["Dropkick"],"damage_healed":0,"gold_gain":0,"player_choice":"Forget","damage_taken":0,"max_hp_gain":0,"max_hp_loss":0,"event_name":"Living Wall","floor":5,"gold_loss":0},{"cards_removed":["Strike_R"],"damage_healed":0,"gold_gain":0,"player_choice":"Card Removal","damage_taken":7,"max_hp_gain":0,"max_hp_loss":0,"event_name":"Golden Wing","floor":14,"gold_loss":0},{"damage_healed":0,"gold_gain":0,"player_choice":"Inject Mutagens","damage_taken":0,"relics_obtained":["MutagenicStrength"],"max_hp_gain":0,"max_hp_loss":0,"event_name":"Drug Dealer","floor":20,"gold_loss":0},{"damage_healed":0,"gold_gain":0,"player_choice":"Shed Blood","damage_taken":24,"max_hp_gain":5,"max_hp_loss":0,"event_name":"Forgotten Altar","floor":31,"gold_loss":0}],"is_beta":false,"boss_relics":[{"not_picked":["Ectoplasm","White Beast Statue"],"picked":"Velvet Choker"}],"items_purged_floors":[12,25],"is_endless":false,"potions_floor_spawned":[1,3,8,24,29,30],"killed_by":"Champ","ascension_level":8}