{"gold_per_floor":[117,137,151,167,186,221,221,234,307,332,20,20,20,39,39,138,138,149,149,165,181,201,201,236,236,236,251,251,263,263],"floor_reached":30,"playtime":1676,"items_purged":["Strike_G"],"score":319,"play_id":"31227476-03ca-4472-b8f8-a9064bb50c31","local_time":"20190303001521","is_ascension_mode":true,"campfire_choices":[{"data":"Neutralize","floor":7.0,"key":"SMITH"},{"floor":13.0,"key":"REST"},{"data":"Noxious Fumes","floor":15.0,"key":"SMITH"},{"floor":23,"key":"REST"},{"floor":28,"key":"REST"}],"neow_cost":"NONE","seed_source_timestamp":49327032391621,"circlet_count":0,"master_deck":["Defend_G+1","Defend_G+1","Defend_G+1","Defend_G+1","Defend_G+1","Strike_G+1","Strike_G+1","Strike_G+1","Survivor","Neutralize+1","PiercingWail","Dagger Spray","Cloak And Dagger+1","Deflect","Terror","Heel Hook","Prepared","Flying Knee","Noxious Fumes+1","Burst","Corpse Explosion","After Image","Noxious Fumes+1","Blur+1","Noxious Fumes+1","Prepared+1"],"special_seed":0,"relics":["Ring of the Snake","War Paint","Pantograph","Whetstone","Shovel","Bottled Flame"],"potions_floor_usage":[24,24,24],"damage_taken":[{"damage":0.0,"enemies":"Cultist","floor":1.0,"turns":4.0},{"damage":1.0,"enemies":"Jaw Worm","floor":2.0,"turns":6.0},{"damage":0.0,"enemies":"Small Slimes","floor":3.0,"turns":3.0},{"damage":0.0,"enemies":"2 Fungi Beasts","floor":4.0,"turns":4.0},{"damage":0.0,"enemies":"3 Louse","floor":5.0,"turns":3.0},{"damage":21.0,"enemies":"3 Sentries","floor":6.0,"turns":12.0},{"damage":0.0,"enemies":"Large Slime","floor":8.0,"turns":5.0},{"damage":42.0,"enemies":"Gremlin Nob","floor":10.0,"turns":5.0},{"damage":15.0,"enemies":"Exordium Wildlife","floor":14.0,"turns":4.0},{"damage":19.0,"enemies":"The Guardian","floor":16.0,"turns":9.0},{"damage":20.0,"enemies":"Chosen","floor":18.0,"turns":5.0},{"damage":8.0,"enemies":"Shell Parasite","floor":20.0,"turns":7.0},{"damage":20.0,"enemies":"Snake Plant","floor":21.0,"turns":5.0},{"damage":12,"enemies":"Sentry and Sphere","floor":22,"turns":8},{"damage":10,"enemies":"Slavers","floor":24,"turns":4},{"damage":18,"enemies":"Centurion and Healer","floor":27,"turns":6},{"damage":29,"enemies":"Shelled Parasite and Fungi","floor":29,"turns":6},{"damage":7,"enemies":"3 Cultists","floor":30,"turns":3}],"seed_played":"3808480235669135102","potions_obtained":[{"floor":1.0,"key":"Block Potion"},{"floor":2.0,"key":"Block Potion"},{"floor":5.0,"key":"Poison Potion"},{"floor":6.0,"key":"Dexterity Potion"},{"floor":18.0,"key":"Dexterity Potion"},{"floor":21.0,"key":"GhostInAJar"},{"floor":22,"key":"AttackPotion"}],"is_trial":false,"path_per_floor":["M","M","M","M","M","E","R","M","T","E","$","?","R","M","R","B",null,"M","?","M","M","M","R","E","?","T","M","R","M","M"],"character_chosen":"THE_SILENT","items_purchased":["Noxious Fumes","Burst"],"campfire_rested":3,"item_purchase_floors":[11,11],"current_hp_per_floor":[77,76,76,76,76,55,55,55,55,13,13,6,29,14,14,20,77,57,57,49,29,17,40,30,30,30,12,35,6,0],"gold":263,"neow_bonus":"TEN_PERCENT_HP_BONUS","is_prod":false,"is_daily":false,"chose_seed":false,"campfire_upgraded":2,"win_rate":0,"timestamp":1551539721,"path_taken":["M","M","M","M","M","E","R","M","T","E","$","?","R","M","R","BOSS","M","?","M","M","M","R","E","?","T","M","R","M","M"],"build_version":"2019-01-23","purchased_purges":1,"victory":false,"max_hp_per_floor":[77,77,77,77,77,77,77,77,77,77,77,77,77,77,77,77,77,77,77,77,77,77,77,77,77,77,77,77,77,77],"card_choices":[{"not_picked":["Deflect","Concentrate"],"picked":"PiercingWail","floor":1.0},{"not_picked":["Poisoned Stab","Tools of the Trade"],"picked":"Dagger Spray","floor":2.0},{"not_picked":["Deflect","Dodge and Roll"],"picked":"Cloak And Dagger","floor":3.0},{"not_picked":["Slice","Blade Dance"],"picked":"Deflect","floor":4.0},{"not_picked":["PiercingWail","Underhanded Strike"],"picked":"Terror","floor":5.0},{"not_picked":["Bullet Time","Terror"],"picked":"Heel Hook","floor":6.0},{"not_picked":["Blade Dance","Underhanded Strike"],"picked":"Prepared","floor":8.0},{"not_picked":["Deadly Poison","PiercingWail"],"picked":"Flying Knee","floor":10.0},{"not_picked":["Quick Slash","Predator"],"picked":"Corpse Explosion","floor":14.0},{"not_picked":["Doppelganger","Die Die Die"],"picked":"After Image","floor":16.0},{"not_picked":["Dagger Spray","PiercingWail+1"],"picked":"Noxious Fumes+1","floor":18.0},{"not_picked":["Deadly Poison","Outmaneuver+1"],"picked":"Blur+1","floor":20.0},{"not_picked":["Endless Agony","Cloak And Dagger","Corpse Explosion"],"picked":"SKIP","floor":21.0},{"not_picked":["Well Laid Plans","Slice"],"picked":"Noxious Fumes+1","floor":22},{"not_picked":["Outmaneuver","Dagger Throw","Slice"],"picked":"SKIP","floor":24},{"not_picked":["Poisoned Stab+1","Concentrate"],"picked":"Prepared+1","floor":27},{"not_picked":["Acrobatics","Quick Slash","Outmaneuver"],"picked":"SKIP","floor":29}],"player_experience":366926,"relics_obtained":[{"floor":6.0,"key":"War Paint"},{"floor":9.0,"key":"Pantograph"},{"floor":10.0,"key":"Whetstone"},{"floor":24,"key":"Shovel"},{"floor":26,"key":"Bottled Flame"}],"event_choices":[{"cards_removed":["Strike_G"],"damage_healed":0.0,"max_hp_gain":0.0,"max_hp_loss":0.0,"gold_gain":0.0,"event_name":"Golden Wing","player_choice":"Card Removal","floor":12.0,"gold_loss":0.0,"damage_taken":7.0},{"damage_healed":0.0,"max_hp_gain":0.0,"max_hp_loss":0.0,"gold_gain":0.0,"event_name":"Back to Basics","player_choice":"Simplicity","floor":19.0,"gold_loss":0.0,"damage_taken":0.0,"cards_upgraded":["Defend_G","Defend_G","Defend_G","Defend_G","Strike_G"]},{"damage_healed":0,"gold_gain":0,"player_choice":"Ignored","damage_taken":0,"max_hp_gain":0,"max_hp_loss":0,"event_name":"The Mausoleum","floor":25,"gold_loss":0}],"is_beta":false,"boss_relics":[{"not_picked":["Snecko Eye","Cursed Key","Philosopher\u0027s Stone"]}],"items_purged_floors":[11],"is_endless":false,"potions_floor_spawned":[1,2,5,6,18,21,22],"killed_by":"3 Cultists","ascension_level":4}