{"gold_per_floor":[113,38,57,232,252,277,277,302,325,339,339,339,73,94,94,188,188,204,204],"floor_reached":19,"playtime":768,"items_purged":["Strike_R","Strike_R"],"score":284,"play_id":"1a3f65c3-b29b-4603-8a1b-cf95d7673bdd","local_time":"20190124122001","is_ascension_mode":true,"campfire_choices":[{"data":"Bash","floor":7,"key":"SMITH"},{"floor":11,"key":"REST"},{"data":"Inflame","floor":15,"key":"SMITH"}],"neow_cost":"NONE","seed_source_timestamp":561087558177616,"circlet_count":0,"master_deck":["AscendersBane","Strike_R","Strike_R","Strike_R","Defend_R","Defend_R","Defend_R","Defend_R","Bash+1","Shrug It Off","Cleave","Doubt","Sever Soul","Flame Barrier","Injury","Inflame+1","Body Slam","Demon Form"],"relics":["Philosopher\u0027s Stone","Anchor","Odd Mushroom","PreservedInsect","Golden Idol","Membership Card","Sozu"],"potions_floor_usage":[6,16,16],"damage_taken":[{"damage":0,"enemies":"Cultist","floor":1,"turns":3},{"damage":0,"enemies":"Small Slimes","floor":3,"turns":3},{"damage":8,"enemies":"2 Louse","floor":5,"turns":2},{"damage":19,"enemies":"Lagavulin","floor":6,"turns":7},{"damage":18,"enemies":"The Mushroom Lair","floor":8,"turns":4},{"damage":7,"enemies":"Large Slime","floor":10,"turns":7},{"damage":7,"enemies":"Looter","floor":14,"turns":3},{"damage":26,"enemies":"Slime Boss","floor":16,"turns":8},{"damage":14,"enemies":"Shell Parasite","floor":18,"turns":5},{"damage":38,"enemies":"Masked Bandits","floor":19,"turns":3}],"seed_played":"8189538500631486382","potions_obtained":[{"floor":1,"key":"SpeedPotion"},{"floor":3,"key":"SkillPotion"},{"floor":5,"key":"AttackPotion"},{"floor":8,"key":"Strength Potion"}],"is_trial":false,"path_per_floor":["M","$","M","?","M","E","R","?","T","M","R","?","$","M","R","B",null,"M","?"],"character_chosen":"IRONCLAD","items_purchased":["Membership Card","Inflame"],"campfire_rested":1,"item_purchase_floors":[13,13],"current_hp_per_floor":[68,68,68,68,60,41,41,23,23,16,38,38,38,31,31,5,58,44,6],"gold":204,"neow_bonus":"BOSS_RELIC","is_prod":false,"is_daily":false,"chose_seed":false,"campfire_upgraded":2,"win_rate":0,"timestamp":1548350401,"path_taken":["M","$","?","?","M","E","R","?","T","M","R","?","$","M","R","BOSS","M","?"],"build_version":"2019-01-23","purchased_purges":2,"victory":false,"max_hp_per_floor":[75,75,75,75,75,75,75,75,75,75,75,75,75,75,75,75,75,75,75],"card_choices":[{"not_picked":["Feel No Pain","Metallicize"],"picked":"Shrug It Off","floor":1},{"not_picked":["Clothesline","Havoc"],"picked":"Cleave","floor":3},{"not_picked":["Battle Trance","Thunderclap","Havoc"],"picked":"SKIP","floor":5},{"not_picked":["Fire Breathing","Clothesline"],"picked":"Sever Soul","floor":6},{"not_picked":["Clash","Shockwave"],"picked":"Flame Barrier","floor":8},{"not_picked":["Wild Strike","Reckless Charge","Heavy Blade"],"picked":"SKIP","floor":10},{"not_picked":["Entrench","Clothesline"],"picked":"Body Slam","floor":14},{"not_picked":["Offering","Fiend Fire"],"picked":"Demon Form","floor":16},{"not_picked":["Fire Breathing","Body Slam","Dual Wield"],"picked":"SKIP","floor":18}],"player_experience":411370,"relics_obtained":[{"floor":6,"key":"Anchor"},{"floor":8,"key":"Odd Mushroom"},{"floor":9,"key":"PreservedInsect"}],"event_choices":[{"damage_healed":0,"gold_gain":175,"player_choice":"AGREE","damage_taken":0,"max_hp_gain":0,"max_hp_loss":0,"event_name":"Liars Game","floor":4,"gold_loss":0,"cards_obtained":["Doubt"]},{"damage_healed":0,"gold_gain":0,"player_choice":"Fought Mushrooms","damage_taken":0,"max_hp_gain":0,"max_hp_loss":0,"event_name":"Mushrooms","floor":8,"gold_loss":0},{"damage_healed":0,"gold_gain":0,"player_choice":"Take Wound","damage_taken":0,"relics_obtained":["Golden Idol"],"max_hp_gain":0,"max_hp_loss":0,"event_name":"Golden Idol","floor":12,"gold_loss":0,"cards_obtained":["Injury"]},{"damage_healed":0,"gold_gain":0,"player_choice":"Fought Bandits","damage_taken":0,"max_hp_gain":0,"max_hp_loss":0,"event_name":"Masked Bandits","floor":19,"gold_loss":0}],"is_beta":false,"boss_relics":[{"not_picked":["Lizard Tail","Pandora\u0027s Box"],"picked":"Sozu"}],"items_purged_floors":[2,13],"is_endless":false,"potions_floor_spawned":[1,3,5,8,18],"killed_by":"Masked Bandits","ascension_level":14}