{"gold_per_floor":[110,70,70,83,8,42,42,71,71,71,111,11,24,299,299,299],"floor_reached":16,"playtime":388,"items_purged":["Strike_B","Strike_B"],"score":183,"play_id":"09eb9100-09d6-4d0e-bcd0-d3a7de37d317","local_time":"20190113095009","is_ascension_mode":true,"campfire_choices":[{"data":"Auto Shields","floor":7,"key":"SMITH"},{"data":"Regret","floor":15,"key":"PURGE"}],"neow_cost":"NONE","seed_source_timestamp":316592804647736,"circlet_count":0,"master_deck":["Strike_B","Strike_B","Defend_B","Defend_B","Defend_B","Defend_B","Zap","Dualcast","Turbo","Auto Shields+1","Conserve Battery","Reinforced Body+1","Defragment","Steam+1"],"relics":["Cracked Core","NeowsBlessing","Unceasing Top","PreservedInsect","Toxic Egg 2","Peace Pipe","Golden Idol","Bag of Preparation"],"potions_floor_usage":[16],"damage_taken":[{"damage":0,"enemies":"Small Slimes","floor":1,"turns":1},{"damage":0,"enemies":"Jaw Worm","floor":4,"turns":1},{"damage":0,"enemies":"Lagavulin","floor":6,"turns":1},{"damage":23,"enemies":"Gremlin Nob","floor":8,"turns":4},{"damage":18,"enemies":"3 Sentries","floor":11,"turns":8},{"damage":0,"enemies":"Cultist","floor":13,"turns":4},{"damage":14,"enemies":"The Guardian","floor":16,"turns":9}],"seed_played":"-1696736064875534279","potions_obtained":[{"floor":4,"key":"Ancient Potion"},{"floor":8,"key":"SteroidPotion"},{"floor":13,"key":"SkillPotion"}],"is_trial":false,"path_per_floor":["M","$","?","M","$","E","R","E","T","?","E","$","M","?","R","B"],"character_chosen":"DEFECT","items_purchased":["Auto Shields"],"campfire_rested":0,"item_purchase_floors":[2],"current_hp_per_floor":[68,68,61,61,61,61,61,38,38,38,20,20,20,20,20,6],"gold":299,"neow_bonus":"THREE_ENEMY_KILL","is_prod":false,"is_daily":false,"chose_seed":false,"campfire_upgraded":1,"win_rate":0,"timestamp":1547391009,"path_taken":["M","$","?","M","$","E","R","E","T","?","E","?","M","?","R","BOSS"],"build_version":"2019-01-10","purchased_purges":2,"victory":false,"max_hp_per_floor":[75,75,75,75,75,75,75,75,75,69,69,69,69,69,69,69],"card_choices":[{"not_picked":["Compile Driver","Skim"],"picked":"Turbo","floor":1},{"not_picked":["Steam Power","Coolheaded","Melter"],"picked":"SKIP","floor":4},{"not_picked":["Stack","Consume"],"picked":"Conserve Battery","floor":6},{"not_picked":["Streamline","Go for the Eyes"],"picked":"Reinforced Body","floor":8},{"not_picked":["White Noise+1","Seek+1"],"picked":"Defragment","floor":11},{"not_picked":["Leap+1","Go for the Eyes"],"picked":"Steam+1","floor":13}],"player_experience":369753,"relics_obtained":[{"floor":6,"key":"PreservedInsect"},{"floor":8,"key":"Toxic Egg 2"},{"floor":9,"key":"Peace Pipe"},{"floor":11,"key":"Bag of Preparation"}],"event_choices":[{"damage_healed":0,"gold_gain":0,"player_choice":"Success","damage_taken":7,"relics_obtained":["Unceasing Top"],"max_hp_gain":0,"max_hp_loss":0,"event_name":"Scrap Ooze","floor":3,"gold_loss":0},{"damage_healed":0,"gold_gain":0,"player_choice":"Lose Max HP","damage_taken":0,"relics_obtained":["Golden Idol"],"max_hp_gain":0,"max_hp_loss":6,"event_name":"Golden Idol","floor":10,"gold_loss":0},{"damage_healed":0,"gold_gain":275,"player_choice":"Desecrate","damage_taken":0,"max_hp_gain":0,"max_hp_loss":0,"event_name":"Golden Shrine","floor":14,"gold_loss":0,"cards_obtained":["Regret"]}],"is_beta":false,"boss_relics":[],"items_purged_floors":[5,12],"is_endless":false,"potions_floor_spawned":[4,8,13],"killed_by":"The Guardian","ascension_level":6}