{"gold_per_floor":[112,127,127,52,68,97,97,130,212,265,265,290,290,29,29,105,105],"floor_reached":17,"playtime":544,"items_purged":["Strike_R"],"score":299,"play_id":"d8195a92-59c8-4f1a-8c19-042f48ab463e","local_time":"20190125135629","is_ascension_mode":true,"campfire_choices":[{"data":"Pommel Strike","floor":7,"key":"SMITH"},{"data":"Pommel Strike","floor":11,"key":"SMITH"},{"floor":15,"key":"REST"}],"neow_cost":"NONE","seed_source_timestamp":653507339559753,"circlet_count":0,"master_deck":["AscendersBane","Strike_R","Strike_R","Strike_R","Strike_R","Defend_R","Defend_R","Defend_R","Defend_R","Bash+1","Pommel Strike+1","Pommel Strike+1","Burning Pact","Armaments","Immolate"],"relics":["Burning Blood","NeowsBlessing","Calipers","Orichalcum","Singing Bowl","Tiny Chest","Juzu Bracelet","Ornamental Fan"],"potions_floor_usage":[6,16,16],"damage_taken":[{"damage":0,"enemies":"Cultist","floor":1,"turns":1},{"damage":0,"enemies":"Jaw Worm","floor":2,"turns":1},{"damage":0,"enemies":"Small Slimes","floor":5,"turns":1},{"damage":30,"enemies":"3 Sentries","floor":6,"turns":9},{"damage":21,"enemies":"Gremlin Nob","floor":8,"turns":4},{"damage":16,"enemies":"3 Sentries","floor":12,"turns":7},{"damage":33,"enemies":"The Guardian","floor":16,"turns":16}],"seed_played":"3787183927037041621","potions_obtained":[{"floor":2,"key":"Strength Potion"},{"floor":5,"key":"Dexterity Potion"},{"floor":8,"key":"Swift Potion"}],"is_trial":false,"path_per_floor":["M","M","?","$","M","E","R","E","T","T","R","E","?","$","R","B",null],"character_chosen":"IRONCLAD","items_purchased":["Ornamental Fan"],"campfire_rested":1,"item_purchase_floors":[14],"current_hp_per_floor":[74,75,75,75,75,51,51,36,36,36,36,28,28,28,51,24,24],"gold":105,"neow_bonus":"THREE_ENEMY_KILL","is_prod":false,"is_daily":false,"chose_seed":false,"campfire_upgraded":2,"win_rate":0,"timestamp":1548442589,"path_taken":["M","M","?","$","?","E","R","E","T","?","R","E","?","?","R","BOSS"],"build_version":"2019-01-23","purchased_purges":1,"victory":false,"max_hp_per_floor":[75,75,75,75,75,75,75,75,75,75,75,77,77,77,77,77,77],"card_choices":[{"not_picked":["Clash","Rage"],"picked":"Pommel Strike","floor":1},{"not_picked":["Body Slam","Blood for Blood"],"picked":"Pommel Strike","floor":2},{"not_picked":["True Grit","Flex","Infernal Blade"],"picked":"SKIP","floor":5},{"not_picked":["Havoc","Sever Soul"],"picked":"Burning Pact","floor":6},{"not_picked":["Wild Strike","Body Slam","Infernal Blade"],"picked":"SKIP","floor":8},{"not_picked":["Iron Wave","Burning Pact","Body Slam"],"picked":"Singing Bowl","floor":12},{"not_picked":["Berserk","Offering"],"picked":"Immolate","floor":16}],"player_experience":441553,"relics_obtained":[{"floor":6,"key":"Calipers"},{"floor":8,"key":"Orichalcum"},{"floor":9,"key":"Singing Bowl"},{"floor":10,"key":"Tiny Chest"},{"floor":12,"key":"Juzu Bracelet"}],"event_choices":[{"damage_healed":0,"gold_gain":0,"player_choice":"Forge","damage_taken":0,"max_hp_gain":0,"max_hp_loss":0,"event_name":"Accursed Blacksmith","floor":3,"gold_loss":0,"cards_upgraded":["Bash"]},{"damage_healed":0,"gold_gain":0,"player_choice":"1 cards matched","damage_taken":0,"max_hp_gain":0,"max_hp_loss":0,"event_name":"Match and Keep!","floor":13,"gold_loss":0,"cards_obtained":["Armaments"]}],"is_beta":false,"boss_relics":[],"items_purged_floors":[4],"is_endless":false,"potions_floor_spawned":[2,5,8],"ascension_level":15}