{"gold_per_floor":[119,137,117,137,155,155,49,68,68,94,105,124,124,134,134,239,239,251,265,4,14,14,14,31,31,56,75,94,109,0,0,0,0],"floor_reached":33,"playtime":2562,"items_purged":[],"score":255,"play_id":"b2b411b7-17b3-440f-b5a9-c9c19550a76d","local_time":"20190102120822","is_ascension_mode":false,"campfire_choices":[{"data":"Endless Agony","floor":6,"key":"SMITH"},{"data":"Terror","floor":13,"key":"SMITH"},{"floor":15,"key":"REST"},{"floor":23,"key":"REST"},{"data":"Adrenaline","floor":25,"key":"SMITH"},{"floor":32,"key":"REST"}],"neow_cost":"NONE","seed_source_timestamp":6739397789558,"circlet_count":0,"master_deck":["Defend_G","Defend_G","Defend_G","Defend_G","Defend_G","Strike_G","Strike_G","Strike_G","Strike_G","Strike_G","Survivor","Neutralize","Impatience","Endless Agony+1","Blade Dance","Slice","Slice","Terror+1","Skewer","Deflect","Dodge and Roll","Slice","All Out Attack","Die Die Die","Adrenaline+1","Dagger Spray+1","Infinite Blades","Choke+1","Deflect","Crippling Poison","Writhe"],"relics":["Ring of the Serpent","Regal Pillow","Happy Flower","Ornamental Fan","Anchor","Pear"],"potions_floor_usage":[16,16,33,33,33],"damage_taken":[{"damage":1,"enemies":"Jaw Worm","floor":1,"turns":7},{"damage":0,"enemies":"Cultist","floor":2,"turns":4},{"damage":1,"enemies":"2 Louse","floor":4,"turns":3},{"damage":1,"enemies":"2 Fungi Beasts","floor":5,"turns":3},{"damage":9,"enemies":"Exordium Wildlife","floor":8,"turns":4},{"damage":18,"enemies":"3 Sentries","floor":10,"turns":8},{"damage":0,"enemies":"Blue Slaver","floor":11,"turns":3},{"damage":3,"enemies":"Exordium Thugs","floor":12,"turns":5},{"damage":7,"enemies":"Large Slime","floor":14,"turns":4},{"damage":37,"enemies":"The Guardian","floor":16,"turns":12},{"damage":16,"enemies":"2 Thieves","floor":18,"turns":3},{"damage":0,"enemies":"3 Byrds","floor":19,"turns":3},{"damage":18,"enemies":"Snecko","floor":21,"turns":5},{"damage":23,"enemies":"Centurion and Healer","floor":24,"turns":6},{"damage":13,"enemies":"Shelled Parasite and Fungi","floor":27,"turns":4},{"damage":10,"enemies":"Cultist and Chosen","floor":28,"turns":5},{"damage":11,"enemies":"Snake Plant","floor":29,"turns":4},{"damage":99,"enemies":"Automaton","floor":33,"turns":12}],"seed_played":"-3417396497981587880","potions_obtained":[{"floor":1,"key":"SkillPotion"},{"floor":2,"key":"Ancient Potion"},{"floor":4,"key":"Dexterity Potion"},{"floor":12,"key":"Strength Potion"},{"floor":19,"key":"Poison Potion"},{"floor":24,"key":"Dexterity Potion"},{"floor":28,"key":"Dexterity Potion"}],"is_trial":false,"path_per_floor":["M","M","?","M","M","R","$","M","T","E","M","M","R","M","R","B",null,"M","M","$","M","?","R","M","R","T","M","M","M","?","?","R","B"],"character_chosen":"THE_SILENT","items_purchased":["Terror","Skewer","Ornamental Fan"],"campfire_rested":3,"item_purchase_floors":[7,7,20],"current_hp_per_floor":[69,69,69,68,67,67,67,58,58,40,40,37,37,30,66,29,70,54,54,54,36,36,70,47,47,47,34,24,13,13,23,62,0],"gold":0,"neow_bonus":"RANDOM_COLORLESS","is_prod":false,"is_daily":false,"chose_seed":false,"campfire_upgraded":3,"win_rate":0.0,"timestamp":1546398502,"path_taken":["M","M","?","M","M","R","$","M","T","E","M","M","R","?","R","BOSS","M","M","$","M","?","R","M","R","T","M","M","M","?","?","R","BOSS"],"build_version":"2018-12-20","purchased_purges":0,"victory":false,"max_hp_per_floor":[70,70,70,70,70,70,70,70,70,70,70,70,70,70,70,70,70,70,70,70,70,70,70,70,70,70,70,70,70,70,80,80,80],"card_choices":[{"not_picked":["Sucker Punch","Bouncing Flask"],"picked":"Endless Agony","floor":1},{"not_picked":["Choke","Outmaneuver"],"picked":"Blade Dance","floor":2},{"not_picked":["Quick Slash","Flying Knee"],"picked":"Slice","floor":4},{"not_picked":["PiercingWail","Expertise"],"picked":"Slice","floor":5},{"not_picked":["Poisoned Stab","Well Laid Plans"],"picked":"Deflect","floor":8},{"not_picked":["Dagger Throw","Acrobatics"],"picked":"Dodge and Roll","floor":10},{"not_picked":["Riddle With Holes","Endless Agony"],"picked":"Slice","floor":11},{"not_picked":["Dodge and Roll","Well Laid Plans"],"picked":"All Out Attack","floor":12},{"not_picked":["Quick Slash","Slice"],"picked":"Die Die Die","floor":14},{"not_picked":["Venomology","Glass Knife"],"picked":"Adrenaline","floor":16},{"not_picked":["Outmaneuver","Prepared"],"picked":"Dagger Spray+1","floor":18},{"not_picked":["Distraction+1","Dash+1"],"picked":"Infinite Blades","floor":19},{"not_picked":["Outmaneuver+1","Poisoned Stab+1"],"picked":"Choke+1","floor":21},{"not_picked":["Outmaneuver","Poisoned Stab+1"],"picked":"Deflect","floor":24},{"not_picked":["Flechettes","Leg Sweep","Dagger Throw"],"picked":"SKIP","floor":27},{"not_picked":["All Out Attack","Eviscerate","Flying Knee"],"picked":"SKIP","floor":28},{"not_picked":["Prepared","Dagger Spray"],"picked":"Crippling Poison","floor":29}],"player_experience":33472,"relics_obtained":[{"floor":9,"key":"Regal Pillow"},{"floor":10,"key":"Happy Flower"},{"floor":26,"key":"Anchor"}],"event_choices":[{"damage_healed":0,"gold_gain":0,"player_choice":"Bought 1 Potion","damage_taken":0,"max_hp_gain":0,"max_hp_loss":0,"event_name":"The Woman in Blue","floor":3,"gold_loss":0},{"damage_healed":0,"gold_gain":0,"player_choice":"Ignored","damage_taken":0,"max_hp_gain":0,"max_hp_loss":0,"event_name":"Beggar","floor":22,"gold_loss":0},{"damage_healed":0,"gold_gain":0,"player_choice":"Paid Fearfully","damage_taken":0,"max_hp_gain":0,"max_hp_loss":0,"event_name":"Masked Bandits","floor":30,"gold_loss":109},{"damage_healed":0,"gold_gain":0,"player_choice":"Opened","damage_taken":0,"relics_obtained":["Pear"],"max_hp_gain":0,"max_hp_loss":0,"event_name":"The Mausoleum","floor":31,"gold_loss":0,"cards_obtained":["Writhe"]}],"is_beta":false,"boss_relics":[{"not_picked":["Philosopher\u0027s Stone","Lizard Tail"],"picked":"Ring of the Serpent"}],"items_purged_floors":[],"is_endless":false,"potions_floor_spawned":[1,2,4,12,19,24,28],"killed_by":"Automaton","ascension_level":0}