{"gold_per_floor":[364,439,450,469,644,644,678,283,283,283,312,312,6,18,18,18],"floor_reached":16,"playtime":605,"items_purged":["Doubt","Strike_G"],"score":157,"play_id":"522c829f-57b3-46db-8471-6d9201bf9b2d","local_time":"20190203153858","is_ascension_mode":true,"campfire_choices":[{"data":"Sucker Punch","floor":6,"key":"SMITH"},{"floor":10,"key":"REST"},{"data":"Bouncing Flask","floor":12,"key":"SMITH"},{"data":"Poisoned Stab","floor":15,"key":"SMITH"}],"neow_cost":"TEN_PERCENT_HP_LOSS","seed_source_timestamp":1437296304851659,"circlet_count":0,"master_deck":["Defend_G","Defend_G","Defend_G","Defend_G","Defend_G","Strike_G","Strike_G","Strike_G","Strike_G","Survivor","Neutralize","Sucker Punch+1","Bouncing Flask+1","Escape Plan","Doppelganger","Well Laid Plans","Swift Strike","Poisoned Stab+1","Bouncing Flask"],"relics":["Ring of the Snake","The Specimen","Orichalcum","Pantograph","Mango","OrangePellets"],"potions_floor_usage":[7],"damage_taken":[{"damage":9,"enemies":"Small Slimes","floor":1,"turns":6},{"damage":0,"enemies":"2 Louse","floor":3,"turns":4},{"damage":2,"enemies":"Cultist","floor":4,"turns":4},{"damage":23,"enemies":"Gremlin Nob","floor":7,"turns":5},{"damage":16,"enemies":"Lagavulin","floor":11,"turns":6},{"damage":4,"enemies":"Large Slime","floor":14,"turns":6},{"damage":55,"enemies":"Slime Boss","floor":16,"turns":7}],"seed_played":"697140981491443573","potions_obtained":[{"floor":4,"key":"SteroidPotion"},{"floor":14,"key":"Ancient Potion"}],"is_trial":false,"path_per_floor":["M","?","M","M","?","R","E","$","T","R","E","R","$","M","R","B"],"character_chosen":"THE_SILENT","items_purchased":["Orichalcum","Well Laid Plans","Swift Strike","OrangePellets"],"campfire_rested":1,"item_purchase_floors":[8,8,8,13],"current_hp_per_floor":[54,43,43,41,41,41,18,18,18,36,34,34,34,30,30,0],"gold":18,"neow_bonus":"TWO_FIFTY_GOLD","is_prod":false,"is_daily":false,"chose_seed":false,"campfire_upgraded":3,"win_rate":0,"timestamp":1549226338,"path_taken":["M","?","M","M","?","R","E","$","T","R","E","R","$","M","R","BOSS"],"build_version":"2019-01-23","purchased_purges":2,"victory":false,"max_hp_per_floor":[63,63,63,63,63,63,63,63,63,63,77,77,77,77,77,77],"card_choices":[{"not_picked":["Acrobatics","Infinite Blades"],"picked":"Sucker Punch","floor":1},{"not_picked":["Deadly Poison","Cloak And Dagger"],"picked":"Bouncing Flask","floor":3},{"not_picked":["Dash","Backflip"],"picked":"Escape Plan","floor":4},{"not_picked":["Blade Dance","Deflect"],"picked":"Doppelganger","floor":7},{"not_picked":["Underhanded Strike","Expertise"],"picked":"Poisoned Stab","floor":11},{"not_picked":["Cloak And Dagger","Calculated Gamble"],"picked":"Bouncing Flask","floor":14}],"player_experience":648263,"relics_obtained":[{"floor":7,"key":"The Specimen"},{"floor":9,"key":"Pantograph"},{"floor":11,"key":"Mango"}],"event_choices":[{"damage_healed":0,"gold_gain":75,"player_choice":"Gather Gold","damage_taken":11,"max_hp_gain":0,"max_hp_loss":0,"event_name":"World of Goop","floor":2,"gold_loss":0},{"damage_healed":0,"gold_gain":175,"player_choice":"AGREE","damage_taken":0,"max_hp_gain":0,"max_hp_loss":0,"event_name":"Liars Game","floor":5,"gold_loss":0,"cards_obtained":["Doubt"]}],"is_beta":false,"boss_relics":[],"items_purged_floors":[8,13],"is_endless":false,"potions_floor_spawned":[4,14],"killed_by":"Slime Boss","ascension_level":9}