{"gold_per_floor":[111,122,138,2,13,13,42,54,77,97,97,114,134,169,169,270,270,239,11,31,31,42,74,74,107,107,120,120,134,59,59,59,163,163,180,197,2,22,36,67,67,99,99,115,115,126,126,154,154,154],"floor_reached":51,"playtime":3549,"items_purged":["Strike_R"],"score":855,"play_id":"4b59bb6f-10b5-44a5-addd-c196b721d344","local_time":"20190102104057","is_ascension_mode":true,"campfire_choices":[{"data":"Armaments","floor":6,"key":"SMITH"},{"floor":15,"key":"REST"},{"floor":24,"key":"REST"},{"floor":32,"key":"REST"},{"floor":41,"key":"REST"},{"data":"Demon Form","floor":47,"key":"SMITH"},{"floor":49,"key":"REST"}],"neow_cost":"NONE","seed_source_timestamp":475345258211,"circlet_count":0,"master_deck":["Strike_R","Strike_R","Strike_R","Strike_R","Defend_R","Defend_R+1","Defend_R","Defend_R","Bash+1","Rage","Headbutt","Armaments+1","Clash","Perfected Strike","Battle Trance","Anger","Dark Embrace","Power Through","Warcry","Flame Barrier+1","Spot Weakness","Demon Form+1","Whirlwind","Ghostly Armor","Wild Strike+1","Searing Blow","Whirlwind+1","Disarm","Feed+1","Second Wind","Flame Barrier","Flash of Steel+1","Combust","Anger+1","Disarm+1","Searing Blow+1","Flex+1","Rage"],"relics":["Burning Blood","Matryoshka","Paper Frog","Centennial Puzzle","Ancient Tea Set","Velvet Choker","Membership Card","Bronze Scales","Letter Opener","Mercury Hourglass","Molten Egg 2","Gremlin Horn","Dodecahedron","Black Star","Chemical X","Torii","PreservedInsect","Mango","War Paint","Juzu Bracelet","Potion Belt"],"potions_floor_usage":[14,16,23,33,33,50,50],"damage_taken":[{"damage":6,"enemies":"Jaw Worm","floor":1,"turns":3},{"damage":2,"enemies":"Small Slimes","floor":2,"turns":4},{"damage":3,"enemies":"2 Louse","floor":3,"turns":2},{"damage":5,"enemies":"Looter","floor":5,"turns":3},{"damage":31,"enemies":"3 Sentries","floor":7,"turns":8},{"damage":0,"enemies":"3 Louse","floor":8,"turns":3},{"damage":0,"enemies":"2 Fungi Beasts","floor":10,"turns":3},{"damage":10,"enemies":"Looter","floor":12,"turns":3},{"damage":44,"enemies":"Gremlin Gang","floor":13,"turns":5},{"damage":31,"enemies":"Gremlin Nob","floor":14,"turns":6},{"damage":24,"enemies":"Slime Boss","floor":16,"turns":9},{"damage":18,"enemies":"2 Thieves","floor":18,"turns":5},{"damage":0,"enemies":"Chosen","floor":20,"turns":4},{"damage":32,"enemies":"Sentry and Sphere","floor":22,"turns":8},{"damage":41,"enemies":"Slavers","floor":23,"turns":8},{"damage":18,"enemies":"Book of Stabbing","floor":25,"turns":4},{"damage":0,"enemies":"Cultist and Chosen","floor":27,"turns":6},{"damage":0,"enemies":"Chosen and Byrds","floor":29,"turns":4},{"damage":32,"enemies":"Champ","floor":33,"turns":9},{"damage":0,"enemies":"3 Darklings","floor":35,"turns":2},{"damage":5,"enemies":"3 Shapes","floor":36,"turns":4},{"damage":14,"enemies":"Maw","floor":38,"turns":5},{"damage":29,"enemies":"4 Shapes","floor":39,"turns":2},{"damage":32,"enemies":"Reptomancer","floor":40,"turns":5},{"damage":31,"enemies":"Nemesis","floor":42,"turns":6},{"damage":15,"enemies":"3 Darklings","floor":44,"turns":3},{"damage":22,"enemies":"Jaw Worm Horde","floor":46,"turns":2},{"damage":22,"enemies":"Reptomancer","floor":48,"turns":4},{"damage":53,"enemies":"Time Eater","floor":50,"turns":9}],"seed_played":"-6107656176471131435","potions_obtained":[{"floor":3,"key":"Explosive Potion"},{"floor":7,"key":"FairyPotion"},{"floor":8,"key":"GamblersBrew"},{"floor":10,"key":"Regen Potion"},{"floor":16,"key":"Poison Potion"},{"floor":18,"key":"Ancient Potion"},{"floor":25,"key":"GamblersBrew"},{"floor":38,"key":"Energy Potion"},{"floor":39,"key":"Swift Potion"},{"floor":44,"key":"Explosive Potion"},{"floor":48,"key":"Regen Potion"}],"is_trial":false,"path_per_floor":["M","M","M","$","M","R","E","M","T","M","?","M","M","E","R","B",null,"M","$","M","?","M","E","R","E","T","M","?","M","?","T","R","B",null,"M","M","$","M","M","E","R","E","T","M","?","M","R","E","R","B",null],"character_chosen":"IRONCLAD","items_purchased":["Clash","Perfected Strike","Battle Trance","Membership Card","Flash of Steel+1","Combust","Chemical X","Block Potion"],"campfire_rested":5,"item_purchase_floors":[4,4,4,19,37,37,37,37],"current_hp_per_floor":[80,80,80,80,80,80,55,61,61,67,67,63,25,15,39,21,80,68,68,74,59,33,14,39,27,27,33,33,39,39,39,64,38,85,85,89,89,81,58,36,63,52,52,43,94,82,82,66,95,61],"gold":154,"neow_bonus":"UPGRADE_CARD","is_prod":false,"is_daily":false,"chose_seed":false,"campfire_upgraded":2,"win_rate":0,"timestamp":1546393257,"path_taken":["M","M","M","$","M","R","E","M","T","M","?","M","M","E","R","BOSS","M","$","M","?","M","E","R","E","T","M","?","M","?","?","R","BOSS","M","M","$","M","M","E","R","E","T","M","?","M","R","E","R","BOSS"],"build_version":"2018-12-20","purchased_purges":1,"victory":true,"max_hp_per_floor":[80,80,80,80,80,80,80,80,80,80,80,80,80,80,80,80,80,80,80,80,85,85,85,85,85,85,85,85,85,85,85,85,85,85,85,89,89,89,89,93,93,107,107,107,94,98,98,98,98,98],"card_choices":[{"not_picked":["Heavy Blade","Pommel Strike"],"picked":"Rage","floor":1},{"not_picked":["Clothesline","Pommel Strike"],"picked":"Headbutt","floor":2},{"not_picked":["Flex","Clothesline"],"picked":"Armaments","floor":3},{"not_picked":["Twin Strike","Pummel"],"picked":"Anger","floor":5},{"not_picked":["Immolate","Seeing Red"],"picked":"Dark Embrace","floor":7},{"not_picked":["Searing Blow","Corruption"],"picked":"Pommel Strike","floor":8},{"not_picked":["Pommel Strike","Feel No Pain"],"picked":"Power Through","floor":10},{"not_picked":["Rage","Twin Strike"],"picked":"Warcry","floor":12},{"not_picked":["Clothesline","Havoc"],"picked":"Flame Barrier","floor":13},{"not_picked":["Perfected Strike","Intimidate"],"picked":"Spot Weakness","floor":14},{"not_picked":["Fiend Fire","Impervious"],"picked":"Demon Form","floor":16},{"not_picked":["Rage","Flex+1"],"picked":"Whirlwind","floor":18},{"not_picked":["Perfected Strike+1","Flex"],"picked":"Ghostly Armor","floor":20},{"not_picked":["Sword Boomerang","Infernal Blade"],"picked":"Wild Strike+1","floor":22},{"not_picked":["Battle Trance+1","Offering"],"picked":"Searing Blow","floor":23},{"not_picked":["Thunderclap","Battle Trance+1"],"picked":"Whirlwind+1","floor":25},{"not_picked":["Flex","Bloodletting"],"picked":"Disarm","floor":27},{"not_picked":["Shockwave","Body Slam+1","Havoc"],"picked":"SKIP","floor":29},{"not_picked":["Juggernaut","Demon Form"],"picked":"Feed+1","floor":33},{"not_picked":["True Grit","Cleave+1"],"picked":"Second Wind","floor":35},{"not_picked":["True Grit+1","Sever Soul+1"],"picked":"Flame Barrier","floor":36},{"not_picked":["Havoc","Corruption+1","Pommel Strike+1"],"picked":"SKIP","floor":38},{"not_picked":["Combust","Body Slam+1"],"picked":"Anger+1","floor":39},{"not_picked":["Warcry+1","Pummel+1"],"picked":"Disarm+1","floor":40},{"not_picked":["Pommel Strike+1","Berserk","Thunderclap+1"],"picked":"SKIP","floor":42},{"not_picked":["Rupture+1","Second Wind"],"picked":"Searing Blow+1","floor":44},{"not_picked":["Warcry","Burning Pact+1"],"picked":"Flex+1","floor":46},{"not_picked":["Berserk","Corruption"],"picked":"Rage","floor":48}],"player_experience":27472,"relics_obtained":[{"floor":7,"key":"Matryoshka"},{"floor":9,"key":"Paper Frog"},{"floor":9,"key":"Centennial Puzzle"},{"floor":14,"key":"Ancient Tea Set"},{"floor":23,"key":"Bronze Scales"},{"floor":25,"key":"Letter Opener"},{"floor":26,"key":"Mercury Hourglass"},{"floor":26,"key":"Molten Egg 2"},{"floor":31,"key":"Dodecahedron"},{"floor":40,"key":"Torii"},{"floor":40,"key":"PreservedInsect"},{"floor":42,"key":"Mango"},{"floor":42,"key":"War Paint"},{"floor":48,"key":"Juzu Bracelet"},{"floor":48,"key":"Potion Belt"}],"event_choices":[{"damage_healed":0,"gold_gain":0,"player_choice":"Ignored","damage_taken":0,"max_hp_gain":0,"max_hp_loss":0,"event_name":"Liars Game","floor":11,"gold_loss":0},{"damage_healed":0,"gold_gain":0,"player_choice":"Shed Blood","damage_taken":20,"max_hp_gain":5,"max_hp_loss":0,"event_name":"Forgotten Altar","floor":21,"gold_loss":0},{"damage_healed":0,"gold_gain":0,"player_choice":"Opened","damage_taken":0,"relics_obtained":["Gremlin Horn"],"max_hp_gain":0,"max_hp_loss":0,"event_name":"The Mausoleum","floor":28,"gold_loss":0},{"cards_removed":["Pommel Strike"],"damage_healed":0,"gold_gain":0,"player_choice":"Gave Gold","damage_taken":0,"max_hp_gain":0,"max_hp_loss":0,"event_name":"Beggar","floor":30,"gold_loss":75},{"damage_healed":94,"gold_gain":0,"player_choice":"Heal","damage_taken":0,"max_hp_gain":0,"max_hp_loss":13,"event_name":"The Moai Head","floor":45,"gold_loss":0}],"is_beta":false,"boss_relics":[{"not_picked":["Busted Crown","Runic Pyramid"],"picked":"Velvet Choker"},{"not_picked":["Tiny House","Orrery"],"picked":"Black Star"}],"items_purged_floors":[19],"is_endless":false,"potions_floor_spawned":[3,7,8,10,12,16,18,25,38,39,40,44,48],"ascension_level":1}