{"gold_per_floor":[362,33,50,66,141,141,161,189,216,236,236,236,236,300,300,300],"floor_reached":16,"playtime":575,"items_purged":["Strike_R"],"score":176,"play_id":"9dc71d3c-c923-4031-87b5-5b6c04e34848","local_time":"20190116085739","is_ascension_mode":true,"campfire_choices":[{"data":"True Grit","floor":6,"key":"SMITH"},{"data":"Searing Blow","floor":11,"key":"SMITH"},{"data":"Searing Blow+1","floor":13,"key":"SMITH"},{"data":"Searing Blow+2","floor":15,"key":"SMITH"}],"neow_cost":"TEN_PERCENT_HP_LOSS","seed_source_timestamp":572482407737572,"circlet_count":0,"master_deck":["AscendersBane","Strike_R","Strike_R","Strike_R","Defend_R","Defend_R","Defend_R","Defend_R","Bash","Searing Blow+3","Double Tap","Cleave","True Grit+1","Feed"],"relics":["Burning Blood","Blood Vial","Bag of Preparation","Tiny Chest"],"potions_floor_usage":[8,8],"damage_taken":[{"damage":11,"enemies":"2 Louse","floor":1,"turns":3},{"damage":6,"enemies":"Cultist","floor":3,"turns":4},{"damage":3,"enemies":"Small Slimes","floor":4,"turns":4},{"damage":17,"enemies":"3 Louse","floor":7,"turns":3},{"damage":12,"enemies":"Gremlin Nob","floor":8,"turns":4},{"damage":9,"enemies":"Gremlin Gang","floor":10,"turns":2},{"damage":20,"enemies":"3 Sentries","floor":14,"turns":7},{"damage":66,"enemies":"The Guardian","floor":16,"turns":10}],"seed_played":"-810035339073432138","potions_obtained":[{"floor":1,"key":"Strength Potion"}],"is_trial":false,"path_per_floor":["M","$","M","M","?","R","M","E","T","M","R","?","R","E","R","B"],"character_chosen":"IRONCLAD","items_purchased":["Double Tap","Regen Potion","Cleave"],"campfire_rested":0,"item_purchase_floors":[2,2,2],"current_hp_per_floor":[67,67,67,70,63,63,52,58,58,57,57,57,57,48,48,0],"gold":300,"neow_bonus":"TWO_FIFTY_GOLD","is_prod":false,"is_daily":false,"chose_seed":false,"campfire_upgraded":4,"win_rate":0,"timestamp":1547647059,"path_taken":["M","$","M","M","?","R","?","E","T","M","R","?","R","E","R","BOSS"],"build_version":"2019-01-10","purchased_purges":1,"victory":false,"max_hp_per_floor":[72,72,72,72,72,72,72,72,72,72,72,72,72,75,75,75],"card_choices":[{"not_picked":["Perfected Strike","Rage"],"picked":"Searing Blow","floor":1},{"not_picked":["Burning Pact","Wild Strike"],"picked":"True Grit","floor":3},{"not_picked":["Perfected Strike","Whirlwind","Body Slam"],"picked":"SKIP","floor":4},{"not_picked":["Shrug It Off","True Grit","Pommel Strike"],"picked":"SKIP","floor":7},{"not_picked":["Armaments","Cleave"],"picked":"Feed","floor":8},{"not_picked":["Burning Pact","Heavy Blade","Flex"],"picked":"SKIP","floor":10},{"not_picked":["Flex","True Grit","Cleave"],"picked":"SKIP","floor":14}],"player_experience":387383,"relics_obtained":[{"floor":8,"key":"Blood Vial"},{"floor":9,"key":"Bag of Preparation"},{"floor":14,"key":"Tiny Chest"}],"event_choices":[{"damage_healed":0,"gold_gain":75,"player_choice":"Touch","damage_taken":7,"max_hp_gain":0,"max_hp_loss":0,"event_name":"FaceTrader","floor":5,"gold_loss":0},{"cards_removed":["Strike_R"],"damage_healed":0,"gold_gain":0,"player_choice":"Purged","damage_taken":0,"max_hp_gain":0,"max_hp_loss":0,"event_name":"Purifier","floor":12,"gold_loss":0}],"is_beta":false,"boss_relics":[],"items_purged_floors":[2],"is_endless":false,"potions_floor_spawned":[1,4],"killed_by":"The Guardian","ascension_level":12}