{"path_per_floor":["M","?","?","M","M","E","M","R","T","?","R","E","$","?","R","B",null,"M","?","M","M","?","R","E","M","T","R","?","E","R","M","R","B",null,"M","?","M","?","$","E","M","E","T","E","R","?","E","M","R","B"],"character_chosen":"DEFECT","items_purchased":["Calipers","Mind Blast","Strawberry","Whetstone","Tempest","Static Discharge"],"gold_per_floor":[111,111,111,129,139,173,187,187,267,267,267,295,2,2,2,132,132,155,155,180,199,199,199,235,254,254,254,254,297,297,312,312,555,555,570,570,585,585,11,46,70,104,104,145,145,145,184,204,204,204],"floor_reached":51,"campfire_rested":2,"playtime":3979,"item_purchase_floors":[],"current_hp_per_floor":[68,65,65,65,65,42,42,42,42,42,42,42,42,24,46,33,65,60,60,60,48,32,32,18,11,11,33,33,31,31,31,31,36,65,62,62,62,62,69,75,75,75,75,75,75,65,63,63,63,47],"items_purged":["Strike_B"],"gold":204,"score":1254,"play_id":"947d85ef-a3a4-4b2f-8e6e-e43e67cf819c","local_time":"20180607121832","is_prod":false,"is_daily":false,"chose_seed":false,"is_ascension_mode":true,"campfire_upgraded":4,"win_rate":0,"timestamp":1528366712,"campfire_choices":[{"data":"Chaos","floor":8.0,"key":"SMITH"},{"data":"Zap","floor":11.0,"key":"SMITH"},{"floor":15.0,"key":"REST"},{"data":"1","floor":23.0,"key":"LIFT"},{"floor":27.0,"key":"REST"},{"data":"2","floor":30.0,"key":"LIFT"},{"data":"3","floor":32.0,"key":"LIFT"},{"data":"Seek","floor":45,"key":"SMITH"},{"data":"Defragment","floor":49,"key":"SMITH"}],"path_taken":["M","?","?","?","M","E","M","R","T","?","R","E","?","?","R","BOSS","M","?","M","M","?","R","E","M","T","R","?","E","R","M","R","BOSS","BOSS","M","?","?","?","?","E","M","E","T","E","R","?","E","?","R","BOSS"],"build_version":"2018-05-31","seed_source_timestamp":1884849153030280,"purchased_purges":1,"victory":true,"master_deck":["Strike_B","Defend_B","Defend_B","Defend_B","Defend_B","Zap+1","Dualcast","Gash+1","Rebound","Sweeping Beam","Reinforced Body","Chaos+1","Seek+1","All For One","Rip and Tear","Chill","Stack","BootSequence","Compile Driver","Leap+1","Gash","Gash+1","Coolheaded","Meteor Strike","Steam","Turbo+1","Mind Blast","Tempest","Static Discharge","Reinforced Body+1","Gash","Stack","Decay","White Noise+1","Mind Blast","Trip","Flash of Steel","Gash","Defragment+1"],"max_hp_per_floor":[75,75,75,75,75,75,75,75,75,75,75,75,75,75,75,75,75,75,75,75,75,75,75,75,75,75,75,75,75,75,75,75,75,75,75,75,75,75,82,92,92,92,92,92,92,92,92,92,92,92],"relics":["Cracked Core","Thread and Needle","Vajra","Gremlin Horn","Girya","Calipers","Golden Idol","Cursed Key","Nilry\u0027s Codex","Unceasing Top","Kunai","Potion Belt","Nuclear Battery","Strawberry","Whetstone","Pear","Bottled Flame","Matryoshka","Pantograph","The Courier"],"card_choices":[{"not_picked":["Leap","Conserve Battery"],"picked":"Gash","floor":1.0},{"not_picked":["White Noise","Ball Lightning"],"picked":"Rebound","floor":4.0},{"not_picked":["Beam Cell","Ball Lightning"],"picked":"Sweeping Beam","floor":5.0},{"not_picked":["Doom and Gloom","Stack"],"picked":"Reinforced Body","floor":6.0},{"not_picked":["Beam Cell","Aggregate"],"picked":"Chaos","floor":7.0},{"not_picked":["Recycle","Tempest"],"picked":"Seek","floor":12.0},{"not_picked":["Biased Cognition","Meteor Strike"],"picked":"All For One","floor":16.0},{"not_picked":["Static Discharge","Rebound"],"picked":"Rip and Tear","floor":18.0},{"not_picked":["Force Field","Hologram"],"picked":"Stack","floor":20.0},{"not_picked":["Consume","Lockon"],"picked":"BootSequence","floor":21.0},{"not_picked":["Darkness","Stack"],"picked":"Compile Driver","floor":24.0},{"not_picked":["Chill","Aggregate"],"picked":"Leap+1","floor":25.0},{"not_picked":["Stack","Sweeping Beam+1"],"picked":"Gash","floor":29.0},{"not_picked":["Streamline","Undo"],"picked":"Coolheaded","floor":31.0},{"not_picked":["Machine Learning","Multi-Cast"],"picked":"Meteor Strike","floor":33},{"not_picked":["Compile Driver+1","FTL+1"],"picked":"Steam","floor":35},{"not_picked":["Redo","Genetic Algorithm"],"picked":"Turbo+1","floor":37},{"not_picked":["Melter+1","Genetic Algorithm+1"],"picked":"Reinforced Body+1","floor":40},{"not_picked":["Stack","Genetic Algorithm+1"],"picked":"Gash","floor":41},{"not_picked":["Auto Shields","Redo"],"picked":"Stack","floor":42},{"not_picked":["Stack+1","Doom and Gloom"],"picked":"White Noise+1","floor":44},{"not_picked":["Panacea","Master of Strategy"],"picked":"Mind Blast","floor":46},{"not_picked":["Dramatic Entrance","Jack Of All Trades"],"picked":"Trip","floor":46},{"not_picked":["Magnetism","Blind"],"picked":"Flash of Steel","floor":46},{"not_picked":["Fusion+1","Steam+1"],"picked":"Gash","floor":47},{"not_picked":["Ball Lightning","Gash+1"],"picked":"Defragment","floor":48}],"player_experience":481012,"potions_floor_usage":[50,50,50],"damage_taken":[{"damage":0.0,"enemies":"Jaw Worm","floor":1.0,"turns":3.0},{"damage":0.0,"enemies":"Small Slimes","floor":4.0,"turns":3.0},{"damage":0.0,"enemies":"2 Louse","floor":5.0,"turns":3.0},{"damage":23.0,"enemies":"Lagavulin","floor":6.0,"turns":8.0},{"damage":0.0,"enemies":"2 Fungi Beasts","floor":7.0,"turns":3.0},{"damage":0.0,"enemies":"3 Sentries","floor":12.0,"turns":4.0},{"damage":28.0,"enemies":"Hexaghost","floor":16.0,"turns":12.0},{"damage":5.0,"enemies":"2 Thieves","floor":18.0,"turns":3.0},{"damage":0.0,"enemies":"Spheric Guardian","floor":20.0,"turns":3.0},{"damage":12.0,"enemies":"Snecko","floor":21.0,"turns":8.0},{"damage":14.0,"enemies":"Slavers","floor":24.0,"turns":6.0},{"damage":7.0,"enemies":"Snake Plant","floor":25.0,"turns":5.0},{"damage":2.0,"enemies":"Gremlin Leader","floor":29.0,"turns":6.0},{"damage":0.0,"enemies":"Slaver and Parasite","floor":31.0,"turns":4.0},{"damage":2.0,"enemies":"Automaton","floor":33.0,"turns":9.0},{"damage":3,"enemies":"Orb Walker","floor":35,"turns":3},{"damage":0,"enemies":"3 Darklings","floor":37,"turns":3},{"damage":4,"enemies":"2 Orb Walkers","floor":40,"turns":5},{"damage":0,"enemies":"Maw","floor":41,"turns":7},{"damage":0,"enemies":"Nemesis","floor":42,"turns":3},{"damage":0,"enemies":"Giant Head","floor":44,"turns":6},{"damage":2,"enemies":"Nemesis","floor":47,"turns":3},{"damage":0,"enemies":"4 Shapes","floor":48,"turns":2},{"damage":41,"enemies":"Time Eater","floor":50,"turns":9}],"relics_obtained":[{"floor":6.0,"key":"Vajra"},{"floor":9.0,"key":"Gremlin Horn"},{"floor":12.0,"key":"Girya"},{"floor":22.0,"key":"Nilry\u0027s Codex"},{"floor":24.0,"key":"Unceasing Top"},{"floor":26.0,"key":"Kunai"},{"floor":29.0,"key":"Potion Belt"},{"floor":40,"key":"Pear"},{"floor":42,"key":"Bottled Flame"},{"floor":43,"key":"Matryoshka"},{"floor":44,"key":"Pantograph"},{"floor":47,"key":"The Courier"}],"event_choices":[{"event_name":"Scrap Ooze","player_choice":"success","floor":2.0,"damage_taken":3.0},{"event_name":"Living Wall","player_choice":"Forget","floor":3.0,"damage_taken":0.0},{"event_name":"Purifier","player_choice":"One Purge","floor":10.0,"damage_taken":0.0},{"event_name":"Golden Idol","player_choice":"Take Damage","floor":14.0,"damage_taken":0.0},{"event_name":"The Library","player_choice":"Read","floor":19.0,"damage_taken":0.0},{"event_name":"Cursed Tome","player_choice":"Obtained Book","floor":22.0,"damage_taken":0.0},{"event_name":"Duplicator","player_choice":"One dupe","floor":28.0,"damage_taken":0.0},{"event_name":"Tomb of Lord Red Mask","player_choice":"Ignored","floor":36,"damage_taken":0},{"event_name":"Fountain of Cleansing","player_choice":"Removed Curse","floor":38,"damage_taken":0},{"event_name":"SensoryStone","player_choice":"Memory 3","floor":46,"damage_taken":0}],"boss_relics":[{"not_picked":["Snecko Eye","Runic Pyramid"],"picked":"Nuclear Battery"}],"items_purged_floors":[39],"potions_floor_spawned":[6,12,16,18,25,33,35,47,48],"seed_played":"7013559043656178397","ascension_level":7,"potions_obtained":[{"floor":6.0,"key":"EntropicBrew"},{"floor":12.0,"key":"Ancient Potion"},{"floor":16.0,"key":"PowerPotion"},{"floor":18.0,"key":"LiquidBronze"},{"floor":25.0,"key":"Poison Potion"},{"floor":33,"key":"FearPotion"},{"floor":35,"key":"AttackPotion"},{"floor":47,"key":"LiquidBronze"},{"floor":48,"key":"SkillPotion"}],"is_trial":false}