{"gold_per_floor":[113,131,145,145,155,212,38,50,50,50,67,85,85,98,98,98],"floor_reached":16,"playtime":833,"items_purged":[],"score":106,"play_id":"e550a13d-9aaf-4a01-98d2-a8dae8f8bd08","local_time":"20190102174914","is_ascension_mode":false,"campfire_choices":[{"floor":10,"key":"REST"},{"data":"Terror","floor":13,"key":"SMITH"},{"floor":15,"key":"REST"}],"neow_cost":"NONE","seed_source_timestamp":8691972109059,"circlet_count":0,"master_deck":["Defend_G","Defend_G","Defend_G","Defend_G","Defend_G","Strike_G","Strike_G","Strike_G","Strike_G","Survivor","Neutralize","Dagger Spray","Riddle With Holes","PiercingWail","Terror+1","Bandage Up","Deflect","Finisher","Slice"],"relics":["Ring of the Snake","Tiny Chest","Kunai"],"potions_floor_usage":[],"damage_taken":[{"damage":0,"enemies":"Jaw Worm","floor":1,"turns":5},{"damage":3,"enemies":"2 Louse","floor":2,"turns":3},{"damage":0,"enemies":"Small Slimes","floor":3,"turns":4},{"damage":0,"enemies":"Looter","floor":5,"turns":4},{"damage":49,"enemies":"Gremlin Nob","floor":6,"turns":6},{"damage":5,"enemies":"Exordium Wildlife","floor":8,"turns":3},{"damage":12,"enemies":"Red Slaver","floor":11,"turns":6},{"damage":0,"enemies":"2 Fungi Beasts","floor":12,"turns":3},{"damage":22,"enemies":"Large Slime","floor":14,"turns":7},{"damage":52,"enemies":"Slime Boss","floor":16,"turns":12}],"seed_played":"-5175695056610039265","potions_obtained":[{"floor":1,"key":"Regen Potion"},{"floor":5,"key":"SpeedPotion"},{"floor":6,"key":"GamblersBrew"}],"is_trial":false,"path_per_floor":["M","M","M","?","M","E","$","M","T","R","M","M","R","M","R","B"],"character_chosen":"THE_SILENT","items_purchased":["Bandage Up","Deflect","Finisher"],"campfire_rested":2,"item_purchase_floors":[7,7,7],"current_hp_per_floor":[77,74,74,74,74,25,25,24,24,47,39,43,43,25,48,0],"gold":98,"neow_bonus":"TEN_PERCENT_HP_BONUS","is_prod":false,"is_daily":false,"chose_seed":false,"campfire_upgraded":1,"win_rate":0.0,"timestamp":1546418954,"path_taken":["M","M","M","?","M","E","$","M","T","R","M","M","R","M","R","BOSS"],"build_version":"2018-12-20","purchased_purges":0,"victory":false,"max_hp_per_floor":[77,77,77,77,77,77,77,77,77,77,77,77,77,77,77,77],"card_choices":[{"not_picked":["Flying Knee","Endless Agony","Prepared"],"picked":"SKIP","floor":1},{"not_picked":["Backflip","Bane"],"picked":"Dagger Spray","floor":2},{"not_picked":["Heel Hook","Bane"],"picked":"Riddle With Holes","floor":3},{"not_picked":["Phantasmal Killer","Tactician"],"picked":"PiercingWail","floor":5},{"not_picked":["All Out Attack","Acrobatics"],"picked":"Terror","floor":6},{"not_picked":["Flying Knee","Deadly Poison","Poisoned Stab"],"picked":"SKIP","floor":8},{"not_picked":["Quick Slash","Dagger Spray"],"picked":"Slice","floor":11},{"not_picked":["Predator","Deadly Poison","Caltrops"],"picked":"SKIP","floor":12},{"not_picked":["Eviscerate","Sucker Punch","Catalyst"],"picked":"SKIP","floor":14}],"player_experience":44655,"relics_obtained":[{"floor":6,"key":"Tiny Chest"},{"floor":9,"key":"Kunai"}],"event_choices":[{"cards_removed":["Strike_G"],"damage_healed":0,"gold_gain":0,"player_choice":"Forget","damage_taken":0,"max_hp_gain":0,"max_hp_loss":0,"event_name":"Living Wall","floor":4,"gold_loss":0}],"is_beta":false,"boss_relics":[],"items_purged_floors":[],"is_endless":false,"potions_floor_spawned":[1,5,6,11,14],"killed_by":"Slime Boss","ascension_level":0}