{"gold_per_floor":[113,113,129,139,157,192,192,223,223,125,125,145,145,175,175,273,273,290,290,290,309,329,329,340,371,446,446,461,461,491,491,491,591,591,604,616,616,616,287,312,312,328,382,414,431,431,441,441,441,441,441,441,165,190,190],"floor_reached":56,"playtime":2667,"items_purged":["Strike_G","Strike_G","Parasite"],"score":1313,"play_id":"51e2bc97-69f8-45c2-a108-172f783421cc","local_time":"20190110120848","is_ascension_mode":true,"campfire_choices":[{"data":"Noxious Fumes","floor":7.0,"key":"SMITH"},{"data":"Noxious Fumes","floor":11.0,"key":"SMITH"},{"floor":13.0,"key":"REST"},{"data":"Footwork","floor":15.0,"key":"SMITH"},{"floor":23.0,"key":"REST"},{"floor":27.0,"key":"REST"},{"floor":32.0,"key":"REST"},{"floor":41.0,"key":"REST"},{"floor":46.0,"key":"RECALL"},{"floor":49.0,"key":"REST"},{"floor":52.0,"key":"REST"}],"neow_cost":"NONE","seed_source_timestamp":2968730370699,"circlet_count":0,"master_deck":["Defend_G","Defend_G","Defend_G","Defend_G","Defend_G","Strike_G","Strike_G","Survivor","Neutralize+1","Deadly Poison","Noxious Fumes+1","Deadly Poison","Footwork+1","Dodge and Roll","Noxious Fumes+1","Deflect","Deadly Poison","Burst","Well Laid Plans+1","Acrobatics","Writhe","Outmaneuver+1","Catalyst+1","Noxious Fumes+1","PiercingWail","Adrenaline","Caltrops+1","Malaise","Catalyst+1","PiercingWail+1"],"special_seed":0,"relics":["Ring of the Snake","NeowsBlessing","Regal Pillow","Molten Egg 2","Frozen Egg 2","Fusion Hammer","Kunai","Strawberry","Meat on the Bone","Centennial Puzzle","Question Card","Lizard Tail","Anchor","Bag of Marbles","Orichalcum","Vajra","Lantern","Ninja Scroll"],"potions_floor_usage":[55,55],"damage_taken":[{"damage":0.0,"enemies":"Jaw Worm","floor":1.0,"turns":1.0},{"damage":0.0,"enemies":"Cultist","floor":3.0,"turns":1.0},{"damage":0.0,"enemies":"Small Slimes","floor":4.0,"turns":1.0},{"damage":2.0,"enemies":"Looter","floor":5.0,"turns":3.0},{"damage":13.0,"enemies":"Lagavulin","floor":6.0,"turns":5.0},{"damage":31.0,"enemies":"Gremlin Nob","floor":8.0,"turns":5.0},{"damage":4.0,"enemies":"3 Louse","floor":12.0,"turns":3.0},{"damage":26.0,"enemies":"Lagavulin","floor":14.0,"turns":5.0},{"damage":28.0,"enemies":"Slime Boss","floor":16.0,"turns":8.0},{"damage":0.0,"enemies":"Shell Parasite","floor":18.0,"turns":5.0},{"damage":7.0,"enemies":"2 Thieves","floor":21.0,"turns":5.0},{"damage":18.0,"enemies":"Cultist and Chosen","floor":22.0,"turns":8.0},{"damage":0.0,"enemies":"Centurion and Healer","floor":24.0,"turns":5.0},{"damage":33.0,"enemies":"Slavers","floor":25.0,"turns":6.0},{"damage":2.0,"enemies":"Snecko","floor":28.0,"turns":4.0},{"damage":8.0,"enemies":"Book of Stabbing","floor":30.0,"turns":4.0},{"damage":13.0,"enemies":"Champ","floor":33.0,"turns":6.0},{"damage":22.0,"enemies":"3 Darklings","floor":35.0,"turns":5.0},{"damage":3.0,"enemies":"3 Shapes","floor":36.0,"turns":4.0},{"damage":45.0,"enemies":"Reptomancer","floor":40.0,"turns":7.0},{"damage":19.0,"enemies":"Writhing Mass","floor":42.0,"turns":6.0},{"damage":5.0,"enemies":"Nemesis","floor":44.0,"turns":5.0},{"damage":12.0,"enemies":"3 Darklings","floor":45.0,"turns":5.0},{"damage":30.0,"enemies":"Spire Growth","floor":47.0,"turns":6.0},{"damage":61.0,"enemies":"Awakened One","floor":50.0,"turns":14.0},{"damage":21.0,"enemies":"Shield and Spear","floor":54.0,"turns":6.0},{"damage":52,"enemies":"The Heart","floor":55,"turns":11}],"seed_played":"-8347963466852600381","potions_obtained":[{"floor":4.0,"key":"GhostInAJar"},{"floor":6.0,"key":"SmokeBomb"},{"floor":14.0,"key":"Regen Potion"},{"floor":16.0,"key":"Fire Potion"},{"floor":36.0,"key":"Dexterity Potion"},{"floor":40.0,"key":"Fire Potion"},{"floor":45.0,"key":"Regen Potion"},{"floor":47.0,"key":"Energy Potion"}],"is_trial":false,"path_per_floor":["M","?","M","M","M","E","R","E","T","$","R","M","R","E","R","B",null,"M","?","?","M","M","R","M","E","T","R","M","?","E","T","R","B",null,"M","M","?","?","$","E","R","M","T","E","M","R","M","?","R","B",null,"R","$","E","B",null],"character_chosen":"THE_SILENT","items_purchased":["Deflect","Caltrops+1","Anchor","Lantern"],"campfire_rested":7,"item_purchase_floors":[10,39,39,53],"current_hp_per_floor":[70,70,70,70,68,55,55,24,24,24,24,20,56,30,30,17,70,70,70,70,63,45,70,70,44,44,77,75,61,53,53,82,69,82,60,57,57,57,57,24,63,44,44,51,51,51,48,48,78,29,78,78,75,54,14],"gold":190,"neow_bonus":"THREE_ENEMY_KILL","is_prod":false,"is_daily":false,"chose_seed":false,"campfire_upgraded":3,"win_rate":0,"timestamp":1547089728,"path_taken":["M","?","?","?","M","E","R","E","T","$","R","M","R","E","R","BOSS","M","?","?","M","M","R","M","E","T","R","M","?","E","?","R","BOSS","M","M","?","?","$","E","R","M","T","E","M","R","M","?","R","BOSS","R","$","E","BOSS"],"build_version":"2019-01-03v4","purchased_purges":3,"victory":true,"max_hp_per_floor":[70,70,70,70,70,70,70,70,70,70,70,70,70,70,70,70,70,70,70,70,70,70,70,70,77,77,77,77,82,82,82,82,82,82,82,82,82,82,82,82,82,82,82,82,82,82,82,78,78,78,78,78,75,75,75],"card_choices":[{"not_picked":["Underhanded Strike","Setup"],"picked":"Deadly Poison","floor":1.0},{"not_picked":["Dodge and Roll","Backflip"],"picked":"Noxious Fumes","floor":3.0},{"not_picked":["Dagger Throw","Bouncing Flask"],"picked":"Deadly Poison","floor":4.0},{"not_picked":["Tactician","Crippling Poison"],"picked":"Footwork","floor":5.0},{"not_picked":["Outmaneuver","Deflect"],"picked":"Dodge and Roll","floor":6.0},{"not_picked":["Terror","Deflect"],"picked":"Noxious Fumes","floor":8.0},{"not_picked":["Terror","Slice+1"],"picked":"Deadly Poison","floor":12.0},{"not_picked":["Prepared","Cloak And Dagger","Blade Dance"],"picked":"SKIP","floor":14.0},{"not_picked":["A Thousand Cuts+1","Night Terror"],"picked":"Burst","floor":16.0},{"not_picked":["Quick Slash+1","Backflip"],"picked":"Well Laid Plans+1","floor":18.0},{"not_picked":["Dagger Spray+1","Flying Knee+1"],"picked":"Outmaneuver+1","floor":21.0},{"not_picked":["Grand Finale+1","Slice+1"],"picked":"Catalyst+1","floor":22.0},{"not_picked":["Deadly Poison+1","Blade Dance","Outmaneuver+1"],"picked":"SKIP","floor":24.0},{"not_picked":["Underhanded Strike+1","Heel Hook+1","Prepared+1"],"picked":"SKIP","floor":25.0},{"not_picked":["Predator+1","Choke+1"],"picked":"Noxious Fumes+1","floor":28.0},{"not_picked":["Terror","Dodge and Roll+1"],"picked":"PiercingWail","floor":30.0},{"not_picked":["Doppelganger","A Thousand Cuts+1","Corpse Explosion"],"picked":"Adrenaline","floor":33.0},{"not_picked":["Prepared","Heel Hook+1","Eviscerate+1","All Out Attack+1"],"picked":"SKIP","floor":35.0},{"not_picked":["Distraction+1","Underhanded Strike+1","Poisoned Stab+1","Expertise+1"],"picked":"SKIP","floor":36.0},{"not_picked":["Noxious Fumes+1","Deadly Poison","Deflect"],"picked":"Malaise","floor":40.0},{"not_picked":["Masterful Stab+1","Deflect+1","Dagger Throw+1","Accuracy+1"],"picked":"SKIP","floor":42.0},{"not_picked":["PiercingWail+1","Bouncing Flask","Underhanded Strike+1"],"picked":"Catalyst+1","floor":44.0},{"not_picked":["Endless Agony+1","Crippling Poison","Terror+1","Blade Dance"],"picked":"SKIP","floor":45.0},{"not_picked":["Choke+1","Setup+1","Slice+1"],"picked":"PiercingWail+1","floor":47.0},{"not_picked":["Deflect","Quick Slash+1","Distraction+1","Concentrate+1"],"picked":"SKIP","floor":54.0}],"player_experience":190116,"relics_obtained":[{"floor":6.0,"key":"Regal Pillow"},{"floor":8.0,"key":"Molten Egg 2"},{"floor":14.0,"key":"Frozen Egg 2"},{"floor":25.0,"key":"Strawberry"},{"floor":26.0,"key":"Meat on the Bone"},{"floor":30.0,"key":"Centennial Puzzle"},{"floor":31.0,"key":"Question Card"},{"floor":40.0,"key":"Bag of Marbles"},{"floor":43.0,"key":"Orichalcum"},{"floor":44.0,"key":"Vajra"},{"floor":54.0,"key":"Ninja Scroll"}],"event_choices":[{"damage_healed":0.0,"max_hp_gain":0.0,"max_hp_loss":0.0,"gold_gain":0.0,"event_name":"Accursed Blacksmith","player_choice":"Forge","floor":2.0,"gold_loss":0.0,"damage_taken":0.0,"cards_upgraded":["Neutralize"]},{"damage_healed":0.0,"max_hp_gain":0.0,"max_hp_loss":0.0,"gold_gain":0.0,"event_name":"The Library","player_choice":"Read","floor":19.0,"gold_loss":0.0,"damage_taken":0.0,"cards_obtained":["Acrobatics"]},{"damage_healed":0.0,"max_hp_gain":0.0,"max_hp_loss":0.0,"gold_gain":0.0,"event_name":"The Mausoleum","player_choice":"Opened","floor":20.0,"gold_loss":0.0,"damage_taken":0.0,"relics_obtained":["Kunai"],"cards_obtained":["Writhe"]},{"damage_healed":0.0,"max_hp_gain":5.0,"max_hp_loss":0.0,"gold_gain":0.0,"event_name":"Forgotten Altar","player_choice":"Shed Blood","floor":29.0,"gold_loss":0.0,"damage_taken":19.0},{"damage_healed":0.0,"max_hp_gain":0.0,"max_hp_loss":0.0,"gold_gain":0.0,"event_name":"SensoryStone","player_choice":"Memory 1","floor":37.0,"gold_loss":0.0,"damage_taken":0.0},{"cards_removed":["Strike_G"],"damage_healed":0.0,"max_hp_gain":0.0,"max_hp_loss":0.0,"gold_gain":0.0,"event_name":"Falling","player_choice":"Removed Attack","floor":38.0,"gold_loss":0.0,"damage_taken":0.0},{"damage_healed":0.0,"max_hp_gain":0.0,"max_hp_loss":4.0,"gold_gain":0.0,"event_name":"Winding Halls","player_choice":"Max HP","floor":48.0,"gold_loss":0.0,"damage_taken":0.0}],"is_beta":false,"boss_relics":[{"not_picked":["Orrery","Coffee Dripper"],"picked":"Fusion Hammer"},{"not_picked":["Astrolabe","Cursed Key"],"picked":"Lizard Tail"}],"items_purged_floors":[10,39,53],"is_endless":false,"potions_floor_spawned":[4,6,14,16,18,28,30,36,40,42,45,47],"ascension_level":1}