{"gold_per_floor":[112,187,187,37,37,80,80,114,114,114,114,114,139,162,162,292,292,316,316,9,9,0,0,40,40,65,65,65,65,27,50,50,170,170,184,184,208,66,66],"floor_reached":39,"playtime":1338,"items_purged":["Writhe"],"score":561,"play_id":"56e067f3-782f-498e-be56-09cd898afa6c","local_time":"20181231110349","is_ascension_mode":true,"campfire_choices":[{"data":"Neutralize","floor":10,"key":"SMITH"},{"data":"Neutralize","floor":12,"key":"SMITH"},{"data":"Survivor","floor":15,"key":"SMITH"},{"floor":23,"key":"REST"},{"data":"J.A.X.","floor":27,"key":"SMITH"},{"data":"Phantasmal Killer","floor":28,"key":"SMITH"},{"data":"Cloak And Dagger","floor":29,"key":"SMITH"},{"floor":32,"key":"REST"}],"neow_cost":"NONE","seed_source_timestamp":894449704456951,"circlet_count":0,"master_deck":["Defend_G","Defend_G","Defend_G","Defend_G","Defend_G","Strike_G","Strike_G","Strike_G","Strike_G","Survivor+1","Neutralize+1","Neutralize+1","Cloak And Dagger+1","Well Laid Plans+1","Phantasmal Killer+1","Noxious Fumes+1","Infinite Blades+1","Footwork+1","J.A.X.+1","Footwork+1","Accuracy+1","Envenom+1","Finesse","Quick Slash"],"relics":["Ring of the Snake","NeowsBlessing","Golden Idol","Art of War","Frozen Egg 2","Bottled Flame","Vajra","Meat on the Bone","Sozu","Dream Catcher","Boot","Enchiridion","WingedGreaves","Oddly Smooth Stone","HoveringKite","Letter Opener"],"potions_floor_usage":[16],"damage_taken":[{"damage":0,"enemies":"Jaw Worm","floor":1,"turns":1},{"damage":0,"enemies":"Gremlin Nob","floor":6,"turns":1},{"damage":0,"enemies":"Lagavulin","floor":8,"turns":1},{"damage":0,"enemies":"Small Slimes","floor":13,"turns":3},{"damage":0,"enemies":"2 Louse","floor":14,"turns":4},{"damage":27,"enemies":"The Guardian","floor":16,"turns":14},{"damage":12,"enemies":"Spheric Guardian","floor":18,"turns":5},{"damage":25,"enemies":"Gremlin Leader","floor":24,"turns":7},{"damage":3,"enemies":"3 Byrds","floor":31,"turns":4},{"damage":12,"enemies":"Champ","floor":33,"turns":8},{"damage":5,"enemies":"Orb Walker","floor":35,"turns":3},{"damage":21,"enemies":"3 Shapes","floor":37,"turns":4},{"damage":47,"enemies":"3 Darklings","floor":39,"turns":4}],"seed_played":"-710418648398807399","potions_obtained":[{"floor":1,"key":"SpeedPotion"},{"floor":8,"key":"Poison Potion"},{"floor":14,"key":"AttackPotion"}],"is_trial":false,"path_per_floor":["M","?","?","$","T","E","?","E","T","R","?","R","M","M","R","B",null,"M","?","$","?","?","R","E","?","T","R","R","R","$","M","R","B",null,"M","?","M","$","M"],"character_chosen":"THE_SILENT","items_purchased":["Art of War","Boot","Infinite Blades+1","Footwork+1","Finesse","Quick Slash"],"campfire_rested":2,"item_purchase_floors":[4,20,20,30,38,38],"current_hp_per_floor":[70,59,42,42,42,42,35,35,35,35,35,35,47,47,47,32,61,49,49,49,33,33,54,41,41,41,41,41,41,41,38,59,47,64,59,59,38,38,0],"gold":66,"neow_bonus":"THREE_ENEMY_KILL","is_prod":false,"is_daily":false,"chose_seed":false,"campfire_upgraded":6,"win_rate":0,"timestamp":1546272229,"path_taken":["M","?","?","?","?","E","?","E","T","R","?","R","?","M","R","BOSS","M","?","$","?","?","R","E","?","T","R","R","R","$","M","R","BOSS","M","?","M","$","M"],"build_version":"2018-12-20","purchased_purges":1,"victory":false,"max_hp_per_floor":[70,70,70,70,70,70,70,70,70,70,70,70,70,70,70,70,70,70,70,70,70,70,70,70,70,70,70,70,70,70,70,70,70,70,70,70,70,70,70],"card_choices":[{"not_picked":["Calculated Gamble","Deadly Poison","Reflex"],"picked":"SKIP","floor":1},{"not_picked":["Poisoned Stab","Tactician","Underhanded Strike"],"picked":"SKIP","floor":6},{"not_picked":["All Out Attack","Concentrate","Riddle With Holes"],"picked":"SKIP","floor":8},{"not_picked":["Acrobatics","Prepared"],"picked":"Cloak And Dagger","floor":13},{"not_picked":["Blade Dance","Eviscerate"],"picked":"Well Laid Plans+1","floor":14},{"not_picked":["Bullet Time","Corpse Explosion"],"picked":"Phantasmal Killer","floor":16},{"not_picked":["Dagger Spray","PiercingWail"],"picked":"Noxious Fumes+1","floor":18},{"not_picked":["Predator+1","Flying Knee"],"picked":"Footwork+1","floor":24},{"not_picked":["Tactician","Outmaneuver","Prepared"],"picked":"SKIP","floor":31},{"not_picked":["Slice","Outmaneuver"],"picked":"Accuracy+1","floor":32},{"not_picked":["Tools of the Trade+1","Grand Finale"],"picked":"Envenom+1","floor":33},{"not_picked":["Sucker Punch+1","Prepared+1","Slice"],"picked":"SKIP","floor":35},{"not_picked":["Bouncing Flask+1","Dodge and Roll","Flying Knee+1"],"picked":"SKIP","floor":37}],"player_experience":309820,"relics_obtained":[{"floor":5,"key":"Frozen Egg 2"},{"floor":6,"key":"Bottled Flame"},{"floor":8,"key":"Vajra"},{"floor":9,"key":"Meat on the Bone"},{"floor":21,"key":"Enchiridion"},{"floor":24,"key":"WingedGreaves"},{"floor":26,"key":"Oddly Smooth Stone"}],"event_choices":[{"damage_healed":0,"gold_gain":75,"player_choice":"Gather Gold","damage_taken":11,"max_hp_gain":0,"max_hp_loss":0,"event_name":"World of Goop","floor":2,"gold_loss":0},{"damage_healed":0,"gold_gain":0,"player_choice":"Take Damage","damage_taken":17,"relics_obtained":["Golden Idol"],"max_hp_gain":0,"max_hp_loss":0,"event_name":"Golden Idol","floor":3,"gold_loss":0},{"cards_removed":["Strike_G"],"damage_healed":0,"gold_gain":0,"player_choice":"Card Removal","damage_taken":7,"max_hp_gain":0,"max_hp_loss":0,"event_name":"Golden Wing","floor":7,"gold_loss":0},{"damage_healed":0,"gold_gain":0,"player_choice":"1 cards matched","damage_taken":0,"max_hp_gain":0,"max_hp_loss":0,"event_name":"Match and Keep!","floor":11,"gold_loss":0,"cards_obtained":["Neutralize"]},{"damage_healed":0,"gold_gain":0,"player_choice":"Opened","damage_taken":0,"relics_obtained":["Dream Catcher"],"max_hp_gain":0,"max_hp_loss":0,"event_name":"The Mausoleum","floor":19,"gold_loss":0,"cards_obtained":["Writhe"]},{"damage_healed":0,"gold_gain":0,"player_choice":"Obtained Book","damage_taken":16,"max_hp_gain":0,"max_hp_loss":0,"event_name":"Cursed Tome","floor":21,"gold_loss":0},{"damage_healed":0,"gold_gain":0,"player_choice":"Paid Fearfully","damage_taken":0,"max_hp_gain":0,"max_hp_loss":0,"event_name":"Masked Bandits","floor":22,"gold_loss":9},{"damage_healed":0,"gold_gain":0,"player_choice":"Obtain J.A.X.","damage_taken":0,"max_hp_gain":0,"max_hp_loss":0,"event_name":"Drug Dealer","floor":25,"gold_loss":0,"cards_obtained":["J.A.X."]},{"damage_healed":0,"gold_gain":0,"player_choice":"Gave Potion","damage_taken":0,"relics_obtained":["Letter Opener"],"max_hp_gain":0,"max_hp_loss":0,"event_name":"WeMeetAgain","floor":36,"gold_loss":0}],"is_beta":false,"boss_relics":[{"not_picked":["Astrolabe","Runic Pyramid"],"picked":"Sozu"},{"not_picked":["Tiny House","Runic Dome"],"picked":"HoveringKite"}],"items_purged_floors":[20],"is_endless":false,"potions_floor_spawned":[1,8,14,18,24,37],"killed_by":"3 Darklings","ascension_level":5}