{"gold_per_floor":[116,116,41,54,29,29,57,57,82,108,120,139,139,155,155,232,232,232,232,4,4,4,4,4,4,4,4,4,4,4,4,4,4],"floor_reached":33,"playtime":1828,"items_purged":[],"score":705,"play_id":"b2aa3cbe-461b-4277-bcb8-720023ade4e4","local_time":"20190224155825","is_ascension_mode":true,"campfire_choices":[{"data":"Dagger Throw","floor":6,"key":"SMITH"},{"data":"Dash","floor":8,"key":"SMITH"},{"data":"Leg Sweep","floor":15,"key":"SMITH"},{"data":"Adrenaline","floor":24,"key":"SMITH"},{"data":"Adrenaline","floor":30,"key":"SMITH"},{"data":"Crippling Poison","floor":32,"key":"SMITH"}],"neow_cost":"NONE","seed_source_timestamp":449657110923858,"circlet_count":0,"master_deck":["AscendersBane","Defend_G","Defend_G","Defend_G","Defend_G","Defend_G","Strike_G","Strike_G","Strike_G","Survivor","Neutralize","Finisher","Dagger Throw+1","PiercingWail","Dash+1","Escape Plan","Dagger Spray","Leg Sweep+1","Adrenaline+1","Acrobatics+1","Crippling Poison+1","Backstab","Adrenaline+1","Poisoned Stab+1","PiercingWail"],"relics":["Ring of the Snake","NeowsBlessing","Tingsha","Art of War","Bag of Preparation","Ectoplasm","Red Mask","ClockworkSouvenir","Ancient Tea Set","Mercury Hourglass","Bird Faced Urn","Smiling Mask","Prayer Wheel"],"potions_floor_usage":[16,16,19,33],"damage_taken":[{"damage":0,"enemies":"Small Slimes","floor":1,"turns":1},{"damage":0,"enemies":"Jaw Worm","floor":4,"turns":1},{"damage":0,"enemies":"Gremlin Nob","floor":7,"turns":1},{"damage":24,"enemies":"3 Sentries","floor":10,"turns":10},{"damage":0,"enemies":"2 Louse","floor":11,"turns":3},{"damage":3,"enemies":"Blue Slaver","floor":12,"turns":4},{"damage":0,"enemies":"2 Fungi Beasts","floor":14,"turns":3},{"damage":7,"enemies":"The Guardian","floor":16,"turns":10},{"damage":0,"enemies":"Spheric Guardian","floor":18,"turns":1},{"damage":0,"enemies":"Masked Bandits","floor":19,"turns":3},{"damage":0,"enemies":"Chosen","floor":22,"turns":5},{"damage":2,"enemies":"Gremlin Leader","floor":23,"turns":8},{"damage":14,"enemies":"Book of Stabbing","floor":25,"turns":7},{"damage":0,"enemies":"Gremlin Leader","floor":27,"turns":6},{"damage":0,"enemies":"Snecko","floor":28,"turns":5},{"damage":1,"enemies":"Book of Stabbing","floor":29,"turns":5},{"damage":39,"enemies":"Champ","floor":33,"turns":11}],"seed_played":"5398251987520012611","potions_obtained":[{"floor":1,"key":"SteroidPotion"},{"floor":4,"key":"Poison Potion"},{"floor":10,"key":"SteroidPotion"},{"floor":14,"key":"Ancient Potion"},{"floor":16,"key":"Explosive Potion"},{"floor":18,"key":"Weak Potion"},{"floor":27,"key":"Energy Potion"},{"floor":28,"key":"SpeedPotion"}],"is_trial":false,"path_per_floor":["M","?","?","M","$","R","E","R","T","E","M","M","?","M","R","B",null,"M","?","$","?","M","E","R","E","T","E","M","E","R","?","R","B"],"character_chosen":"THE_SILENT","items_purchased":["PiercingWail","ClockworkSouvenir"],"campfire_rested":0,"item_purchase_floors":[5,20],"current_hp_per_floor":[59,52,52,52,52,52,52,52,52,28,28,25,25,25,25,18,54,54,54,54,54,54,52,52,38,38,38,38,37,37,37,37,0],"gold":4,"neow_bonus":"THREE_ENEMY_KILL","is_prod":false,"is_daily":false,"chose_seed":false,"campfire_upgraded":6,"win_rate":0,"timestamp":1551041905,"path_taken":["M","?","?","M","$","R","E","R","T","E","?","M","?","M","R","BOSS","M","?","$","?","M","E","R","E","T","E","M","E","R","?","R","BOSS"],"build_version":"2019-01-23","purchased_purges":0,"victory":false,"max_hp_per_floor":[66,66,66,66,66,66,66,66,66,66,66,66,66,66,66,66,66,66,66,66,66,66,66,66,66,66,66,66,66,66,66,66,66],"card_choices":[{"not_picked":["Quick Slash","Heel Hook"],"picked":"Finisher","floor":1},{"not_picked":["Poisoned Stab","Dagger Throw","Deflect"],"picked":"SKIP","floor":4},{"not_picked":["Poisoned Stab","Deflect"],"picked":"Dagger Throw","floor":4},{"not_picked":["Night Terror","Flying Knee"],"picked":"Dash","floor":7},{"not_picked":["Slice","Acrobatics","Deflect"],"picked":"SKIP","floor":10},{"not_picked":["Blade Dance","All Out Attack"],"picked":"Escape Plan","floor":11},{"not_picked":["Deadly Poison","Flying Knee"],"picked":"Dagger Spray","floor":12},{"not_picked":["Unload","Outmaneuver"],"picked":"Leg Sweep","floor":14},{"not_picked":["Night Terror","Bullet Time"],"picked":"Adrenaline","floor":16},{"not_picked":["Sucker Punch+1","Outmaneuver","Flying Knee"],"picked":"SKIP","floor":18},{"not_picked":["Distraction","Prepared"],"picked":"Acrobatics+1","floor":22},{"not_picked":["Skewer","Cloak And Dagger"],"picked":"Crippling Poison","floor":23},{"not_picked":["Tactician","Deadly Poison"],"picked":"Backstab","floor":25},{"not_picked":["Bane","Tools of the Trade"],"picked":"Adrenaline","floor":27},{"not_picked":["Bane+1","Deadly Poison"],"picked":"Poisoned Stab+1","floor":28},{"not_picked":["Backflip","Quick Slash","Cloak And Dagger"],"picked":"SKIP","floor":29}],"player_experience":838660,"relics_obtained":[{"floor":7,"key":"Tingsha"},{"floor":9,"key":"Art of War"},{"floor":10,"key":"Bag of Preparation"},{"floor":19,"key":"Red Mask"},{"floor":23,"key":"Ancient Tea Set"},{"floor":25,"key":"Mercury Hourglass"},{"floor":26,"key":"Bird Faced Urn"},{"floor":27,"key":"Smiling Mask"},{"floor":29,"key":"Prayer Wheel"}],"event_choices":[{"cards_removed":["Strike_G"],"damage_healed":0,"gold_gain":0,"player_choice":"Card Removal","damage_taken":7,"max_hp_gain":0,"max_hp_loss":0,"event_name":"Golden Wing","floor":2,"gold_loss":0},{"cards_removed":["Strike_G"],"damage_healed":0,"gold_gain":0,"player_choice":"Card Removal","damage_taken":0,"max_hp_gain":0,"max_hp_loss":0,"event_name":"The Cleric","floor":3,"gold_loss":75},{"damage_healed":0,"gold_gain":0,"player_choice":"Ignored","damage_taken":0,"max_hp_gain":0,"max_hp_loss":0,"event_name":"Shining Light","floor":13,"gold_loss":0},{"damage_healed":0,"gold_gain":0,"player_choice":"Fought Bandits","damage_taken":0,"max_hp_gain":0,"max_hp_loss":0,"event_name":"Masked Bandits","floor":19,"gold_loss":0},{"damage_healed":0,"gold_gain":0,"player_choice":"Ignored","damage_taken":0,"max_hp_gain":0,"max_hp_loss":0,"event_name":"The Mausoleum","floor":21,"gold_loss":0},{"damage_healed":0,"gold_gain":0,"player_choice":"Read","damage_taken":0,"max_hp_gain":0,"max_hp_loss":0,"event_name":"The Library","floor":31,"gold_loss":0,"cards_obtained":["PiercingWail"]}],"is_beta":false,"boss_relics":[{"not_picked":["Lizard Tail","Calling Bell"],"picked":"Ectoplasm"}],"items_purged_floors":[],"is_endless":false,"potions_floor_spawned":[1,4,10,14,16,18,27,28],"killed_by":"Champ","ascension_level":17}