{"path_per_floor":["M","M","?","M","M","M","M","R","T","?","T","E","M","$","R","B",null,"M","M","?","M","?","R","?","R","T","E","$","M","?","M","R","B",null,"M","$","?","M","?","R"],"character_chosen":"IRONCLAD","items_purchased":["Whetstone"],"gold_per_floor":[113,129,129,145,170,190,210,210,236,236,236,272,296,72,72,196,196,216,240,165,186,186,186,86,86,86,126,26,44,44,58,58,178,178,193,68,68,88,88,88,88],"floor_reached":41,"campfire_rested":2,"playtime":2195,"current_hp_per_floor":[78,80,60,58,64,61,59,59,59,43,43,10,14,14,38,17,80,77,79,79,76,76,76,76,76,76,43,43,36,36,21,45,51,80,55,55,80,80,80,80,0],"items_purged":["Defend_R","Pain","Normality"],"gold":88,"score":413,"play_id":"263ac550-d906-4130-9bf1-d66a53efc93d","local_time":"20180418233244","is_prod":false,"is_daily":false,"chose_seed":false,"is_ascension_mode":false,"campfire_upgraded":4,"timestamp":1524119564,"path_taken":["M","M","?","?","M","M","M","R","T","?","?","E","?","$","R","BOSS","M","M","?","M","?","R","?","R","T","E","?","?","?","M","R","BOSS","M","?","?","M","?","R","E"],"build_version":"2018-04-12","seed_source_timestamp":688738253704330,"purchased_purges":3,"victory":false,"master_deck":["Strike_R+1","Strike_R+1","Strike_R+1","Defend_R","Defend_R+1","Defend_R+1","Bash","Body Slam+1","Spot Weakness","Rampage+1","Flex","Rage","Barricade+1","Rampage+1","Headbutt","Offering","Shrug It Off+1","Pommel Strike","Fire Breathing+1","J.A.X.","Cleave","Impervious+1","Doubt","Writhe","Shrug It Off","Body Slam+1","Jack Of All Trades"],"max_hp_per_floor":[80,80,80,80,80,80,80,80,80,80,80,80,80,80,80,80,80,80,80,80,80,80,80,80,80,80,80,80,80,80,80,80,80,80,80,80,80,80,80,80,80],"relics":["Burning Blood","Golden Idol","Prayer Wheel","Centennial Puzzle","Mercury Hourglass","Whetstone","Cursed Key","Question Card","War Paint","Calling Bell","Bag of Preparation","Orichalcum","Oddly Smooth Stone"],"card_choices":[{"not_picked":["Sever Soul","Anger"],"picked":"Spot Weakness","floor":2},{"not_picked":["Wild Strike","Inflame"],"picked":"Rampage","floor":4},{"not_picked":["Thunderclap","Sword Boomerang"],"picked":"Flex","floor":5},{"not_picked":["Inflame","Pommel Strike"],"picked":"Rage","floor":6},{"not_picked":["Pummel","Havoc"],"picked":"Barricade","floor":7},{"not_picked":["Reckless Charge","Demon Form"],"picked":"Rampage","floor":12},{"not_picked":["Pummel","Twin Strike"],"picked":"Headbutt","floor":13},{"not_picked":["Juggernaut","Demon Form"],"picked":"Offering","floor":16},{"not_picked":["Warcry","Reckless Charge"],"picked":"Shrug It Off","floor":18},{"not_picked":["Anger","Dropkick"],"picked":"Pommel Strike","floor":21},{"not_picked":["Flex","Barricade"],"picked":"Cleave","floor":26},{"not_picked":["Fiend Fire","Berserk","Limit Break"],"picked":"Impervious","floor":33},{"not_picked":["Blood for Blood","Infernal Blade","Berserk"],"picked":"Shrug It Off","floor":35},{"not_picked":["Anger","Reckless Charge","Perfected Strike"],"picked":"Body Slam","floor":38},{"not_picked":["Mind Blast","Deep Breath","Panache"],"picked":"Jack Of All Trades","floor":39}],"player_experience":61558,"potions_floor_usage":[13,16,16,16,29,33,33],"damage_taken":[{"damage":8,"enemies":"Cultist","floor":1,"turns":5},{"damage":1,"enemies":"2 Louse","floor":2,"turns":4},{"damage":8,"enemies":"Jaw Worm","floor":4,"turns":3},{"damage":0,"enemies":"Looter","floor":5,"turns":4},{"damage":9,"enemies":"2 Fungi Beasts","floor":6,"turns":4},{"damage":8,"enemies":"Blue Slaver","floor":7,"turns":3},{"damage":39,"enemies":"Gremlin Nob","floor":12,"turns":4},{"damage":11,"enemies":"Exordium Wildlife","floor":13,"turns":5},{"damage":27,"enemies":"The Guardian","floor":16,"turns":10},{"damage":9,"enemies":"Shell Parasite","floor":18,"turns":3},{"damage":4,"enemies":"Spheric Guardian","floor":19,"turns":3},{"damage":9,"enemies":"Cultist and Chosen","floor":21,"turns":5},{"damage":39,"enemies":"Book of Stabbing","floor":27,"turns":5},{"damage":13,"enemies":"Chosen and Byrds","floor":29,"turns":4},{"damage":21,"enemies":"Centurion and Healer","floor":31,"turns":3},{"damage":15,"enemies":"Champ","floor":33,"turns":9},{"damage":31,"enemies":"3 Darklings","floor":35,"turns":6},{"damage":1,"enemies":"Orb Walker","floor":38,"turns":3},{"damage":82,"enemies":"Nemesis","floor":41,"turns":6}],"event_choices":[{"event_name":"Golden Idol","player_choice":"Take Damage","floor":3,"damage_taken":0},{"event_name":"Shining Light","player_choice":"Entered Light","floor":10,"damage_taken":0},{"event_name":"Beggar","player_choice":"Gave Gold","floor":20,"damage_taken":0},{"event_name":"The Library","player_choice":"Read","floor":22,"damage_taken":0},{"event_name":"Drug Dealer","player_choice":"Got JAXXED","floor":24,"damage_taken":0},{"event_name":"Upgrade Shrine","player_choice":"Upgraded","floor":30,"damage_taken":0},{"event_name":"Wheel of Change","player_choice":"Full Heal","floor":37,"damage_taken":0},{"event_name":"SensoryStone","player_choice":"Memory 1","floor":39,"damage_taken":0}],"boss_relics":[{"not_picked":["Tiny House","Orrery"],"picked":"Cursed Key"},{"not_picked":["Mark of Pain","Velvet Choker"],"picked":"Calling Bell"}],"potions_floor_spawned":[1,6,7,12,13,18,21,27],"seed_played":"-8304539422245088002","killed_by":"Nemesis","ascension_level":0,"is_trial":false}