{"gold_per_floor":[109,125,41,41,6,6,31,31,31,49,49,49,7,42,42,117,117,136,136,136,148,148,148,148],"floor_reached":24,"playtime":931,"items_purged":[],"score":370,"play_id":"bac87ca1-355a-4c84-91c8-cbb58697f3da","local_time":"20190225132558","is_ascension_mode":true,"campfire_choices":[{"data":"Streamline","floor":6,"key":"SMITH"},{"data":"Zap","floor":8,"key":"SMITH"},{"data":"Genetic Algorithm","floor":12,"key":"SMITH"},{"data":"Dualcast","floor":15,"key":"SMITH"},{"floor":23,"key":"REST"}],"neow_cost":"NONE","seed_source_timestamp":527789819856402,"circlet_count":0,"master_deck":["AscendersBane","Defend_B","Defend_B","Defend_B","Defend_B","Zap+1","Dualcast+1","Ball Lightning","Streamline+1","Barrage","Glacier","Sweeping Beam","Genetic Algorithm+1","Undo","Sweeping Beam","Buffer","Recycle","Consume","RitualDagger","Coolheaded","Go for the Eyes"],"relics":["Cracked Core","Pear","Dream Catcher","Inserter","Shuriken"],"potions_floor_usage":[7],"damage_taken":[{"damage":8,"enemies":"2 Louse","floor":1,"turns":2},{"damage":7,"enemies":"Jaw Worm","floor":2,"turns":3},{"damage":10,"enemies":"Gremlin Nob","floor":7,"turns":3},{"damage":0,"enemies":"Cultist","floor":10,"turns":2},{"damage":9,"enemies":"Lagavulin","floor":14,"turns":7},{"damage":29,"enemies":"The Guardian","floor":16,"turns":12},{"damage":11,"enemies":"Spheric Guardian","floor":18,"turns":5},{"damage":26,"enemies":"3 Byrds","floor":21,"turns":6},{"damage":0,"enemies":"Centurion and Healer","floor":24,"turns":1}],"seed_played":"-1901743055682076578","potions_obtained":[{"floor":1,"key":"Ancient Potion"},{"floor":10,"key":"Block Potion"}],"is_trial":false,"path_per_floor":["M","M","$","?","?","R","E","R","T","M","$","R","$","E","R","B",null,"M","?","?","M","T","R","M"],"character_chosen":"DEFECT","items_purchased":["Glacier","Undo"],"campfire_rested":1,"item_purchase_floors":[3,13],"current_hp_per_floor":[56,49,49,42,59,59,59,59,59,59,59,59,59,50,50,21,66,55,55,49,23,23,47,47],"gold":148,"neow_bonus":"TRANSFORM_CARD","is_prod":false,"is_daily":false,"chose_seed":false,"campfire_upgraded":4,"win_rate":0,"timestamp":1551119158,"path_taken":["M","M","$","?","?","R","E","R","T","M","?","R","$","E","R","BOSS","M","?","?","M","?","R","M"],"build_version":"2019-01-23","purchased_purges":0,"victory":false,"max_hp_per_floor":[71,71,71,71,71,71,81,81,81,81,81,81,81,81,81,81,81,81,81,81,81,81,81,81],"card_choices":[{"not_picked":["Melter","Heatsinks"],"picked":"Streamline","floor":1},{"not_picked":["Stack","Redo"],"picked":"Barrage","floor":2},{"not_picked":["Cold Snap","Leap"],"picked":"Sweeping Beam","floor":7},{"not_picked":["Turbo","Conserve Battery"],"picked":"Genetic Algorithm","floor":10},{"not_picked":["Force Field","Darkness"],"picked":"Sweeping Beam","floor":14},{"not_picked":["All For One","Seek"],"picked":"Buffer","floor":16},{"not_picked":["Lockon","Streamline","Stack"],"picked":"SKIP","floor":18},{"not_picked":["Steam","Capacitor"],"picked":"Coolheaded","floor":21},{"not_picked":["Aggregate+1","Rip and Tear"],"picked":"Go for the Eyes","floor":23}],"player_experience":840488,"relics_obtained":[{"floor":7,"key":"Pear"},{"floor":14,"key":"Dream Catcher"},{"floor":22,"key":"Shuriken"}],"event_choices":[{"cards_removed":["Strike_B"],"damage_healed":0,"gold_gain":0,"player_choice":"Card Removal","damage_taken":7,"max_hp_gain":0,"max_hp_loss":0,"event_name":"Golden Wing","floor":4,"gold_loss":0},{"damage_healed":17,"gold_gain":0,"player_choice":"Healed","damage_taken":0,"max_hp_gain":0,"max_hp_loss":0,"event_name":"The Cleric","floor":5,"gold_loss":35},{"damage_healed":0,"gold_gain":0,"cards_transformed":["Strike_B","Strike_B"],"player_choice":"Became Test Subject","damage_taken":0,"max_hp_gain":0,"max_hp_loss":0,"event_name":"Drug Dealer","floor":19,"gold_loss":0,"cards_obtained":["Recycle","Consume"]},{"damage_healed":0,"gold_gain":0,"player_choice":"Joined the Cult","damage_taken":6,"max_hp_gain":0,"max_hp_loss":0,"event_name":"Nest","floor":20,"gold_loss":0,"cards_obtained":["RitualDagger"]}],"is_beta":false,"boss_relics":[{"not_picked":["Nuclear Battery","Ectoplasm"],"picked":"Inserter"}],"items_purged_floors":[],"is_endless":false,"potions_floor_spawned":[1,10],"killed_by":"Centurion and Healer","ascension_level":17}