{"gold_per_floor":[109,109,62,80,96,96,124,124,148,181,194,194,164,144,144,245,245,260,359,359,374,177,177,39,39],"floor_reached":25,"playtime":1207,"items_purged":[],"score":311,"play_id":"e41b59f6-26f4-4846-8a4e-a6c62bca1083","local_time":"20190217081227","is_ascension_mode":true,"campfire_choices":[{"data":"Zap","floor":6.0,"key":"SMITH"},{"data":"Dualcast","floor":8.0,"key":"SMITH"},{"floor":12,"key":"REST"},{"floor":15,"key":"REST"},{"data":"1","floor":23,"key":"LIFT"}],"neow_cost":"TEN_PERCENT_HP_LOSS","seed_source_timestamp":219265733581114,"circlet_count":0,"master_deck":["AscendersBane","Strike_B","Strike_B","Strike_B","Strike_B","Defend_B","Defend_B","Defend_B","Defend_B","Zap+1","Dualcast+1","Capacitor","Conserve Battery","White Noise","Double Energy","Glacier","Self Repair","Echo Form","Loop","Coolheaded","Seek"],"special_seed":0,"relics":["Cracked Core","Turnip","Orichalcum","PreservedInsect","Girya","Fusion Hammer","Runic Capacitor"],"potions_floor_usage":[11,16,21,25],"damage_taken":[{"damage":0.0,"enemies":"2 Louse","floor":1.0,"turns":2.0},{"damage":0.0,"enemies":"Cultist","floor":4.0,"turns":3.0},{"damage":16.0,"enemies":"Small Slimes","floor":5.0,"turns":5.0},{"damage":23.0,"enemies":"Lagavulin","floor":7.0,"turns":7.0},{"damage":23,"enemies":"Gremlin Nob","floor":10,"turns":4},{"damage":2,"enemies":"Exordium Thugs","floor":11,"turns":5},{"damage":7,"enemies":"Looter","floor":13,"turns":4},{"damage":28,"enemies":"Slime Boss","floor":16,"turns":10},{"damage":13,"enemies":"Shell Parasite","floor":18,"turns":7},{"damage":15,"enemies":"3 Byrds","floor":21,"turns":3},{"damage":59,"enemies":"Gremlin Leader","floor":25,"turns":8}],"seed_played":"3034913363244726008","potions_obtained":[{"floor":7.0,"key":"LiquidBronze"},{"floor":10,"key":"Block Potion"},{"floor":11,"key":"Swift Potion"},{"floor":14,"key":"Poison Potion"},{"floor":21,"key":"Explosive Potion"}],"is_trial":false,"path_per_floor":["M","?","$","M","M","R","E","R","T","E","M","R","M","?","R","B",null,"M","?","?","M","$","R","$","E"],"character_chosen":"DEFECT","items_purchased":["Conserve Battery","Runic Capacitor","Seek"],"campfire_rested":2,"item_purchase_floors":[3,22,24],"current_hp_per_floor":[68,68,68,68,52,52,29,29,29,6,4,24,17,17,37,16,55,49,49,49,41,41,41,41,0],"gold":39,"neow_bonus":"ONE_RARE_RELIC","is_prod":false,"is_daily":false,"chose_seed":false,"campfire_upgraded":2,"win_rate":0,"timestamp":1550419947,"path_taken":["M","?","$","M","M","R","E","R","T","E","M","R","?","?","R","BOSS","M","?","?","M","$","R","$","E"],"build_version":"2019-01-23","purchased_purges":0,"victory":false,"max_hp_per_floor":[68,68,68,68,68,68,68,68,68,68,68,68,68,68,68,68,68,68,68,68,68,68,68,68,68],"card_choices":[{"not_picked":["Beam Cell","Skim","Scrape"],"picked":"SKIP","floor":1.0},{"not_picked":["Conserve Battery","Gash"],"picked":"White Noise","floor":4.0},{"not_picked":["Reprogram","Recycle"],"picked":"Double Energy","floor":5.0},{"not_picked":["Ball Lightning","Redo","Hologram"],"picked":"SKIP","floor":7.0},{"not_picked":["Hologram","Steam","Redo"],"picked":"SKIP","floor":10},{"not_picked":["Streamline","Beam Cell"],"picked":"Glacier","floor":11},{"not_picked":["Lockon","Melter"],"picked":"Self Repair","floor":13},{"not_picked":["Rainbow","Reboot"],"picked":"Echo Form","floor":16},{"not_picked":["Beam Cell","Gash+1","Compile Driver"],"picked":"SKIP","floor":18},{"not_picked":["Stack","Sweeping Beam+1"],"picked":"Coolheaded","floor":21}],"player_experience":408961,"relics_obtained":[{"floor":7.0,"key":"Orichalcum"},{"floor":9.0,"key":"PreservedInsect"},{"floor":10,"key":"Girya"}],"event_choices":[{"damage_healed":0.0,"max_hp_gain":0.0,"max_hp_loss":0.0,"gold_gain":0.0,"event_name":"Match and Keep!","player_choice":"1 cards matched","floor":2.0,"gold_loss":0.0,"damage_taken":0.0,"cards_obtained":["Capacitor"]},{"damage_healed":0.0,"max_hp_gain":0.0,"max_hp_loss":0.0,"gold_gain":0.0,"event_name":"Match and Keep!","player_choice":"1 cards matched","floor":2.0,"gold_loss":0.0,"damage_taken":0.0,"cards_obtained":["Capacitor"]},{"damage_healed":0,"gold_gain":0,"player_choice":"Bought 1 Potion","damage_taken":0,"max_hp_gain":0,"max_hp_loss":0,"event_name":"The Woman in Blue","floor":14,"gold_loss":0},{"damage_healed":0,"gold_gain":99,"player_choice":"Stole From Cult","damage_taken":0,"max_hp_gain":0,"max_hp_loss":0,"event_name":"Nest","floor":19,"gold_loss":0},{"damage_healed":0,"gold_gain":0,"player_choice":"Read","damage_taken":0,"max_hp_gain":0,"max_hp_loss":0,"event_name":"The Library","floor":20,"gold_loss":0,"cards_obtained":["Loop"]}],"is_beta":false,"boss_relics":[{"not_picked":["Tiny House","Runic Pyramid"],"picked":"Fusion Hammer"}],"items_purged_floors":[],"is_endless":false,"potions_floor_spawned":[7,10,11,21],"killed_by":"Gremlin Leader","ascension_level":10}