{"gold_per_floor":[13,13,13,23,198,223,223,238,287,287,316,330,355,53,53,150,150,164,20,20,20,20,20,20,39,109,59,92,42,42,55,55,159,159,173,19,38,38,51,51,51,51,51,86,105,105,136,156,156,156],"floor_reached":51,"playtime":2911,"items_purged":["Strike_G","Defend_G","Doubt","Grand Finale+1"],"score":810,"play_id":"46081a07-48ce-4ea2-9bb4-923018bf391b","local_time":"20181107211849","is_ascension_mode":true,"campfire_choices":[{"data":"Night Terror","floor":7,"key":"SMITH"},{"floor":10,"key":"REST"},{"data":"Neutralize","floor":15,"key":"SMITH"},{"data":"J.A.X.","floor":23,"key":"SMITH"},{"data":"Accuracy","floor":30,"key":"SMITH"},{"data":"Sucker Punch","floor":32,"key":"SMITH"},{"data":"Storm of Steel","floor":40,"key":"SMITH"},{"data":"Madness","floor":42,"key":"SMITH"},{"data":"Madness","floor":46,"key":"SMITH"},{"floor":49,"key":"REST"}],"neow_cost":"NO_GOLD","seed_source_timestamp":2375863582717,"circlet_count":0,"master_deck":["Defend_G+1","Defend_G+1","Strike_G+1","Strike_G+1","Survivor","Neutralize+1","Cloak And Dagger","Night Terror+1","Dash+1","Heel Hook","Accuracy+1","Storm of Steel+1","After Image+1","Caltrops+1","Blade Dance","Cloak And Dagger","Infinite Blades","J.A.X.+1","Infinite Blades+1","Sucker Punch+1","Venomology+1","Madness+1","Madness+1","Heel Hook","Deflect+1","Heel Hook"],"relics":["Ring of the Snake","FossilizedHelix","Smiling Mask","Whetstone","Meat on the Bone","Orichalcum","Matryoshka","Astrolabe","Lantern","Gremlin Horn","Bottled Lightning","Runic Dome","War Paint","Oddly Smooth Stone","Shuriken","Ninja Scroll","Turnip"],"potions_floor_usage":[6,21,25,33,44,45,47,48,50,50,50,50],"damage_taken":[{"damage":0,"enemies":"Jaw Worm","floor":1,"turns":4},{"damage":0,"enemies":"2 Louse","floor":4,"turns":3},{"damage":23,"enemies":"Gremlin Nob","floor":6,"turns":6},{"damage":0,"enemies":"Small Slimes","floor":8,"turns":4},{"damage":20,"enemies":"Lagavulin","floor":11,"turns":8},{"damage":0,"enemies":"Looter","floor":12,"turns":3},{"damage":13,"enemies":"3 Sentries","floor":13,"turns":13},{"damage":33,"enemies":"The Guardian","floor":16,"turns":16},{"damage":0,"enemies":"3 Byrds","floor":18,"turns":5},{"damage":17,"enemies":"Colosseum Slavers","floor":21,"turns":6},{"damage":6,"enemies":"2 Thieves","floor":25,"turns":4},{"damage":9,"enemies":"Book of Stabbing","floor":28,"turns":5},{"damage":11,"enemies":"Snecko","floor":31,"turns":4},{"damage":32,"enemies":"Automaton","floor":33,"turns":7},{"damage":8,"enemies":"Orb Walker","floor":35,"turns":3},{"damage":0,"enemies":"3 Shapes","floor":37,"turns":4},{"damage":19,"enemies":"3 Darklings","floor":39,"turns":4},{"damage":10,"enemies":"Giant Head","floor":44,"turns":6},{"damage":10,"enemies":"Spire Growth","floor":45,"turns":3},{"damage":0,"enemies":"Reptomancer","floor":47,"turns":5},{"damage":0,"enemies":"Sphere and 2 Shapes","floor":48,"turns":3},{"damage":49,"enemies":"Time Eater","floor":50,"turns":9}],"seed_played":"-9181710207102949591","potions_obtained":[{"floor":4,"key":"Block Potion"},{"floor":8,"key":"GhostInAJar"},{"floor":13,"key":"GhostInAJar"},{"floor":18,"key":"Dexterity Potion"},{"floor":28,"key":"SpeedPotion"},{"floor":31,"key":"Fire Potion"},{"floor":39,"key":"Explosive Potion"},{"floor":44,"key":"Ancient Potion"},{"floor":48,"key":"Poison Potion"}],"is_trial":false,"path_per_floor":["M","?","?","M","?","E","R","M","T","R","E","M","E","$","R","B",null,"M","$","?","?","?","R","$","M","T","$","E","$","R","M","R","B",null,"M","$","M","?","M","R","?","R","T","E","M","R","E","M","R","B",null],"character_chosen":"THE_SILENT","items_purchased":["Matryoshka","Cloak And Dagger","Infinite Blades","War Paint"],"campfire_rested":2,"item_purchase_floors":[14,19,19,36],"current_hp_per_floor":[70,56,49,49,49,26,26,26,26,47,27,39,38,38,38,17,70,70,70,70,53,40,40,40,46,46,46,49,49,49,38,38,18,75,67,67,67,58,39,39,39,39,39,41,43,43,43,43,65,28],"gold":156,"neow_bonus":"ONE_RARE_RELIC","is_prod":false,"is_daily":false,"chose_seed":false,"campfire_upgraded":8,"win_rate":0,"timestamp":1541643529,"path_taken":["M","?","?","M","?","E","R","M","T","R","E","M","E","$","R","BOSS","M","$","?","?","?","R","?","M","T","$","E","$","R","M","R","BOSS","M","$","M","?","M","R","?","R","T","E","M","R","E","M","R","BOSS"],"build_version":"2018-11-01","purchased_purges":4,"victory":true,"max_hp_per_floor":[70,70,70,70,70,70,70,70,70,70,70,70,70,70,70,70,70,70,70,70,70,75,75,75,75,75,75,75,75,75,75,75,75,75,75,75,75,75,75,75,75,75,75,75,75,75,75,75,75,75],"card_choices":[{"not_picked":["Terror","Quick Slash"],"picked":"Cloak And Dagger","floor":1},{"not_picked":["Slice","PiercingWail"],"picked":"Night Terror","floor":4},{"not_picked":["Endless Agony","Well Laid Plans","Deadly Poison"],"picked":"SKIP","floor":6},{"not_picked":["Flying Knee","Bane"],"picked":"Dash","floor":8},{"not_picked":["Predator","Calculated Gamble"],"picked":"Heel Hook","floor":11},{"not_picked":["Flying Knee","Terror"],"picked":"Accuracy","floor":12},{"not_picked":["Calculated Gamble","Choke","Catalyst"],"picked":"SKIP","floor":13},{"not_picked":["Venomology","Phantasmal Killer"],"picked":"Storm of Steel","floor":16},{"not_picked":["Dodge and Roll+1","Backstab"],"picked":"Blade Dance","floor":18},{"not_picked":["Outmaneuver","Underhanded Strike","Poisoned Stab"],"picked":"SKIP","floor":25},{"not_picked":["Distraction","Skewer"],"picked":"Infinite Blades+1","floor":28},{"not_picked":["Eviscerate","Concentrate"],"picked":"Sucker Punch","floor":31},{"not_picked":["Unload","Storm of Steel"],"picked":"Venomology","floor":33},{"not_picked":["Catalyst+1","Backflip+1"],"picked":"Caltrops","floor":35},{"not_picked":["Acrobatics+1","Sucker Punch","Predator+1"],"picked":"SKIP","floor":37},{"not_picked":["Eviscerate","Outmaneuver+1"],"picked":"Heel Hook","floor":39},{"not_picked":["Quick Slash+1","Dagger Spray","Riddle With Holes"],"picked":"SKIP","floor":44},{"not_picked":["Bullet Time","Terror+1"],"picked":"Deflect+1","floor":45},{"not_picked":["Underhanded Strike","Tools of the Trade","Dagger Spray+1"],"picked":"SKIP","floor":47},{"not_picked":["Poisoned Stab+1","Quick Slash+1"],"picked":"Heel Hook","floor":48}],"player_experience":258065,"relics_obtained":[{"floor":6,"key":"Smiling Mask"},{"floor":9,"key":"Whetstone"},{"floor":11,"key":"Meat on the Bone"},{"floor":13,"key":"Orichalcum"},{"floor":26,"key":"Lantern"},{"floor":26,"key":"Gremlin Horn"},{"floor":28,"key":"Bottled Lightning"},{"floor":43,"key":"Oddly Smooth Stone"},{"floor":43,"key":"Shuriken"},{"floor":44,"key":"Ninja Scroll"},{"floor":47,"key":"Turnip"}],"event_choices":[{"damage_healed":0,"gold_gain":0,"player_choice":"Entered Light","damage_taken":14,"max_hp_gain":0,"max_hp_loss":0,"event_name":"Shining Light","floor":2,"gold_loss":0,"cards_upgraded":["Defend_G","Strike_G"]},{"cards_removed":["Strike_G"],"damage_healed":0,"gold_gain":0,"player_choice":"Card Removal","damage_taken":7,"max_hp_gain":0,"max_hp_loss":0,"event_name":"Golden Wing","floor":3,"gold_loss":0},{"damage_healed":0,"gold_gain":175,"player_choice":"AGREE","damage_taken":0,"max_hp_gain":0,"max_hp_loss":0,"event_name":"Liars Game","floor":5,"gold_loss":0,"cards_obtained":["Doubt"]},{"damage_healed":0,"gold_gain":0,"player_choice":"Obtain J.A.X.","damage_taken":0,"max_hp_gain":0,"max_hp_loss":0,"event_name":"Drug Dealer","floor":20,"gold_loss":0,"cards_obtained":["J.A.X."]},{"damage_healed":0,"gold_gain":0,"player_choice":"Fight","damage_taken":0,"max_hp_gain":0,"max_hp_loss":0,"event_name":"Colosseum","floor":21,"gold_loss":0},{"damage_healed":0,"gold_gain":0,"player_choice":"Fled From Nobs","damage_taken":0,"max_hp_gain":0,"max_hp_loss":0,"event_name":"Colosseum","floor":21,"gold_loss":0},{"damage_healed":0,"gold_gain":0,"player_choice":"Shed Blood","damage_taken":18,"max_hp_gain":5,"max_hp_loss":0,"event_name":"Forgotten Altar","floor":22,"gold_loss":0},{"damage_healed":0,"gold_gain":0,"player_choice":"Embrace Madness","damage_taken":9,"max_hp_gain":0,"max_hp_loss":0,"event_name":"Winding Halls","floor":38,"gold_loss":0,"cards_obtained":["Madness","Madness"]},{"cards_removed":["Caltrops"],"damage_healed":0,"gold_gain":0,"player_choice":"Removed Power","damage_taken":0,"max_hp_gain":0,"max_hp_loss":0,"event_name":"Falling","floor":41,"gold_loss":0}],"is_beta":false,"boss_relics":[{"not_picked":["Black Star","Pandora\u0027s Box"],"picked":"Astrolabe"},{"not_picked":["Empty Cage","Sozu"],"picked":"Runic Dome"}],"items_purged_floors":[14,19,27,29],"is_endless":false,"potions_floor_spawned":[4,8,13,18,28,31,39,44,45,48],"ascension_level":2}