{"gold_per_floor":[117,292,27,27,39,64,38,38,38,73,88,98,130,130,130,230,230,249,249,269,289,302,330,91,120,120,150,162,162,65,85,85,189,189,207,207,207,227,245,245,245,256,256,270,270,28,46,56,56,56],"floor_reached":51,"playtime":4662,"items_purged":["Doubt"],"score":779,"play_id":"59886d01-6a21-407d-9e93-ae7f40463d5a","local_time":"20190304230450","is_ascension_mode":false,"campfire_choices":[{"data":"Whirlwind","floor":8.0,"key":"SMITH"},{"data":"Inflame","floor":15.0,"key":"SMITH"},{"floor":29.0,"key":"REST"},{"data":"Pommel Strike","floor":32.0,"key":"SMITH"},{"floor":40,"key":"REST"},{"floor":49,"key":"REST"}],"neow_cost":"NONE","seed_source_timestamp":0,"circlet_count":0,"master_deck":["Strike_R","Strike_R+1","Strike_R","Strike_R","Strike_R","Defend_R+1","Defend_R","Defend_R","Defend_R+1","Bash+1","Inflame+1","Whirlwind+1","Shrug It Off+1","True Grit+1","Pommel Strike","Limit Break+1","Metallicize+1","Power Through+1","Pommel Strike+1","Limit Break+1","Flex+1","Inflame+1","Iron Wave+1","Thunderclap+1","True Grit+1","Inflame+1","Burning Pact+1","Inflame+1","Inflame+1","Shrug It Off+1","Infernal Blade+1","Double Tap+1","Dual Wield+1","Good Instincts+1","Heavy Blade+1","Parasite","Reaper","Sword Boomerang+1","Evolve+1","Twin Strike+1","Shrug It Off+1"],"special_seed":0,"relics":["Burning Blood","Whetstone","PreservedInsect","Toxic Egg 2","Frozen Egg 2","Matryoshka","Nunchaku","Champion Belt","Sozu","Bronze Scales","Kunai","Dream Catcher","Potion Belt","Pocketwatch","War Paint","Mark of Pain","Regal Pillow","Bottled Lightning","Pear"],"potions_floor_usage":[],"damage_taken":[{"damage":7.0,"enemies":"Small Slimes","floor":1.0,"turns":4.0},{"damage":1.0,"enemies":"2 Louse","floor":5.0,"turns":3.0},{"damage":17.0,"enemies":"3 Sentries","floor":6.0,"turns":7.0},{"damage":17.0,"enemies":"Lagavulin","floor":10.0,"turns":5.0},{"damage":0.0,"enemies":"Jaw Worm","floor":11.0,"turns":3.0},{"damage":0.0,"enemies":"Lots of Slimes","floor":12.0,"turns":1.0},{"damage":0.0,"enemies":"3 Sentries","floor":13.0,"turns":9.0},{"damage":10.0,"enemies":"Slime Boss","floor":16.0,"turns":7.0},{"damage":9.0,"enemies":"Spheric Guardian","floor":18.0,"turns":4.0},{"damage":0.0,"enemies":"Shell Parasite","floor":20.0,"turns":4.0},{"damage":6.0,"enemies":"Snake Plant","floor":21.0,"turns":4.0},{"damage":0.0,"enemies":"Sentry and Sphere","floor":22.0,"turns":4.0},{"damage":12.0,"enemies":"Book of Stabbing","floor":23.0,"turns":4.0},{"damage":24.0,"enemies":"Slavers","floor":25.0,"turns":3.0},{"damage":21.0,"enemies":"Book of Stabbing","floor":27.0,"turns":3.0},{"damage":0.0,"enemies":"Cultist and Chosen","floor":28.0,"turns":4.0},{"damage":3.0,"enemies":"Snake Plant","floor":31.0,"turns":4.0},{"damage":5.0,"enemies":"Automaton","floor":33.0,"turns":6.0},{"damage":14,"enemies":"Orb Walker","floor":35,"turns":3},{"damage":2,"enemies":"3 Darklings","floor":38,"turns":2},{"damage":36,"enemies":"Writhing Mass","floor":39,"turns":6},{"damage":18,"enemies":"Transient","floor":42,"turns":5},{"damage":8,"enemies":"Spire Growth","floor":44,"turns":4},{"damage":24,"enemies":"4 Shapes","floor":47,"turns":5},{"damage":3,"enemies":"Maw","floor":48,"turns":4},{"damage":55,"enemies":"Time Eater","floor":50,"turns":10}],"seed_played":"-1460894017466907067","potions_obtained":[{"floor":1.0,"key":"Swift Potion"},{"floor":6.0,"key":"Fire Potion"},{"floor":10.0,"key":"GamblersBrew"},{"floor":16.0,"key":"EssenceOfSteel"}],"is_trial":false,"path_per_floor":["M","?","$","?","M","E","$","R","T","E","M","M","E","$","R","B",null,"M","?","M","M","M","E","$","E","T","E","M","R","$","M","R","B",null,"M","$","?","M","M","R","?","M","T","M","?","$","M","M","R","B",null],"character_chosen":"IRONCLAD","items_purchased":["PreservedInsect","Whirlwind","Pommel Strike","Kunai","Inflame+1","Shrug It Off+1","Pear"],"campfire_rested":3,"item_purchase_floors":[3,3,7,24,30,30,46],"current_hp_per_floor":[79,79,79,67,72,61,61,61,61,50,56,62,68,68,68,64,80,77,77,80,80,80,74,74,56,56,41,47,71,71,74,74,75,80,72,72,72,76,46,70,70,64,64,76,76,86,68,71,86,53],"gold":56,"neow_bonus":"RANDOM_COMMON_RELIC","is_prod":false,"is_daily":false,"chose_seed":false,"campfire_upgraded":3,"win_rate":0.0,"timestamp":1551758690,"path_taken":["M","?","$","?","M","E","?","R","T","E","M","?","E","?","R","BOSS","M","?","M","?","?","E","?","E","T","E","?","R","$","M","R","BOSS","M","$","?","M","M","R","?","M","T","M","?","$","M","M","R","BOSS"],"build_version":"2019-01-23","purchased_purges":1,"victory":true,"max_hp_per_floor":[80,80,80,80,80,80,80,80,80,80,80,80,80,80,80,80,80,80,80,80,80,80,80,80,80,80,80,80,80,80,80,80,80,80,80,80,80,80,80,80,76,76,76,76,76,86,86,86,86,86],"card_choices":[{"not_picked":["Blood for Blood","Armaments"],"picked":"Inflame","floor":1.0},{"not_picked":["Infernal Blade+1","Twin Strike"],"picked":"Shrug It Off+1","floor":5.0},{"not_picked":["Pommel Strike","Clash"],"picked":"True Grit+1","floor":6.0},{"not_picked":["Heavy Blade","Shrug It Off+1"],"picked":"Limit Break+1","floor":10.0},{"not_picked":["Thunderclap","Clash"],"picked":"Metallicize+1","floor":11.0},{"not_picked":["Fire Breathing+1","Twin Strike"],"picked":"Power Through+1","floor":12.0},{"not_picked":["Wild Strike","Perfected Strike"],"picked":"Pommel Strike","floor":13.0},{"not_picked":["Reaper","Brutality+1"],"picked":"Limit Break+1","floor":16.0},{"not_picked":["Searing Blow","Clothesline"],"picked":"Flex+1","floor":18.0},{"not_picked":["Wild Strike","Corruption+1","Sever Soul"],"picked":"SKIP","floor":20.0},{"not_picked":["Searing Blow","Wild Strike"],"picked":"Iron Wave+1","floor":21.0},{"not_picked":["Armaments+1","Wild Strike"],"picked":"Thunderclap+1","floor":22.0},{"not_picked":["Searing Blow","Heavy Blade"],"picked":"True Grit+1","floor":23.0},{"not_picked":["Bloodletting+1","Brutality+1"],"picked":"Inflame+1","floor":25.0},{"not_picked":["Uppercut","Body Slam"],"picked":"Burning Pact+1","floor":27.0},{"not_picked":["Clothesline","Dropkick","Cleave"],"picked":"SKIP","floor":28.0},{"not_picked":["Perfected Strike","Wild Strike"],"picked":"Inflame+1","floor":29.0},{"not_picked":["Armaments+1","Anger+1"],"picked":"Infernal Blade+1","floor":31.0},{"not_picked":["Brutality+1","Reaper"],"picked":"Double Tap+1","floor":33.0},{"not_picked":["Blood for Blood","Perfected Strike+1"],"picked":"Dual Wield+1","floor":35},{"not_picked":["Madness+1","Transmutation+1"],"picked":"Good Instincts+1","floor":37},{"not_picked":["Pommel Strike","Thunderclap+1"],"picked":"Heavy Blade+1","floor":38},{"not_picked":["Rupture+1","Anger+1"],"picked":"Ghostly Armor+1","floor":39},{"not_picked":["Pommel Strike","Thunderclap"],"picked":"Reaper","floor":40},{"not_picked":["Uppercut","Rage+1"],"picked":"Sword Boomerang+1","floor":42},{"not_picked":["Entrench+1","Sword Boomerang","Body Slam+1"],"picked":"SKIP","floor":44},{"not_picked":["Clash+1","Warcry+1"],"picked":"Evolve+1","floor":47},{"not_picked":["Shrug It Off+1","Feed"],"picked":"Twin Strike+1","floor":48},{"not_picked":["Cleave","Headbutt+1"],"picked":"Shrug It Off+1","floor":49}],"player_experience":61950,"relics_obtained":[{"floor":6.0,"key":"Frozen Egg 2"},{"floor":9.0,"key":"Matryoshka"},{"floor":10.0,"key":"Nunchaku"},{"floor":13.0,"key":"Champion Belt"},{"floor":23.0,"key":"Bronze Scales"},{"floor":25.0,"key":"Dream Catcher"},{"floor":26.0,"key":"Potion Belt"},{"floor":26.0,"key":"Pocketwatch"},{"floor":27.0,"key":"War Paint"},{"floor":43,"key":"Regal Pillow"},{"floor":43,"key":"Bottled Lightning"}],"event_choices":[{"damage_healed":0.0,"max_hp_gain":0.0,"max_hp_loss":0.0,"gold_gain":175.0,"event_name":"Liars Game","player_choice":"AGREE","floor":2.0,"gold_loss":0.0,"damage_taken":0.0,"cards_obtained":["Doubt"]},{"damage_healed":0.0,"max_hp_gain":0.0,"max_hp_loss":0.0,"gold_gain":0.0,"event_name":"Scrap Ooze","player_choice":"Success","floor":4.0,"gold_loss":0.0,"damage_taken":12.0,"relics_obtained":["Toxic Egg 2"]},{"damage_healed":0.0,"max_hp_gain":0.0,"max_hp_loss":0.0,"gold_gain":0.0,"event_name":"Duplicator","player_choice":"Copied","floor":19.0,"gold_loss":0.0,"damage_taken":0.0,"cards_obtained":["Inflame"]},{"damage_healed":0,"gold_gain":0,"player_choice":"Memory 1","damage_taken":0,"max_hp_gain":0,"max_hp_loss":0,"event_name":"SensoryStone","floor":37,"gold_loss":0},{"damage_healed":0,"gold_gain":0,"player_choice":"Max HP","damage_taken":0,"max_hp_gain":0,"max_hp_loss":4,"event_name":"Winding Halls","floor":41,"gold_loss":0},{"cards_removed":["Ghostly Armor"],"damage_healed":0,"gold_gain":0,"player_choice":"Removed Skill","damage_taken":0,"max_hp_gain":0,"max_hp_loss":0,"event_name":"Falling","floor":45,"gold_loss":0}],"is_beta":false,"boss_relics":[{"not_picked":["Lizard Tail","Coffee Dripper"],"picked":"Sozu"},{"not_picked":["Orrery","Runic Dome"],"picked":"Mark of Pain"}],"items_purged_floors":[3],"is_endless":false,"potions_floor_spawned":[1,6,10,16,18,23,25,27,35,42,44,48],"ascension_level":0}