{"gold_per_floor":[13,23,23,23,39,39,71,86,86,86,101,112,36,49,49,149,149,159,177,56,56,67,67,101,101,127,140,140,153,179,179,179,274,274,274,274,274,293,306,306,322,322,322,292,302,312,326,88,88,88],"floor_reached":50,"playtime":2635,"items_purged":["Strike_B"],"score":634,"play_id":"99f2d871-8441-4c47-a517-df34f8d6c4be","local_time":"20190123213716","is_ascension_mode":true,"campfire_choices":[{"data":"Undo","floor":6,"key":"SMITH"},{"floor":10,"key":"REST"},{"data":"Rainbow","floor":15,"key":"SMITH"},{"data":"Streamline","floor":23,"key":"SMITH"},{"data":"Streamline","floor":32,"key":"SMITH"},{"data":"Conserve Battery","floor":40,"key":"SMITH"},{"floor":42,"key":"REST"},{"floor":49,"key":"REST"}],"neow_cost":"NO_GOLD","seed_source_timestamp":506225087178432,"circlet_count":0,"master_deck":["Strike_B+1","Defend_B+1","Defend_B+1","Defend_B+1","Defend_B+1","Zap+1","Dualcast+1","Undo+1","BootSequence+1","Turbo+1","Storm+1","Rainbow+1","Defragment+1","Electrodynamics+1","Streamline+1","Hello World+1","Streamline+1","Recycle+1","Hologram+1","Steam+1","Chaos+1","Defragment+1","White Noise+1","Streamline+1","Echo Form+1","Enlightenment+1","Secret Technique+1","Enlightenment+1","Conserve Battery+1","Storm+1","Conserve Battery+1","Auto Shields+1"],"relics":["FrozenCore","Bird Faced Urn","Mercury Hourglass","Shuriken","Snecko Eye","Ornamental Fan","DataDisk","Bag of Marbles","War Paint","Mark of the Bloom","Boot","Bottled Tornado"],"potions_floor_usage":[30,30,33,35,50,50,50],"damage_taken":[{"damage":0,"enemies":"Small Slimes","floor":1,"turns":2},{"damage":2,"enemies":"Jaw Worm","floor":2,"turns":4},{"damage":1,"enemies":"2 Louse","floor":5,"turns":2},{"damage":31,"enemies":"Lagavulin","floor":7,"turns":10},{"damage":6,"enemies":"Looter","floor":8,"turns":3},{"damage":0,"enemies":"3 Louse","floor":11,"turns":3},{"damage":0,"enemies":"Exordium Wildlife","floor":12,"turns":5},{"damage":15,"enemies":"Exordium Thugs","floor":14,"turns":4},{"damage":9,"enemies":"The Guardian","floor":16,"turns":10},{"damage":0,"enemies":"Chosen","floor":18,"turns":4},{"damage":0,"enemies":"Spheric Guardian","floor":19,"turns":3},{"damage":0,"enemies":"Snecko","floor":22,"turns":5},{"damage":20,"enemies":"Gremlin Leader","floor":24,"turns":5},{"damage":7,"enemies":"3 Cultists","floor":27,"turns":3},{"damage":7,"enemies":"Chosen and Byrds","floor":29,"turns":3},{"damage":6,"enemies":"Book of Stabbing","floor":30,"turns":5},{"damage":32,"enemies":"Collector","floor":33,"turns":7},{"damage":0,"enemies":"Orb Walker","floor":35,"turns":1},{"damage":0,"enemies":"3 Shapes","floor":38,"turns":3},{"damage":0,"enemies":"Maw","floor":39,"turns":4},{"damage":13,"enemies":"4 Shapes","floor":41,"turns":4},{"damage":1,"enemies":"Writhing Mass","floor":45,"turns":5},{"damage":4,"enemies":"Sphere and 2 Shapes","floor":46,"turns":3},{"damage":17,"enemies":"4 Shapes","floor":47,"turns":4},{"damage":31,"enemies":"Awakened One","floor":50,"turns":6}],"seed_played":"-3149120547416366888","potions_obtained":[{"floor":8,"key":"GamblersBrew"},{"floor":12,"key":"GamblersBrew"},{"floor":16,"key":"Weak Potion"},{"floor":19,"key":"Strength Potion"},{"floor":29,"key":"SmokeBomb"},{"floor":30,"key":"GamblersBrew"},{"floor":39,"key":"SpeedPotion"},{"floor":44,"key":"Regen Potion"},{"floor":44,"key":"Dexterity Potion"}],"is_trial":false,"path_per_floor":["M","M","?","?","M","R","E","M","T","R","M","M","$","M","R","B",null,"M","M","$","?","M","R","E","?","T","M","?","M","E","?","R","B",null,"M","?","?","M","M","R","M","R","T","?","M","M","M","$","R","B"],"character_chosen":"DEFECT","items_purchased":["Defragment","Streamline","Bottled Tornado"],"campfire_rested":3,"item_purchase_floors":[13,20,48],"current_hp_per_floor":[68,66,66,51,50,50,19,13,13,35,35,37,37,26,26,21,62,68,74,74,60,64,64,52,52,52,49,49,50,52,52,52,32,68,68,58,58,58,58,58,45,45,45,45,44,40,23,23,23,0],"gold":88,"neow_bonus":"ONE_RARE_RELIC","is_prod":false,"is_daily":false,"chose_seed":false,"campfire_upgraded":5,"win_rate":0,"timestamp":1548297436,"path_taken":["M","M","?","?","M","R","E","M","T","R","M","M","?","M","R","BOSS","M","M","$","?","M","R","E","?","T","M","?","M","E","?","R","BOSS","M","?","?","?","M","R","M","R","T","?","M","?","M","$","R","BOSS"],"build_version":"2019-01-23","purchased_purges":1,"victory":false,"max_hp_per_floor":[75,75,75,75,75,75,75,75,75,75,75,75,75,75,75,75,75,75,75,75,80,80,80,80,80,80,80,80,80,80,80,80,80,80,80,80,80,80,80,80,80,80,80,80,80,80,80,80,80,80],"card_choices":[{"not_picked":["Gash","Hologram"],"picked":"Undo","floor":1},{"not_picked":["Aggregate","Streamline","Coolheaded"],"picked":"SKIP","floor":2},{"not_picked":["Coolheaded","Leap"],"picked":"BootSequence","floor":5},{"not_picked":["Beam Cell","Go for the Eyes"],"picked":"Turbo","floor":7},{"not_picked":["Recycle","Rebound","Doom and Gloom"],"picked":"SKIP","floor":8},{"not_picked":["Compile Driver","Aggregate"],"picked":"Storm","floor":11},{"not_picked":["Coolheaded","Barrage"],"picked":"Rainbow","floor":12},{"not_picked":["Hologram","Beam Cell","Turbo"],"picked":"SKIP","floor":14},{"not_picked":["Meteor Strike","Seek"],"picked":"Electrodynamics","floor":16},{"not_picked":["Hologram","Go for the Eyes"],"picked":"Streamline","floor":18},{"not_picked":["Coolheaded","Rebound"],"picked":"Hello World","floor":19},{"not_picked":["Gash+1","Leap+1"],"picked":"Recycle+1","floor":22},{"not_picked":["Skim","Compile Driver+1"],"picked":"Hologram","floor":24},{"not_picked":["All For One","Melter"],"picked":"Steam+1","floor":27},{"not_picked":["Recycle","Go for the Eyes"],"picked":"White Noise","floor":29},{"not_picked":["Steam","Compile Driver+1"],"picked":"Streamline","floor":30},{"not_picked":["Fission","Rainbow"],"picked":"Echo Form","floor":33},{"not_picked":["Good Instincts","Master of Strategy"],"picked":"Enlightenment","floor":36},{"not_picked":["Dark Shackles","Good Instincts"],"picked":"Secret Technique","floor":36},{"not_picked":["Master of Strategy","Bandage Up"],"picked":"Enlightenment","floor":36},{"not_picked":["Steam","Go for the Eyes+1","Gash"],"picked":"SKIP","floor":38},{"not_picked":["Coolheaded","Meteor Strike"],"picked":"Conserve Battery","floor":39},{"not_picked":["Rebound+1","Gash+1"],"picked":"Storm+1","floor":41},{"not_picked":["Streamline","Rebound","Barrage"],"picked":"SKIP","floor":45},{"not_picked":["Darkness+1","Leap+1"],"picked":"Conserve Battery+1","floor":46},{"not_picked":["Stack+1","Glacier+1"],"picked":"Auto Shields+1","floor":47}],"player_experience":394924,"relics_obtained":[{"floor":7,"key":"Mercury Hourglass"},{"floor":9,"key":"Shuriken"},{"floor":24,"key":"Ornamental Fan"},{"floor":26,"key":"Bag of Marbles"},{"floor":30,"key":"War Paint"},{"floor":43,"key":"Boot"}],"event_choices":[{"damage_healed":0,"gold_gain":0,"player_choice":"Leave","damage_taken":0,"max_hp_gain":0,"max_hp_loss":0,"event_name":"The Cleric","floor":3,"gold_loss":0},{"damage_healed":0,"gold_gain":0,"player_choice":"Entered Light","damage_taken":15,"max_hp_gain":0,"max_hp_loss":0,"event_name":"Shining Light","floor":4,"gold_loss":0,"cards_upgraded":["Defend_B","Defend_B"]},{"damage_healed":0,"gold_gain":0,"player_choice":"Shed Blood","damage_taken":19,"max_hp_gain":5,"max_hp_loss":0,"event_name":"Forgotten Altar","floor":21,"gold_loss":0},{"damage_healed":0,"gold_gain":0,"player_choice":"Opened","damage_taken":0,"relics_obtained":["DataDisk"],"max_hp_gain":0,"max_hp_loss":0,"event_name":"The Mausoleum","floor":25,"gold_loss":0,"cards_obtained":["Writhe"]},{"damage_healed":0,"gold_gain":0,"cards_transformed":["Strike_B","Strike_B"],"player_choice":"Became Test Subject","damage_taken":0,"max_hp_gain":0,"max_hp_loss":0,"event_name":"Drug Dealer","floor":28,"gold_loss":0,"cards_obtained":["Chaos","Defragment"]},{"cards_removed":["Writhe"],"damage_healed":0,"gold_gain":0,"player_choice":"Elegance","damage_taken":0,"max_hp_gain":0,"max_hp_loss":0,"event_name":"Back to Basics","floor":31,"gold_loss":0},{"damage_healed":0,"gold_gain":0,"player_choice":"Memory 3","damage_taken":10,"max_hp_gain":0,"max_hp_loss":0,"event_name":"SensoryStone","floor":36,"gold_loss":0},{"damage_healed":0,"gold_gain":0,"player_choice":"Upgrade","damage_taken":0,"relics_obtained":["Mark of the Bloom"],"max_hp_gain":0,"max_hp_loss":0,"event_name":"MindBloom","floor":37,"gold_loss":0,"cards_upgraded":["Strike_B","Defend_B","Defend_B","Zap","Dualcast","Turbo","Storm","Defragment","Electrodynamics","Streamline","Hello World","Chaos","Defragment","White Noise","Echo Form","Enlightenment","Secret Technique","Enlightenment"]},{"damage_healed":0,"gold_gain":0,"player_choice":"Bought 2 Potions","damage_taken":0,"max_hp_gain":0,"max_hp_loss":0,"event_name":"The Woman in Blue","floor":44,"gold_loss":0}],"is_beta":false,"boss_relics":[{"not_picked":["Lizard Tail","Coffee Dripper"],"picked":"Snecko Eye"},{"not_picked":["Nuclear Battery","Calling Bell"],"picked":"FrozenCore"}],"items_purged_floors":[20],"is_endless":false,"potions_floor_spawned":[8,12,16,19,24,29,30,35,39,46],"killed_by":"Awakened One","ascension_level":6}