{"gold_per_floor":[110,58,208,226,244,244,255,255,281,281,281,299,299,319,319,396,446,465,485,19,19,30,30,56,56,56,56,56,56,76,104,104,104],"floor_reached":33,"playtime":1760,"items_purged":["Strike_B"],"score":534,"play_id":"8424e925-bce9-4d34-800e-71be0f803d98","local_time":"20190302213004","is_ascension_mode":true,"campfire_choices":[{"floor":6.0,"key":"REST"},{"data":"Zap","floor":8.0,"key":"SMITH"},{"data":"Dualcast","floor":10.0,"key":"SMITH"},{"data":"Go for the Eyes","floor":15.0,"key":"SMITH"},{"data":"Defragment","floor":23,"key":"SMITH"},{"data":"Loop","floor":27,"key":"SMITH"},{"floor":29,"key":"REST"},{"floor":32,"key":"REST"}],"neow_cost":"PERCENT_DAMAGE","seed_source_timestamp":220919808271369,"circlet_count":0,"master_deck":["AscendersBane","Strike_B","Strike_B","Strike_B","Defend_B+1","Defend_B","Defend_B","Defend_B","Zap+1","Dualcast+1","Electrodynamics","Chill","Conserve Battery","Go for the Eyes+1","Cold Snap","Loop+1","Defragment+1","FTL","Cold Snap+1"],"special_seed":0,"relics":["Cracked Core","DataDisk","Tiny House","Toy Ornithopter","Ancient Tea Set","Molten Egg 2","Mango"],"potions_floor_usage":[22,24,33,33],"damage_taken":[{"damage":7.0,"enemies":"Small Slimes","floor":1.0,"turns":3.0},{"damage":5.0,"enemies":"2 Louse","floor":4.0,"turns":2.0},{"damage":5.0,"enemies":"Jaw Worm","floor":5.0,"turns":4.0},{"damage":9.0,"enemies":"3 Louse","floor":7.0,"turns":2.0},{"damage":0.0,"enemies":"Red Slaver","floor":12.0,"turns":4.0},{"damage":0.0,"enemies":"Large Slime","floor":14.0,"turns":3.0},{"damage":1.0,"enemies":"The Guardian","floor":16.0,"turns":13.0},{"damage":16.0,"enemies":"Shell Parasite","floor":18.0,"turns":8.0},{"damage":8.0,"enemies":"Chosen","floor":19.0,"turns":5.0},{"damage":2,"enemies":"3 Cultists","floor":22,"turns":4},{"damage":11,"enemies":"Gremlin Leader","floor":24,"turns":5},{"damage":7,"enemies":"Shelled Parasite and Fungi","floor":30,"turns":6},{"damage":49,"enemies":"Book of Stabbing","floor":31,"turns":7},{"damage":82,"enemies":"Champ","floor":33,"turns":14}],"seed_played":"-1475883990857112554","potions_obtained":[{"floor":1.0,"key":"Swift Potion"},{"floor":14.0,"key":"Dexterity Potion"},{"floor":22,"key":"GamblersBrew"},{"floor":31,"key":"Dexterity Potion"}],"is_trial":false,"path_per_floor":["M","$","?","M","M","R","M","R","T","R","?","M","?","M","R","B",null,"M","M","$","?","M","R","E","?","T","R","$","R","M","E","R","B"],"character_chosen":"DEFECT","items_purchased":["Conserve Battery","Defragment","FTL","Toy Ornithopter"],"campfire_rested":3,"item_purchase_floors":[2,20,20,20],"current_hp_per_floor":[39,39,39,34,29,50,41,41,41,41,46,46,46,46,46,45,73,57,49,49,49,52,52,46,46,46,46,46,70,63,28,56,0],"gold":104,"neow_bonus":"THREE_RARE_CARDS","is_prod":false,"is_daily":false,"chose_seed":false,"campfire_upgraded":5,"win_rate":0,"timestamp":1551591004,"path_taken":["M","$","?","M","M","R","M","R","T","R","?","?","?","?","R","BOSS","M","M","$","?","M","R","E","?","T","R","?","R","M","E","R","BOSS"],"build_version":"2019-01-23","purchased_purges":1,"victory":false,"max_hp_per_floor":[71,71,71,71,71,71,71,71,71,71,76,76,76,76,76,76,81,81,81,81,81,81,81,81,81,81,81,81,81,81,95,95,95],"card_choices":[{"not_picked":["Machine Learning","Seek"],"picked":"Electrodynamics","floor":0.0},{"not_picked":["Cold Snap","Reprogram"],"picked":"Chill","floor":1.0},{"not_picked":["Coolheaded","Redo"],"picked":"Go for the Eyes","floor":4.0},{"not_picked":["Steam","Coolheaded","Stack"],"picked":"SKIP","floor":5.0},{"not_picked":["Sweeping Beam","Storm","Doom and Gloom"],"picked":"SKIP","floor":7.0},{"not_picked":["Steam","Sweeping Beam"],"picked":"Cold Snap","floor":12.0},{"not_picked":["Leap","Gash","Meteor Strike"],"picked":"SKIP","floor":14.0},{"not_picked":["Force Field","Skim","Beam Cell"],"picked":"SKIP","floor":18.0},{"not_picked":["Compile Driver","Conserve Battery+1"],"picked":"Loop","floor":19.0},{"not_picked":["Heatsinks","Loop+1","Turbo"],"picked":"SKIP","floor":22},{"not_picked":["BootSequence+1","Stack","Go for the Eyes"],"picked":"SKIP","floor":24},{"not_picked":["Steam Power+1","Compile Driver+1"],"picked":"Cold Snap+1","floor":30},{"not_picked":["Double Energy","Doom and Gloom+1","Compile Driver+1"],"picked":"SKIP","floor":31}],"player_experience":587968,"relics_obtained":[{"floor":9.0,"key":"DataDisk"},{"floor":24,"key":"Ancient Tea Set"},{"floor":26,"key":"Molten Egg 2"},{"floor":31,"key":"Mango"}],"event_choices":[{"damage_healed":0.0,"max_hp_gain":0.0,"max_hp_loss":0.0,"gold_gain":150.0,"event_name":"Liars Game","player_choice":"AGREE","floor":3.0,"gold_loss":0.0,"damage_taken":0.0,"cards_obtained":["Doubt"]},{"damage_healed":0.0,"max_hp_gain":5.0,"max_hp_loss":0.0,"gold_gain":0.0,"event_name":"Big Fish","player_choice":"Donut","floor":11.0,"gold_loss":0.0,"damage_taken":0.0},{"cards_removed":["Doubt"],"damage_healed":0.0,"max_hp_gain":0.0,"max_hp_loss":0.0,"gold_gain":0.0,"event_name":"Wheel of Change","player_choice":"Card Removal","floor":13.0,"gold_loss":0.0,"damage_taken":0.0},{"damage_healed":0,"gold_gain":0,"player_choice":"Ignored","damage_taken":0,"max_hp_gain":0,"max_hp_loss":0,"event_name":"Ghosts","floor":25,"gold_loss":0}],"is_beta":false,"boss_relics":[{"not_picked":["Fusion Hammer","Orrery"],"picked":"Tiny House"}],"items_purged_floors":[20],"is_endless":false,"potions_floor_spawned":[1,14,16,19,22,31],"killed_by":"Champ","ascension_level":17}