{"gold_per_floor":[113,127,142,155,172,172,143,178,178,204,159],"floor_reached":11,"playtime":671,"items_purged":[],"score":94,"play_id":"2b7b1977-61b7-4d4c-a9cd-c103156b680f","local_time":"20190302061142","is_ascension_mode":true,"campfire_choices":[{"data":"Dodge and Roll","floor":6,"key":"SMITH"}],"neow_cost":"TEN_PERCENT_HP_LOSS","seed_source_timestamp":1086168788005200,"circlet_count":0,"master_deck":["Defend_G","Defend_G","Defend_G","Defend_G","Defend_G","Strike_G","Strike_G","Strike_G","Strike_G","Strike_G","Survivor","Neutralize","Glass Knife","Dodge and Roll+1","Dodge and Roll","Caltrops","Cloak And Dagger","Skewer","Well Laid Plans"],"relics":["Ring of the Snake","Gremlin Horn","Kunai","Smiling Mask"],"potions_floor_usage":[8,10],"damage_taken":[{"damage":1,"enemies":"2 Louse","floor":1,"turns":2},{"damage":0,"enemies":"Small Slimes","floor":2,"turns":3},{"damage":0,"enemies":"Cultist","floor":3,"turns":3},{"damage":0,"enemies":"3 Louse","floor":4,"turns":4},{"damage":14,"enemies":"Large Slime","floor":5,"turns":8},{"damage":18,"enemies":"Gremlin Nob","floor":8,"turns":5},{"damage":18,"enemies":"Lagavulin","floor":10,"turns":8},{"damage":15,"enemies":"Exordium Thugs","floor":11,"turns":3}],"seed_played":"3982085958423987332","potions_obtained":[{"floor":2,"key":"Weak Potion"},{"floor":5,"key":"SkillPotion"}],"is_trial":false,"path_per_floor":["M","M","M","M","M","R","?","E","T","E","M"],"character_chosen":"THE_SILENT","items_purchased":[],"campfire_rested":0,"item_purchase_floors":[],"current_hp_per_floor":[62,62,62,62,48,48,48,30,30,12,0],"gold":159,"neow_bonus":"THREE_RARE_CARDS","is_prod":false,"is_daily":false,"chose_seed":false,"campfire_upgraded":1,"win_rate":0,"timestamp":1551525102,"path_taken":["M","M","M","M","M","R","?","E","T","E","M"],"build_version":"2019-01-23","purchased_purges":0,"victory":false,"max_hp_per_floor":[63,63,63,63,63,63,63,63,63,63,63],"card_choices":[{"not_picked":["Grand Finale","Wraith Form v2"],"picked":"Glass Knife","floor":0},{"not_picked":["Finisher","Sucker Punch"],"picked":"Dodge and Roll","floor":1},{"not_picked":["Acrobatics","Sucker Punch","Deflect"],"picked":"SKIP","floor":2},{"not_picked":["Acrobatics","Deadly Poison"],"picked":"Dodge and Roll","floor":3},{"not_picked":["Underhanded Strike","Flying Knee"],"picked":"Caltrops","floor":4},{"not_picked":["Bullet Time","Dagger Throw"],"picked":"Cloak And Dagger","floor":5},{"not_picked":["Flying Knee","Bane"],"picked":"Skewer","floor":8},{"not_picked":["Dagger Spray","Choke"],"picked":"Well Laid Plans","floor":10}],"player_experience":210559,"relics_obtained":[{"floor":8,"key":"Gremlin Horn"},{"floor":9,"key":"Kunai"},{"floor":10,"key":"Smiling Mask"}],"event_choices":[{"damage_healed":0,"gold_gain":0,"player_choice":"Left Gold","damage_taken":0,"max_hp_gain":0,"max_hp_loss":0,"event_name":"World of Goop","floor":7,"gold_loss":29}],"is_beta":false,"boss_relics":[],"items_purged_floors":[],"is_endless":false,"potions_floor_spawned":[2,5],"killed_by":"Exordium Thugs","ascension_level":2}