{"path_per_floor":["M","M","M","?","M","R","M","R","T","R","?","?","M","M","R","B",null,"M","?","?","M","$","R","$","M","T","?","M","M","$","M","R"],"character_chosen":"DEFECT","items_purchased":["Double Energy","Defragment","Self Repair","Leap","Strawberry"],"gold_per_floor":[109,126,138,138,155,155,167,167,167,167,242,242,254,274,274,377,377,396,546,546,564,390,390,370,390,390,390,400,412,287,303,303,303],"floor_reached":33,"campfire_rested":1,"playtime":3323,"item_purchase_floors":[22,22,22,24,30],"current_hp_per_floor":[74,74,72,65,58,58,47,47,47,47,36,18,16,15,15,16,75,73,73,73,64,64,64,64,13,13,6,8,16,23,33,57,0],"items_purged":[],"gold":303,"score":241,"play_id":"1b7345b4-79fe-480b-9425-a983a7ea4344","local_time":"20180611220829","is_prod":false,"is_daily":false,"chose_seed":false,"is_ascension_mode":false,"campfire_upgraded":5,"win_rate":0.0,"timestamp":1528780109,"campfire_choices":[{"data":"Zap","floor":6,"key":"SMITH"},{"data":"Dualcast","floor":8,"key":"SMITH"},{"data":"Go for the Eyes","floor":10,"key":"SMITH"},{"data":"Conserve Battery","floor":15,"key":"SMITH"},{"data":"Double Energy","floor":23,"key":"SMITH"},{"floor":32,"key":"REST"}],"path_taken":["M","M","M","?","M","R","M","R","T","R","?","?","M","M","R","BOSS","M","?","?","M","$","R","$","M","T","?","M","M","$","M","R","BOSS"],"build_version":"2018-06-07v3","seed_source_timestamp":1771696616269199,"purchased_purges":0,"victory":false,"master_deck":["Strike_B","Strike_B","Strike_B","Defend_B","Defend_B","Defend_B","Defend_B","Zap+1","Dualcast+1","Go for the Eyes+1","Beam Cell","Sweeping Beam","Darkness","Glacier","Conserve Battery+1","Machine Learning","Defragment","Fusion","Double Energy+1","Defragment","Self Repair","Leap","Self Repair","Coolheaded+1","Hologram"],"max_hp_per_floor":[75,75,75,75,75,75,75,75,75,75,75,75,75,75,75,75,75,75,75,75,75,75,75,75,75,75,75,75,75,82,82,82,82],"relics":["Cracked Core","The Courier","Blood Vial","Orrery","Letter Opener","Strawberry"],"card_choices":[{"not_picked":["Hologram","Coolheaded"],"picked":"Go for the Eyes","floor":1},{"not_picked":["Tempest","Streamline"],"picked":"Beam Cell","floor":2},{"not_picked":["Melter","Cold Snap"],"picked":"Sweeping Beam","floor":3},{"not_picked":["Stack","Barrage","Compile Driver"],"picked":"SKIP","floor":5},{"not_picked":["Buffer","Consume"],"picked":"Darkness","floor":7},{"not_picked":["Chill","Leap"],"picked":"Glacier","floor":13},{"not_picked":["Static Discharge","Gash"],"picked":"Conserve Battery","floor":14},{"not_picked":["Biased Cognition","Reboot"],"picked":"Machine Learning","floor":16},{"not_picked":["Stack","Redo"],"picked":"Defragment","floor":17},{"not_picked":["BootSequence","Leap"],"picked":"Fusion","floor":17},{"not_picked":["Auto Shields","Beam Cell","Compile Driver"],"picked":"SKIP","floor":18},{"not_picked":["Beam Cell","Meteor Strike","Gash+1"],"picked":"SKIP","floor":21},{"not_picked":["Rip and Tear","Coolheaded","FTL"],"picked":"SKIP","floor":25},{"not_picked":["Double Energy+1","Cold Snap"],"picked":"Self Repair","floor":28},{"not_picked":["Leap+1","Hologram"],"picked":"Coolheaded+1","floor":29},{"not_picked":["Aggregate","Beam Cell+1"],"picked":"Hologram","floor":31}],"player_experience":194167,"potions_floor_usage":[7,16,16,28,33,33],"damage_taken":[{"damage":1,"enemies":"Cultist","floor":1,"turns":3},{"damage":0,"enemies":"Jaw Worm","floor":2,"turns":3},{"damage":2,"enemies":"Small Slimes","floor":3,"turns":3},{"damage":7,"enemies":"Looter","floor":5,"turns":3},{"damage":11,"enemies":"Exordium Wildlife","floor":7,"turns":4},{"damage":4,"enemies":"Blue Slaver","floor":13,"turns":3},{"damage":3,"enemies":"Gremlin Gang","floor":14,"turns":4},{"damage":1,"enemies":"The Guardian","floor":16,"turns":12},{"damage":2,"enemies":"Chosen","floor":18,"turns":4},{"damage":11,"enemies":"3 Byrds","floor":21,"turns":7},{"damage":68,"enemies":"3 Cultists","floor":25,"turns":9},{"damage":7,"enemies":"Snake Plant","floor":28,"turns":9},{"damage":8,"enemies":"Snecko","floor":29,"turns":9},{"damage":6,"enemies":"Centurion and Healer","floor":31,"turns":14},{"damage":60,"enemies":"Automaton","floor":33,"turns":12}],"relics_obtained":[{"floor":9,"key":"The Courier"},{"floor":26,"key":"Letter Opener"}],"event_choices":[{"event_name":"Golden Wing","player_choice":"Card Removal","floor":4,"damage_taken":0},{"event_name":"World of Goop","player_choice":"Gather Gold","floor":11,"damage_taken":0},{"event_name":"Scrap Ooze","player_choice":"success","floor":12,"damage_taken":18},{"event_name":"Nest","player_choice":"Stole From Cult","floor":19,"damage_taken":0},{"event_name":"Ghosts","player_choice":"Ignored","floor":20,"damage_taken":0},{"event_name":"Wheel of Change","player_choice":"Damage","floor":27,"damage_taken":0}],"boss_relics":[{"not_picked":["Philosopher\u0027s Stone","Eternal Feather"],"picked":"Orrery"}],"items_purged_floors":[],"potions_floor_spawned":[3,5,7,14,21,25,29,31],"seed_played":"2900737756190842484","killed_by":"Automaton","ascension_level":0,"potions_obtained":[{"floor":3,"key":"Poison Potion"},{"floor":7,"key":"Block Potion"},{"floor":14,"key":"EssenceOfSteel"},{"floor":21,"key":"SteroidPotion"},{"floor":25,"key":"AttackPotion"},{"floor":29,"key":"SkillPotion"},{"floor":31,"key":"Fire Potion"}],"is_trial":false}