{"gold_per_floor":[109,59,5,5,5,39,39,78,124,167,127,127,52,77,77,202,202,175,175,193,214,314,314],"floor_reached":23,"playtime":731,"items_purged":["Strike_G"],"score":344,"play_id":"a20ce73d-3f1a-4a43-a395-9c0f808fb84b","local_time":"20190304175027","is_ascension_mode":true,"campfire_choices":[{"data":"Deadly Poison","floor":7,"key":"SMITH"},{"floor":12,"key":"REST"},{"data":"Deadly Poison","floor":15,"key":"SMITH"}],"neow_cost":"NONE","seed_source_timestamp":24088348999587,"circlet_count":0,"master_deck":["Defend_G","Defend_G","Defend_G","Defend_G","Defend_G","Strike_G","Strike_G","Strike_G","Survivor","Neutralize","Deflect","Deadly Poison+1","Dagger Spray","Dodge and Roll","Deadly Poison+1","Caltrops","Well Laid Plans","Adrenaline","Blur","Leg Sweep","PiercingWail"],"relics":["Ring of the Snake","NeowsBlessing","Golden Idol","Bottled Lightning","Calipers","Happy Flower","Blue Candle","Black Star"],"potions_floor_usage":[10,18,18,23],"damage_taken":[{"damage":0,"enemies":"Small Slimes","floor":1,"turns":1},{"damage":0,"enemies":"Lagavulin","floor":6,"turns":1},{"damage":0,"enemies":"Gremlin Nob","floor":8,"turns":1},{"damage":23,"enemies":"3 Sentries","floor":10,"turns":10},{"damage":0,"enemies":"2 Louse","floor":14,"turns":2},{"damage":13,"enemies":"Hexaghost","floor":16,"turns":9},{"damage":8,"enemies":"2 Thieves","floor":18,"turns":5},{"damage":23,"enemies":"Chosen","floor":20,"turns":5},{"damage":13,"enemies":"Snecko","floor":21,"turns":7},{"damage":19,"enemies":"Gremlin Leader","floor":23,"turns":5}],"seed_played":"-828062575293683669","potions_obtained":[{"floor":8,"key":"Explosive Potion"},{"floor":10,"key":"SkillPotion"},{"floor":16,"key":"Poison Potion"},{"floor":18,"key":"Dexterity Potion"}],"is_trial":false,"path_per_floor":["M","?","$","?","?","E","R","E","T","E","$","R","$","M","R","B",null,"M","?","M","M","?","E"],"character_chosen":"THE_SILENT","items_purchased":["Deadly Poison","Caltrops"],"campfire_rested":1,"item_purchase_floors":[3,11],"current_hp_per_floor":[63,63,63,63,46,46,46,46,46,23,23,44,44,44,44,31,60,52,52,29,16,16,0],"gold":314,"neow_bonus":"THREE_ENEMY_KILL","is_prod":false,"is_daily":false,"chose_seed":false,"campfire_upgraded":2,"win_rate":0,"timestamp":1551689427,"path_taken":["M","?","$","?","?","E","R","E","T","E","$","R","$","M","R","BOSS","M","?","M","M","?","E"],"build_version":"2019-01-23","purchased_purges":1,"victory":false,"max_hp_per_floor":[70,70,70,70,70,70,70,70,70,70,70,70,70,70,70,70,70,70,70,70,70,70,70],"card_choices":[{"not_picked":["Blade Dance","Eviscerate"],"picked":"Deflect","floor":1},{"not_picked":["Skewer","Dagger Throw"],"picked":"Dagger Spray","floor":6},{"not_picked":["Doppelganger","Deflect"],"picked":"Dodge and Roll","floor":8},{"not_picked":["All Out Attack","Deflect"],"picked":"Deadly Poison","floor":10},{"not_picked":["Deadly Poison","Dodge and Roll"],"picked":"Well Laid Plans","floor":14},{"not_picked":["Tools of the Trade","Die Die Die"],"picked":"Adrenaline","floor":16},{"not_picked":["Cloak And Dagger","Deadly Poison"],"picked":"Blur","floor":18},{"not_picked":["Flechettes+1","Flying Knee+1","Outmaneuver"],"picked":"SKIP","floor":20},{"not_picked":["Cloak And Dagger","Well Laid Plans+1"],"picked":"PiercingWail","floor":21}],"player_experience":386902,"relics_obtained":[{"floor":6,"key":"Bottled Lightning"},{"floor":8,"key":"Calipers"},{"floor":9,"key":"Happy Flower"},{"floor":10,"key":"Blue Candle"}],"event_choices":[{"cards_removed":["Strike_G"],"damage_healed":0,"gold_gain":0,"player_choice":"Card Removal","damage_taken":0,"max_hp_gain":0,"max_hp_loss":0,"event_name":"The Cleric","floor":2,"gold_loss":50},{"damage_healed":0,"gold_gain":0,"player_choice":"Ignored","damage_taken":0,"max_hp_gain":0,"max_hp_loss":0,"event_name":"Liars Game","floor":4,"gold_loss":0},{"damage_healed":0,"gold_gain":0,"player_choice":"Take Damage","damage_taken":17,"relics_obtained":["Golden Idol"],"max_hp_gain":0,"max_hp_loss":0,"event_name":"Golden Idol","floor":5,"gold_loss":0},{"damage_healed":0,"gold_gain":0,"player_choice":"Read","damage_taken":0,"max_hp_gain":0,"max_hp_loss":0,"event_name":"The Library","floor":19,"gold_loss":0,"cards_obtained":["Leg Sweep"]},{"damage_healed":0,"gold_gain":100,"player_choice":"Pray","damage_taken":0,"max_hp_gain":0,"max_hp_loss":0,"event_name":"Golden Shrine","floor":22,"gold_loss":0}],"is_beta":false,"boss_relics":[{"not_picked":["Calling Bell","Runic Dome"],"picked":"Black Star"}],"items_purged_floors":[13],"is_endless":false,"potions_floor_spawned":[8,10,16,18],"killed_by":"Gremlin Leader","ascension_level":7}