{"gold_per_floor":[210,224,237,247,263,292,308,308,335,335,45,75,18,45,45,118,118,128,151,151,51,65,65,90,90,160,194,194],"floor_reached":28,"playtime":1246,"items_purged":["Strike_B","Decay"],"score":511,"play_id":"32e0527b-7801-4d3c-b465-233a8ec21b42","local_time":"20190305102617","is_ascension_mode":true,"campfire_choices":[{"floor":8,"key":"REST"},{"floor":10,"key":"REST"},{"floor":15,"key":"REST"},{"floor":23,"key":"REST"},{"floor":25,"key":"REST"}],"neow_cost":"NONE","seed_source_timestamp":288122916941246,"circlet_count":0,"master_deck":["AscendersBane","Strike_B","Strike_B","Strike_B","Defend_B","Defend_B","Defend_B","Defend_B","Zap","Dualcast+1","Loop","Glacier","Conserve Battery+1","Doom and Gloom","Reinforced Body","Coolheaded","Ball Lightning","Coolheaded","Creative AI","Recycle"],"relics":["Cracked Core","Letter Opener","Potion Belt","Happy Flower","Pen Nib","Oddly Smooth Stone","Fusion Hammer","Regal Pillow","War Paint","Kunai","Art of War"],"potions_floor_usage":[6,7,14,16,16,27,27],"damage_taken":[{"damage":1,"enemies":"Cultist","floor":1,"turns":3},{"damage":2,"enemies":"Small Slimes","floor":2,"turns":4},{"damage":7,"enemies":"Jaw Worm","floor":3,"turns":4},{"damage":4,"enemies":"Red Slaver","floor":4,"turns":4},{"damage":11,"enemies":"Looter","floor":5,"turns":3},{"damage":31,"enemies":"Gremlin Nob","floor":6,"turns":5},{"damage":4,"enemies":"Large Slime","floor":7,"turns":8},{"damage":11,"enemies":"3 Sentries","floor":12,"turns":4},{"damage":22,"enemies":"Gremlin Nob","floor":14,"turns":5},{"damage":24,"enemies":"The Guardian","floor":16,"turns":13},{"damage":13,"enemies":"2 Thieves","floor":18,"turns":4},{"damage":14,"enemies":"Shell Parasite","floor":22,"turns":6},{"damage":48,"enemies":"Book of Stabbing","floor":24,"turns":8},{"damage":40,"enemies":"Slavers","floor":27,"turns":6},{"damage":21,"enemies":"Centurion and Healer","floor":28,"turns":4}],"seed_played":"-2000391207089510184","potions_obtained":[{"floor":1,"key":"Ancient Potion"},{"floor":3,"key":"Explosive Potion"},{"floor":5,"key":"Weak Potion"},{"floor":6,"key":"GamblersBrew"},{"floor":14,"key":"Explosive Potion"},{"floor":16,"key":"Fruit Juice"},{"floor":24,"key":"Dexterity Potion"}],"is_trial":false,"path_per_floor":["M","M","M","M","M","E","M","R","T","R","$","E","$","E","R","B",null,"M","T","?","$","M","R","E","R","T","E","M"],"character_chosen":"DEFECT","items_purchased":["Happy Flower","Ball Lightning","PowerPotion"],"campfire_rested":5,"item_purchase_floors":[11,11,13],"current_hp_per_floor":[63,61,54,50,39,8,4,25,25,46,46,35,35,13,34,15,61,48,48,48,48,34,71,23,60,60,20,0],"gold":194,"neow_bonus":"HUNDRED_GOLD","is_prod":false,"is_daily":false,"chose_seed":false,"campfire_upgraded":0,"win_rate":0,"timestamp":1551777977,"path_taken":["M","M","M","M","?","E","M","R","T","R","$","E","$","E","R","BOSS","M","?","?","$","?","R","E","R","T","E","M"],"build_version":"2019-01-23","purchased_purges":2,"victory":false,"max_hp_per_floor":[71,71,71,71,71,71,71,71,71,71,71,71,71,71,71,76,76,76,76,76,76,76,76,76,76,76,76,76],"card_choices":[{"not_picked":["Turbo","Force Field"],"picked":"Loop","floor":1},{"not_picked":["BootSequence","Auto Shields"],"picked":"Glacier","floor":2},{"not_picked":["Streamline","Barrage"],"picked":"Conserve Battery","floor":3},{"not_picked":["Cold Snap","Conserve Battery"],"picked":"Doom and Gloom","floor":4},{"not_picked":["Steam","Gash","Double Energy"],"picked":"SKIP","floor":5},{"not_picked":["Consume","Auto Shields"],"picked":"Reinforced Body","floor":6},{"not_picked":["Go for the Eyes","Steam"],"picked":"Coolheaded","floor":7},{"not_picked":["FTL","Gash"],"picked":"Coolheaded","floor":12},{"not_picked":["Streamline","Fusion","Melter"],"picked":"SKIP","floor":14},{"not_picked":["Thunder Strike","Rainbow"],"picked":"Creative AI","floor":16},{"not_picked":["Coolheaded","Glacier"],"picked":"Recycle","floor":18},{"not_picked":["Compile Driver","Beam Cell","Streamline+1"],"picked":"SKIP","floor":22},{"not_picked":["Compile Driver","Lockon","Coolheaded"],"picked":"SKIP","floor":24},{"not_picked":["Beam Cell","Doom and Gloom","Steam"],"picked":"SKIP","floor":27}],"player_experience":875104,"relics_obtained":[{"floor":6,"key":"Letter Opener"},{"floor":9,"key":"Potion Belt"},{"floor":12,"key":"Pen Nib"},{"floor":14,"key":"Oddly Smooth Stone"},{"floor":19,"key":"Regal Pillow"},{"floor":24,"key":"War Paint"},{"floor":26,"key":"Kunai"},{"floor":27,"key":"Art of War"}],"event_choices":[{"damage_healed":0,"gold_gain":0,"player_choice":"Cursed","damage_taken":0,"max_hp_gain":0,"max_hp_loss":0,"event_name":"Wheel of Change","floor":20,"gold_loss":0,"cards_obtained":["Decay"]}],"is_beta":false,"boss_relics":[{"not_picked":["Runic Pyramid","White Beast Statue"],"picked":"Fusion Hammer"}],"items_purged_floors":[11,21],"is_endless":false,"potions_floor_spawned":[1,3,5,6,14,16,24],"killed_by":"Centurion and Healer","ascension_level":17}