{"gold_per_floor":[115,6,6,26,26,26,57,57,57,90,103,117,117,148,148,148],"floor_reached":16,"playtime":683,"items_purged":["Strike_G"],"score":210,"play_id":"8ad13df0-bfe7-4195-b0c2-d490849e41d4","local_time":"20190125204404","is_ascension_mode":true,"campfire_choices":[{"data":"Dash","floor":6,"key":"SMITH"},{"floor":13,"key":"REST"},{"data":"Neutralize","floor":15,"key":"SMITH"}],"neow_cost":"NONE","seed_source_timestamp":677824642790852,"circlet_count":0,"master_deck":["Defend_G","Defend_G","Defend_G","Defend_G","Defend_G","Strike_G+1","Strike_G","Strike_G","Strike_G","Survivor","Neutralize+1","Expertise","Dash+1","Blade Dance+1","Cloak And Dagger","Deflect","PiercingWail","Expertise","Crippling Poison"],"relics":["Black Star","Ancient Tea Set","The Specimen","Letter Opener","The Courier","Blue Candle","Thread and Needle","Gremlin Horn","Bag of Marbles"],"potions_floor_usage":[10,14,14],"damage_taken":[{"damage":5,"enemies":"Cultist","floor":1,"turns":5},{"damage":1,"enemies":"Jaw Worm","floor":4,"turns":4},{"damage":43,"enemies":"Gremlin Nob","floor":7,"turns":5},{"damage":0,"enemies":"3 Sentries","floor":10,"turns":8},{"damage":0,"enemies":"2 Louse","floor":11,"turns":2},{"damage":1,"enemies":"Gremlin Gang","floor":12,"turns":6},{"damage":0,"enemies":"Gremlin Nob","floor":14,"turns":2},{"damage":43,"enemies":"The Guardian","floor":16,"turns":14}],"seed_played":"1509069102277739911","potions_obtained":[{"floor":4,"key":"Energy Potion"},{"floor":7,"key":"Fire Potion"},{"floor":11,"key":"SteroidPotion"}],"is_trial":false,"path_per_floor":["M","$","$","M","?","R","E","T","T","E","M","M","R","E","R","B"],"character_chosen":"THE_SILENT","items_purchased":["Dash"],"campfire_rested":1,"item_purchase_floors":[2],"current_hp_per_floor":[65,65,65,64,50,50,7,7,7,7,7,6,27,27,27,0],"gold":148,"neow_bonus":"BOSS_RELIC","is_prod":false,"is_daily":false,"chose_seed":false,"campfire_upgraded":2,"win_rate":0,"timestamp":1548467044,"path_taken":["M","?","$","?","?","R","E","?","T","E","?","M","R","E","R","BOSS"],"build_version":"2019-01-23","purchased_purges":1,"victory":false,"max_hp_per_floor":[70,70,70,70,70,70,70,70,70,70,70,70,70,70,70,70],"card_choices":[{"not_picked":["Deadly Poison","Prepared"],"picked":"Expertise","floor":1},{"not_picked":["Slice","Choke"],"picked":"Blade Dance","floor":4},{"not_picked":["Dagger Throw","Underhanded Strike"],"picked":"Cloak And Dagger","floor":7},{"not_picked":["Flying Knee","Prepared"],"picked":"Deflect","floor":10},{"not_picked":["Bane","Prepared"],"picked":"PiercingWail","floor":11},{"not_picked":["Deflect","Calculated Gamble"],"picked":"Expertise","floor":12},{"not_picked":["Acrobatics","Deadly Poison"],"picked":"Crippling Poison","floor":14}],"player_experience":459434,"relics_obtained":[{"floor":7,"key":"Ancient Tea Set"},{"floor":7,"key":"The Specimen"},{"floor":8,"key":"Letter Opener"},{"floor":9,"key":"The Courier"},{"floor":10,"key":"Blue Candle"},{"floor":10,"key":"Thread and Needle"},{"floor":14,"key":"Gremlin Horn"},{"floor":14,"key":"Bag of Marbles"}],"event_choices":[{"damage_healed":0,"gold_gain":0,"player_choice":"Entered Light","damage_taken":14,"max_hp_gain":0,"max_hp_loss":0,"event_name":"Shining Light","floor":5,"gold_loss":0,"cards_upgraded":["Strike_G","Blade Dance"]}],"is_beta":false,"boss_relics":[],"items_purged_floors":[2],"is_endless":false,"potions_floor_spawned":[4,7,11],"killed_by":"The Guardian","ascension_level":5}