{"path_per_floor":["M","?","?","?","$","?","R","T","T","R","M","R","E","M","R","B",null,"M","?","M","$","M","R","?","R","T","?","$","M","R","E","R","B",null,"M","M","M","M","?","R","M","R","T","M","E","?","$","M","R"],"character_chosen":"DEFECT","items_purchased":["Redo","Self Repair","Frozen Egg 2","Go for the Eyes","Double Energy","Self Repair+1","Bottled Lightning","Pen Nib"],"gold_per_floor":[216,216,216,216,115,115,115,115,115,115,132,132,162,179,179,283,283,301,326,337,54,69,69,168,168,193,193,2,20,20,51,51,147,147,160,170,188,208,208,208,225,225,225,245,272,494,0,12,12,12],"floor_reached":50,"campfire_rested":0,"playtime":3109,"item_purchase_floors":[],"current_hp_per_floor":[70,70,52,52,52,52,52,52,52,52,62,62,64,67,67,47,75,75,72,71,71,68,68,68,68,68,68,68,65,65,42,42,28,75,72,77,79,64,64,64,73,73,73,83,71,71,71,80,80,0],"items_purged":["Strike_B","Strike_B"],"gold":12,"score":537,"play_id":"c489dea3-58a9-4f22-a6e7-4bc63199a784","local_time":"20180619011020","is_prod":false,"is_daily":false,"chose_seed":false,"is_ascension_mode":true,"campfire_upgraded":11,"win_rate":0.0,"timestamp":1529395820,"campfire_choices":[{"data":"Redo","floor":7.0,"key":"SMITH"},{"data":"Self Repair","floor":10.0,"key":"SMITH"},{"data":"Sweeping Beam","floor":12.0,"key":"SMITH"},{"data":"Double Energy","floor":15.0,"key":"SMITH"},{"data":"Seek","floor":23.0,"key":"SMITH"},{"data":"Go for the Eyes","floor":25.0,"key":"SMITH"},{"data":"Conserve Battery","floor":30.0,"key":"SMITH"},{"data":"Rainbow","floor":32.0,"key":"SMITH"},{"data":"Defragment","floor":40,"key":"SMITH"},{"data":"Defragment","floor":42,"key":"SMITH"},{"data":"Double Energy","floor":49,"key":"SMITH"}],"path_taken":["M","?","?","?","$","?","R","?","T","R","M","R","E","?","R","BOSS","M","?","M","$","M","R","?","R","T","?","$","M","R","E","R","BOSS","M","M","M","M","?","R","?","R","T","M","E","?","$","M","R","BOSS"],"build_version":"2018-06-14v2","seed_source_timestamp":0,"purchased_purges":2,"victory":false,"master_deck":["Strike_B","Defend_B","Defend_B","Defend_B","Defend_B","Zap+1","Dualcast+1","Cold Snap","Redo+1","Self Repair+1","Sweeping Beam+1","Double Energy+1","Defragment+1","Seek+1","Doom and Gloom+1","Capacitor+1","Defragment+1","Go for the Eyes+1","Conserve Battery+1","Double Energy+1","Self Repair+1","Rainbow+1","Creative AI+1","Leap+1","Skim+1"],"max_hp_per_floor":[75,75,75,75,75,75,75,75,75,75,75,75,75,75,75,75,75,75,75,75,75,75,75,75,75,75,75,75,75,75,75,75,75,75,75,77,79,79,79,79,81,81,81,83,85,85,85,87,87,87],"special_seed":0,"relics":["Cracked Core","Matryoshka","Gremlin Horn","Blue Candle","Bronze Scales","Darkstone Periapt","Singing Bowl","Sozu","Red Mask","Frozen Egg 2","Anchor","Happy Flower","Empty Cage","Meat on the Bone","Du-Vu Doll","Bottled Lightning","Pen Nib"],"card_choices":[{"not_picked":["Blizzard","Steam"],"picked":"Cold Snap","floor":1.0},{"not_picked":["Lockon","Stack"],"picked":"Sweeping Beam","floor":11.0},{"not_picked":["Force Field","Stack"],"picked":"Double Energy","floor":13.0},{"not_picked":["Go for the Eyes","Rip and Tear"],"picked":"Defragment","floor":14.0},{"not_picked":["Thunder Strike","Electrodynamics"],"picked":"Seek","floor":16.0},{"not_picked":["Turbo+1","Ball Lightning"],"picked":"Doom and Gloom+1","floor":18.0},{"not_picked":["Gash","Turbo+1"],"picked":"Capacitor+1","floor":19.0},{"not_picked":["Compile Driver+1","Storm"],"picked":"Defragment","floor":20.0},{"not_picked":["Coolheaded","Static Discharge+1"],"picked":"Conserve Battery","floor":22.0},{"not_picked":["Rebound","Undo"],"picked":"Hello World+1","floor":29.0},{"not_picked":["Skim","Redo+1"],"picked":"Rainbow","floor":31.0},{"not_picked":["Multi-Cast","Hyperbeam"],"picked":"Creative AI+1","floor":33.0},{"not_picked":["Hello World+1","Rebound"],"picked":"Leap+1","floor":35.0},{"not_picked":["Rebound","Double Energy","Melter"],"picked":"Singing Bowl","floor":36},{"not_picked":["Sweeping Beam","Turbo","Hologram+1"],"picked":"Singing Bowl","floor":37},{"not_picked":["Turbo","Leap"],"picked":"Skim+1","floor":38},{"not_picked":["Sweeping Beam+1","Redo+1","Steam+1"],"picked":"Singing Bowl","floor":41},{"not_picked":["Conserve Battery","Defragment+1","Heatsinks+1"],"picked":"Singing Bowl","floor":44},{"not_picked":["Defragment+1","Turbo","Sweeping Beam+1"],"picked":"Singing Bowl","floor":45},{"not_picked":["Self Repair+1","Steam","Biased Cognition+1"],"picked":"Singing Bowl","floor":48}],"player_experience":200114,"potions_floor_usage":[],"damage_taken":[{"damage":5.0,"enemies":"Jaw Worm","floor":1.0,"turns":4.0},{"damage":0.0,"enemies":"Cultist","floor":11.0,"turns":3.0},{"damage":8.0,"enemies":"Gremlin Nob","floor":13.0,"turns":3.0},{"damage":7.0,"enemies":"2 Louse","floor":14.0,"turns":2.0},{"damage":30.0,"enemies":"Slime Boss","floor":16.0,"turns":8.0},{"damage":3.0,"enemies":"Shell Parasite","floor":18.0,"turns":5.0},{"damage":3.0,"floor":19.0,"turns":2.0},{"damage":11.0,"enemies":"2 Thieves","floor":20.0,"turns":3.0},{"damage":13.0,"enemies":"Centurion and Healer","floor":22.0,"turns":8.0},{"damage":23.0,"enemies":"3 Cultists","floor":29.0,"turns":4.0},{"damage":43.0,"enemies":"Slavers","floor":31.0,"turns":4.0},{"damage":24.0,"enemies":"Collector","floor":33.0,"turns":9.0},{"damage":23.0,"enemies":"3 Darklings","floor":35.0,"turns":4.0},{"damage":7.0,"enemies":"3 Shapes","floor":36.0,"turns":4.0},{"damage":18,"enemies":"3 Darklings","floor":37,"turns":5},{"damage":35,"enemies":"Sphere and 2 Shapes","floor":38,"turns":6},{"damage":13,"enemies":"Maw","floor":41,"turns":6},{"damage":2,"enemies":"4 Shapes","floor":44,"turns":5},{"damage":46,"enemies":"2 Orb Walkers","floor":45,"turns":5},{"damage":13,"enemies":"Sphere and 2 Shapes","floor":48,"turns":5},{"damage":95,"enemies":"Awakened One","floor":50,"turns":10}],"relics_obtained":[{"floor":8.0,"key":"Gremlin Horn"},{"floor":8.0,"key":"Blue Candle"},{"floor":9.0,"key":"Bronze Scales"},{"floor":9.0,"key":"Darkstone Periapt"},{"floor":13.0,"key":"Singing Bowl"},{"floor":19.0,"key":"Red Mask"},{"floor":26.0,"key":"Anchor"},{"floor":31.0,"key":"Happy Flower"},{"floor":43,"key":"Meat on the Bone"},{"floor":45,"key":"Du-Vu Doll"}],"event_choices":[{"event_name":"The Lab","player_choice":"Got Potions","floor":2.0,"damage_taken":0.0},{"event_name":"Scrap Ooze","player_choice":"success","floor":3.0,"damage_taken":18.0},{"event_name":"Upgrade Shrine","player_choice":"Upgraded","floor":4.0,"damage_taken":0.0},{"event_name":"Living Wall","player_choice":"Grow","floor":6.0,"damage_taken":0.0},{"event_name":"Masked Bandits","player_choice":"Fought over 301 gold","floor":19.0,"damage_taken":0.0},{"event_name":"Nest","player_choice":"Stole From Cult","floor":24.0,"damage_taken":0.0},{"event_name":"Cursed Tome","player_choice":"Ignored","floor":27.0,"damage_taken":0.0},{"event_name":"SecretPortal","player_choice":"Rejected Portal.","floor":39,"damage_taken":0},{"event_name":"Tomb of Lord Red Mask","player_choice":"Wore Mask","floor":46,"damage_taken":0}],"boss_relics":[{"not_picked":["Lizard Tail","Fusion Hammer"],"picked":"Sozu"},{"not_picked":["Runic Pyramid","Inserter"],"picked":"Empty Cage"}],"items_purged_floors":[],"is_endless":false,"potions_floor_spawned":[1,14,16,18,22,29,33,35,36,37,48],"seed_played":"-1619884096125528249","killed_by":"Awakened One","ascension_level":1,"potions_obtained":[{"floor":1.0,"key":"Weak Potion"},{"floor":2.0,"key":"SkillPotion"},{"floor":2.0,"key":"FearPotion"},{"floor":16.0,"key":"SteroidPotion"}],"is_trial":false}