{"gold_per_floor":[117,42,62,62,78,78,108,108,108,121,121,21,21,21,21,140,140,80,80,80,80,80],"floor_reached":22,"playtime":691,"items_purged":["Strike_R","Strike_R"],"score":358,"play_id":"e96fddfa-bf52-497e-a0f4-7e8c8ccb9ec0","local_time":"20190108145030","is_ascension_mode":true,"campfire_choices":[{"data":"Body Slam","floor":6,"key":"SMITH"},{"data":"Bash","floor":8,"key":"SMITH"},{"data":"Battle Trance","floor":11,"key":"SMITH"},{"floor":15,"key":"REST"}],"neow_cost":"PERCENT_DAMAGE","seed_source_timestamp":1599922143864742,"circlet_count":0,"master_deck":["AscendersBane","Defend_R","Defend_R","Defend_R","Defend_R","Bash+1","Body Slam+1","Battle Trance+1","Bite","Bite","Bite","Bite"],"relics":["Burning Blood","Golden Idol","Charon\u0027s Ashes","The Courier","Ectoplasm"],"potions_floor_usage":[16,22],"damage_taken":[{"damage":6,"enemies":"Cultist","floor":1,"turns":4},{"damage":12,"enemies":"Small Slimes","floor":3,"turns":5},{"damage":18,"enemies":"Jaw Worm","floor":5,"turns":6},{"damage":0,"enemies":"3 Louse","floor":10,"turns":4},{"damage":0,"enemies":"The Guardian","floor":16,"turns":10},{"damage":8,"enemies":"2 Thieves","floor":18,"turns":5},{"damage":36,"enemies":"Shell Parasite","floor":21,"turns":6},{"damage":52,"enemies":"Shelled Parasite and Fungi","floor":22,"turns":7}],"seed_played":"-6009371452791148676","potions_obtained":[{"floor":1,"key":"PowerPotion"},{"floor":3,"key":"Swift Potion"},{"floor":16,"key":"Regen Potion"},{"floor":18,"key":"Ancient Potion"}],"is_trial":false,"path_per_floor":["M","$","M","?","M","R","?","R","T","M","R","$","?","$","R","B",null,"M","?","?","M","M"],"character_chosen":"IRONCLAD","items_purchased":[],"campfire_rested":1,"item_purchase_floors":[],"current_hp_per_floor":[51,51,45,45,33,33,33,33,33,39,39,39,32,32,54,60,71,69,51,51,33,12],"gold":80,"neow_bonus":"REMOVE_TWO","is_prod":false,"is_daily":false,"chose_seed":false,"campfire_upgraded":3,"win_rate":0,"timestamp":1546977030,"path_taken":["M","$","M","?","M","R","?","R","T","M","R","$","?","?","R","BOSS","M","?","?","?","M"],"build_version":"2019-01-03v4","purchased_purges":2,"victory":false,"max_hp_per_floor":[80,80,80,74,74,74,74,74,74,74,74,74,74,74,74,74,74,74,51,51,51,51],"card_choices":[{"not_picked":["Evolve","Warcry"],"picked":"Body Slam","floor":1},{"not_picked":["Armaments","Dropkick","Anger"],"picked":"SKIP","floor":3},{"not_picked":["Seeing Red","Flex"],"picked":"Battle Trance","floor":5},{"not_picked":["Evolve","Carnage","Uppercut"],"picked":"SKIP","floor":10},{"not_picked":["True Grit","Armaments","Dual Wield"],"picked":"SKIP","floor":18},{"not_picked":["Combust+1","Dual Wield","Headbutt"],"picked":"SKIP","floor":21}],"player_experience":353234,"relics_obtained":[{"floor":9,"key":"Charon\u0027s Ashes"}],"event_choices":[{"damage_healed":0,"gold_gain":0,"player_choice":"Lose Max HP","damage_taken":0,"relics_obtained":["Golden Idol"],"max_hp_gain":0,"max_hp_loss":6,"event_name":"Golden Idol","floor":4,"gold_loss":0},{"damage_healed":0,"gold_gain":30,"player_choice":"Searched \u00271\u0027 times","damage_taken":0,"max_hp_gain":0,"max_hp_loss":0,"event_name":"Dead Adventurer","floor":7,"gold_loss":0},{"damage_healed":0,"gold_gain":0,"player_choice":"Success","damage_taken":7,"relics_obtained":["The Courier"],"max_hp_gain":0,"max_hp_loss":0,"event_name":"Scrap Ooze","floor":13,"gold_loss":0},{"damage_healed":0,"gold_gain":0,"player_choice":"Became a vampire","damage_taken":0,"max_hp_gain":0,"max_hp_loss":23,"event_name":"Vampires","floor":19,"gold_loss":0,"cards_obtained":["Bite","Bite","Bite","Bite","Bite"]},{"cards_removed":["Bite"],"damage_healed":0,"gold_gain":0,"player_choice":"Purged","damage_taken":0,"max_hp_gain":0,"max_hp_loss":0,"event_name":"Purifier","floor":20,"gold_loss":0}],"is_beta":false,"boss_relics":[{"not_picked":["Fusion Hammer","Black Blood"],"picked":"Ectoplasm"}],"items_purged_floors":[2,12],"is_endless":false,"potions_floor_spawned":[1,3,16,18],"killed_by":"Shelled Parasite and Fungi","ascension_level":10}