{"gold_per_floor":[116,130,144,62,76,108,108,134,157,157,174,174,204,222,222,327,327,339,339,359,375,375,375,375],"floor_reached":24,"playtime":1507,"items_purged":[],"score":349,"play_id":"e8ecfd4a-7c83-4d49-8750-f72dec259e10","local_time":"20190210142906","is_ascension_mode":true,"campfire_choices":[{"data":"Zap","floor":7.0,"key":"SMITH"},{"floor":10.0,"key":"REST"},{"data":"Streamline","floor":12.0,"key":"SMITH"},{"data":"Go for the Eyes","floor":15.0,"key":"SMITH"},{"floor":23,"key":"REST"}],"neow_cost":"NONE","seed_source_timestamp":7918305936431,"circlet_count":0,"master_deck":["AscendersBane","Strike_B","Strike_B","Strike_B","Strike_B","Defend_B","Defend_B","Defend_B","Defend_B","Zap+1","Dualcast","Streamline+1","Go for the Eyes+1","Melter","Sunder","Go for the Eyes","Turbo","Tempest","Leap","Conserve Battery","BootSequence","All For One","Thunder Strike","Genetic Algorithm","Auto Shields"],"special_seed":0,"relics":["FrozenCore","Matryoshka","Happy Flower","Centennial Puzzle","Bag of Marbles","Pantograph"],"potions_floor_usage":[16,16,24],"damage_taken":[{"damage":1.0,"enemies":"Cultist","floor":1.0,"turns":3.0},{"damage":3.0,"enemies":"Jaw Worm","floor":2.0,"turns":4.0},{"damage":0.0,"enemies":"2 Louse","floor":3.0,"turns":1.0},{"damage":7.0,"enemies":"Blue Slaver","floor":5.0,"turns":4.0},{"damage":16.0,"enemies":"Gremlin Nob","floor":6.0,"turns":3.0},{"damage":32.0,"enemies":"3 Sentries","floor":8.0,"turns":6.0},{"damage":2.0,"enemies":"Looter","floor":11.0,"turns":2.0},{"damage":9.0,"enemies":"Gremlin Nob","floor":13.0,"turns":3.0},{"damage":3.0,"enemies":"3 Louse","floor":14.0,"turns":3.0},{"damage":35,"enemies":"The Guardian","floor":16,"turns":11},{"damage":2,"enemies":"3 Byrds","floor":18,"turns":4},{"damage":17,"enemies":"Shell Parasite","floor":20,"turns":5},{"damage":19,"enemies":"Cultist and Chosen","floor":21,"turns":5},{"damage":57,"enemies":"Slavers","floor":24,"turns":7}],"seed_played":"7761964132872051686","potions_obtained":[{"floor":2.0,"key":"Poison Potion"},{"floor":5.0,"key":"GamblersBrew"},{"floor":6.0,"key":"SteroidPotion"},{"floor":13.0,"key":"SpeedPotion"},{"floor":14.0,"key":"Weak Potion"},{"floor":16,"key":"SmokeBomb"},{"floor":21,"key":"GamblersBrew"}],"is_trial":false,"path_per_floor":["M","M","M","$","M","E","R","E","T","R","M","R","E","M","R","B",null,"M","?","M","M","?","R","E"],"character_chosen":"DEFECT","items_purchased":["Sunder","Go for the Eyes"],"campfire_rested":2,"item_purchase_floors":[4,4],"current_hp_per_floor":[74,71,71,71,64,48,48,16,16,40,38,38,29,26,26,16,66,64,82,65,46,30,56,0],"gold":375,"neow_bonus":"TEN_PERCENT_HP_BONUS","is_prod":false,"is_daily":false,"chose_seed":false,"campfire_upgraded":3,"win_rate":0,"timestamp":1549776546,"path_taken":["M","M","?","$","M","E","R","E","T","R","M","R","E","M","R","BOSS","M","?","M","M","?","R","E"],"build_version":"2019-01-23","purchased_purges":0,"victory":false,"max_hp_per_floor":[82,82,82,82,82,82,82,82,82,82,82,82,82,82,82,82,82,82,82,82,82,87,87,87],"card_choices":[{"not_picked":["Redo","Undo"],"picked":"Streamline","floor":1.0},{"not_picked":["Gash","Stack"],"picked":"Go for the Eyes","floor":2.0},{"not_picked":["Sweeping Beam","Double Energy"],"picked":"Melter","floor":3.0},{"not_picked":["Sweeping Beam","Streamline"],"picked":"Turbo","floor":5.0},{"not_picked":["Loop","Fusion"],"picked":"Tempest","floor":6.0},{"not_picked":["Rebound","Coolheaded"],"picked":"Leap","floor":8.0},{"not_picked":["Leap","Sweeping Beam"],"picked":"Conserve Battery","floor":11.0},{"not_picked":["Skim","Tempest"],"picked":"BootSequence","floor":13.0},{"not_picked":["Compile Driver","Conserve Battery"],"picked":"All For One","floor":14.0},{"not_picked":["Buffer","Core Surge"],"picked":"Thunder Strike","floor":16},{"not_picked":["Barrage","Steam Power","Chaos"],"picked":"SKIP","floor":18},{"not_picked":["Storm","Cold Snap"],"picked":"Genetic Algorithm","floor":20},{"not_picked":["Turbo","Coolheaded+1"],"picked":"Auto Shields","floor":21}],"player_experience":317400,"relics_obtained":[{"floor":6.0,"key":"Matryoshka"},{"floor":8.0,"key":"Happy Flower"},{"floor":9.0,"key":"Centennial Puzzle"},{"floor":9.0,"key":"Bag of Marbles"},{"floor":13.0,"key":"Pantograph"}],"event_choices":[{"damage_healed":27,"gold_gain":0,"player_choice":"Heal","damage_taken":0,"max_hp_gain":0,"max_hp_loss":0,"event_name":"The Library","floor":19,"gold_loss":0},{"damage_healed":0,"gold_gain":0,"player_choice":"Shed Blood","damage_taken":21,"max_hp_gain":5,"max_hp_loss":0,"event_name":"Forgotten Altar","floor":22,"gold_loss":0}],"is_beta":false,"boss_relics":[{"not_picked":["Sozu","Fusion Hammer"],"picked":"FrozenCore"}],"items_purged_floors":[],"is_endless":false,"potions_floor_spawned":[2,5,6,13,14,16,21],"killed_by":"Slavers","ascension_level":12}