{"gold_per_floor":[115,134,134,152,162,162,187,187,211,245,255,220,237,269,269,269],"floor_reached":16,"playtime":706,"items_purged":[],"score":128,"play_id":"08d34aad-454c-44b0-a351-03ebe02e451e","local_time":"20190110110313","is_ascension_mode":true,"campfire_choices":[{"data":"Crippling Poison","floor":6,"key":"SMITH"},{"data":"Calculated Gamble","floor":8,"key":"SMITH"},{"data":"Cloak And Dagger","floor":15,"key":"SMITH"}],"neow_cost":"NONE","seed_source_timestamp":1566283820141,"circlet_count":0,"master_deck":["Defend_G","Defend_G","Defend_G","Defend_G","Defend_G","Strike_G","Strike_G","Strike_G","Strike_G","Strike_G","Survivor","Neutralize","Finisher","Predator","Dagger Spray","Crippling Poison+1","Calculated Gamble+1","Outmaneuver","Dodge and Roll","Cloak And Dagger+1"],"relics":["Ring of the Snake","Strawberry","Boot","Art of War","Calipers","Blue Candle"],"potions_floor_usage":[10,14,16],"damage_taken":[{"damage":0,"enemies":"Jaw Worm","floor":1,"turns":5},{"damage":0,"enemies":"2 Louse","floor":2,"turns":4},{"damage":0,"enemies":"Small Slimes","floor":4,"turns":2},{"damage":1,"enemies":"Blue Slaver","floor":5,"turns":4},{"damage":14,"enemies":"3 Sentries","floor":7,"turns":8},{"damage":24,"enemies":"Gremlin Nob","floor":10,"turns":4},{"damage":11,"enemies":"Exordium Thugs","floor":11,"turns":4},{"damage":1,"enemies":"Exordium Wildlife","floor":13,"turns":3},{"damage":8,"enemies":"3 Sentries","floor":14,"turns":4},{"damage":37,"enemies":"The Guardian","floor":16,"turns":13}],"seed_played":"8180504654995978003","potions_obtained":[{"floor":5,"key":"SkillPotion"},{"floor":11,"key":"PowerPotion"},{"floor":13,"key":"Explosive Potion"}],"is_trial":false,"path_per_floor":["M","M","?","M","M","R","E","R","T","E","M","?","M","E","R","B"],"character_chosen":"THE_SILENT","items_purchased":[],"campfire_rested":0,"item_purchase_floors":[],"current_hp_per_floor":[77,77,74,74,73,73,59,59,59,35,24,43,42,34,34,0],"gold":269,"neow_bonus":"RANDOM_COMMON_RELIC","is_prod":false,"is_daily":false,"chose_seed":false,"campfire_upgraded":3,"win_rate":0,"timestamp":1547085793,"path_taken":["M","M","?","M","M","R","E","R","T","E","M","?","M","E","R","BOSS"],"build_version":"2019-01-03v4","purchased_purges":0,"victory":false,"max_hp_per_floor":[77,77,77,77,77,77,77,77,77,77,77,77,77,77,77,77],"card_choices":[{"not_picked":["Cloak And Dagger","Backflip"],"picked":"Finisher","floor":1},{"not_picked":["Blur","Slice"],"picked":"Predator","floor":2},{"not_picked":["Poisoned Stab","Cloak And Dagger"],"picked":"Dagger Spray","floor":4},{"not_picked":["Quick Slash","Bane"],"picked":"Crippling Poison","floor":5},{"not_picked":["Deflect","Skewer"],"picked":"Calculated Gamble","floor":7},{"not_picked":["Venomology","Heel Hook"],"picked":"Outmaneuver","floor":10},{"not_picked":["Flying Knee","Predator","Dagger Throw"],"picked":"SKIP","floor":11},{"not_picked":["Reflex","Blade Dance"],"picked":"Dodge and Roll","floor":13},{"not_picked":["Choke","Dagger Throw"],"picked":"Cloak And Dagger","floor":14}],"player_experience":188776,"relics_obtained":[{"floor":7,"key":"Art of War"},{"floor":10,"key":"Calipers"},{"floor":14,"key":"Blue Candle"}],"event_choices":[{"damage_healed":0,"gold_gain":0,"player_choice":"Success","damage_taken":3,"relics_obtained":["Boot"],"max_hp_gain":0,"max_hp_loss":0,"event_name":"Scrap Ooze","floor":3,"gold_loss":0},{"damage_healed":19,"gold_gain":0,"player_choice":"Healed","damage_taken":0,"max_hp_gain":0,"max_hp_loss":0,"event_name":"The Cleric","floor":12,"gold_loss":35}],"is_beta":false,"boss_relics":[],"items_purged_floors":[],"is_endless":false,"potions_floor_spawned":[5,11,13],"killed_by":"The Guardian","ascension_level":1}