{"gold_per_floor":[109,128,141,141,157,184,184,184,184,184,24,24,57,71,71,71],"floor_reached":16,"playtime":516,"items_purged":["Strike_B"],"score":176,"play_id":"49c3e556-c7fb-4c9b-a160-a14db35c6e7c","local_time":"20190129222439","is_ascension_mode":true,"campfire_choices":[{"data":"Dualcast","floor":8,"key":"SMITH"},{"data":"Coolheaded","floor":10,"key":"SMITH"},{"data":"Lockon","floor":15,"key":"SMITH"}],"neow_cost":"NONE","seed_source_timestamp":1029678734260792,"circlet_count":0,"master_deck":["AscendersBane","Strike_B","Strike_B","Defend_B","Defend_B","Defend_B+1","Defend_B+1","Zap","Dualcast+1","Redo","Doom and Gloom","Lockon+1","Coolheaded+1","Loop","Cold Snap"],"relics":["Cracked Core","NeowsBlessing","Pocketwatch","Singing Bowl","Golden Idol","Letter Opener"],"potions_floor_usage":[6,6],"damage_taken":[{"damage":0,"enemies":"2 Louse","floor":1,"turns":1},{"damage":0,"enemies":"Small Slimes","floor":2,"turns":1},{"damage":0,"enemies":"Jaw Worm","floor":3,"turns":1},{"damage":12,"enemies":"Large Slime","floor":5,"turns":5},{"damage":6,"enemies":"Gremlin Nob","floor":6,"turns":3},{"damage":2,"enemies":"3 Sentries","floor":13,"turns":6},{"damage":12,"enemies":"Exordium Thugs","floor":14,"turns":5},{"damage":26,"enemies":"Hexaghost","floor":16,"turns":11}],"seed_played":"-4410759962388467751","potions_obtained":[{"floor":1,"key":"Fire Potion"},{"floor":2,"key":"FearPotion"}],"is_trial":false,"path_per_floor":["M","M","M","?","M","E","?","R","T","R","$","?","E","M","R","B"],"character_chosen":"DEFECT","items_purchased":["Loop","Cold Snap"],"campfire_rested":0,"item_purchase_floors":[11,11],"current_hp_per_floor":[68,68,68,68,56,50,35,35,35,35,35,35,35,25,25,0],"gold":71,"neow_bonus":"THREE_ENEMY_KILL","is_prod":false,"is_daily":false,"chose_seed":false,"campfire_upgraded":3,"win_rate":0,"timestamp":1548818679,"path_taken":["M","M","M","?","M","E","?","R","T","R","$","?","E","M","R","BOSS"],"build_version":"2019-01-23","purchased_purges":1,"victory":false,"max_hp_per_floor":[75,75,75,75,75,75,75,75,75,75,75,69,71,73,73,73],"card_choices":[{"not_picked":["Hello World","Beam Cell"],"picked":"Redo","floor":1},{"not_picked":["Skim","Go for the Eyes"],"picked":"Doom and Gloom","floor":2},{"not_picked":["Beam Cell","Go for the Eyes","Barrage"],"picked":"SKIP","floor":3},{"not_picked":["White Noise","BootSequence"],"picked":"Coolheaded","floor":5},{"not_picked":["Sweeping Beam","Static Discharge","Tempest"],"picked":"SKIP","floor":6},{"not_picked":["Hello World","Compile Driver","FTL"],"picked":"Singing Bowl","floor":13},{"not_picked":["Coolheaded","Barrage","Turbo"],"picked":"Singing Bowl","floor":14}],"player_experience":548151,"relics_obtained":[{"floor":6,"key":"Pocketwatch"},{"floor":9,"key":"Singing Bowl"},{"floor":13,"key":"Letter Opener"}],"event_choices":[{"damage_healed":0,"gold_gain":0,"cards_transformed":["Strike_B"],"player_choice":"Change","damage_taken":0,"max_hp_gain":0,"max_hp_loss":0,"event_name":"Living Wall","floor":4,"gold_loss":0,"cards_obtained":["Lockon"]},{"damage_healed":0,"gold_gain":0,"player_choice":"Entered Light","damage_taken":15,"max_hp_gain":0,"max_hp_loss":0,"event_name":"Shining Light","floor":7,"gold_loss":0,"cards_upgraded":["Defend_B","Defend_B"]},{"damage_healed":0,"gold_gain":0,"player_choice":"Lose Max HP","damage_taken":0,"relics_obtained":["Golden Idol"],"max_hp_gain":0,"max_hp_loss":6,"event_name":"Golden Idol","floor":12,"gold_loss":0}],"is_beta":false,"boss_relics":[],"items_purged_floors":[11],"is_endless":false,"potions_floor_spawned":[1,2],"killed_by":"Hexaghost","ascension_level":12}