{"gold_per_floor":[111,8,22,22,22,22,61,61,61,404,417,417,71,109,109,204,204,227,227,41,41,55,55],"floor_reached":23,"playtime":913,"items_purged":["Strike_B"],"score":485,"play_id":"7e96d6b6-f632-4616-b194-16ddefea38bf","local_time":"20190305100650","is_ascension_mode":true,"campfire_choices":[{"data":"Zap","floor":6,"key":"SMITH"},{"data":"Dualcast","floor":15,"key":"SMITH"}],"neow_cost":"NONE","seed_source_timestamp":165370511971526,"circlet_count":0,"master_deck":["AscendersBane","Strike_B","Strike_B+1","Strike_B","Defend_B","Defend_B","Defend_B","Defend_B","Zap+1","Dualcast+1","Streamline","Glacier","Gash","Tempest","Leap+1","Buffer","Gash","Electrodynamics","Ball Lightning","Auto Shields"],"relics":["Cracked Core","NeowsBlessing","Golden Idol","Mercury Hourglass","Dead Branch","Old Coin","Matryoshka","Ornamental Fan","Philosopher\u0027s Stone","MutagenicStrength","DataDisk","Enchiridion"],"potions_floor_usage":[14,16],"damage_taken":[{"damage":0,"enemies":"Cultist","floor":1,"turns":1},{"damage":0,"enemies":"Small Slimes","floor":3,"turns":1},{"damage":0,"enemies":"3 Sentries","floor":7,"turns":1},{"damage":2,"enemies":"Lagavulin","floor":10,"turns":7},{"damage":2,"enemies":"Jaw Worm","floor":11,"turns":3},{"damage":0,"enemies":"Gremlin Nob","floor":14,"turns":4},{"damage":21,"enemies":"Hexaghost","floor":16,"turns":10},{"damage":9,"enemies":"Chosen","floor":18,"turns":5},{"damage":14,"enemies":"3 Byrds","floor":22,"turns":2},{"damage":15,"enemies":"Gremlin Leader","floor":23,"turns":2}],"seed_played":"118189441152313264","potions_obtained":[{"floor":7,"key":"SteroidPotion"},{"floor":10,"key":"GamblersBrew"}],"is_trial":false,"path_per_floor":["M","$","M","?","$","R","E","?","T","E","M","?","$","E","R","B",null,"M","?","$","?","M","E"],"character_chosen":"DEFECT","items_purchased":["Glacier","Gash","Matryoshka","DataDisk","Ball Lightning"],"campfire_rested":0,"item_purchase_floors":[2,2,13,20,20],"current_hp_per_floor":[64,64,64,64,64,64,64,64,64,62,60,41,41,41,41,20,53,44,44,44,23,9,0],"gold":55,"neow_bonus":"THREE_ENEMY_KILL","is_prod":false,"is_daily":false,"chose_seed":false,"campfire_upgraded":2,"win_rate":0,"timestamp":1551798410,"path_taken":["M","?","M","?","$","R","E","?","T","E","?","?","$","E","R","BOSS","M","?","$","?","M","E"],"build_version":"2019-01-23","purchased_purges":1,"victory":false,"max_hp_per_floor":[71,71,71,64,64,64,64,64,64,64,64,64,64,64,64,64,64,64,64,64,64,64,64],"card_choices":[{"not_picked":["Go for the Eyes","Steam"],"picked":"Streamline","floor":1},{"not_picked":["Darkness","Reinforced Body"],"picked":"Tempest","floor":3},{"not_picked":["Go for the Eyes","Beam Cell"],"picked":"Leap","floor":7},{"not_picked":["Beam Cell","Stack"],"picked":"Buffer","floor":10},{"not_picked":["Streamline","Steam Power"],"picked":"Gash","floor":11},{"not_picked":["Beam Cell","Compile Driver","Hologram"],"picked":"SKIP","floor":14},{"not_picked":["Thunder Strike","Biased Cognition"],"picked":"Electrodynamics","floor":16},{"not_picked":["Turbo","Barrage","Cold Snap"],"picked":"SKIP","floor":18},{"not_picked":["Beam Cell","Turbo"],"picked":"Auto Shields","floor":22}],"player_experience":869443,"relics_obtained":[{"floor":7,"key":"Mercury Hourglass"},{"floor":9,"key":"Dead Branch"},{"floor":10,"key":"Old Coin"},{"floor":14,"key":"Ornamental Fan"},{"floor":21,"key":"Enchiridion"}],"event_choices":[{"damage_healed":0,"gold_gain":0,"player_choice":"Lose Max HP","damage_taken":0,"relics_obtained":["Golden Idol"],"max_hp_gain":0,"max_hp_loss":7,"event_name":"Golden Idol","floor":4,"gold_loss":0},{"damage_healed":0,"gold_gain":0,"player_choice":"Leave","damage_taken":0,"max_hp_gain":0,"max_hp_loss":0,"event_name":"The Cleric","floor":8,"gold_loss":0},{"damage_healed":0,"gold_gain":0,"player_choice":"Entered Light","damage_taken":19,"max_hp_gain":0,"max_hp_loss":0,"event_name":"Shining Light","floor":12,"gold_loss":0,"cards_upgraded":["Leap","Strike_B"]},{"damage_healed":0,"gold_gain":0,"player_choice":"Inject Mutagens","damage_taken":0,"relics_obtained":["MutagenicStrength"],"max_hp_gain":0,"max_hp_loss":0,"event_name":"Drug Dealer","floor":19,"gold_loss":0},{"damage_healed":0,"gold_gain":0,"player_choice":"Obtained Book","damage_taken":21,"max_hp_gain":0,"max_hp_loss":0,"event_name":"Cursed Tome","floor":21,"gold_loss":0}],"is_beta":false,"boss_relics":[{"not_picked":["FrozenCore","Fusion Hammer"],"picked":"Philosopher\u0027s Stone"}],"items_purged_floors":[13],"is_endless":false,"potions_floor_spawned":[7,10,11],"killed_by":"Gremlin Leader","ascension_level":18}