{"gold_per_floor":[116,21,40,51,51,51,95,114,114,114,138,138],"floor_reached":12,"playtime":612,"items_purged":[],"score":148,"play_id":"815be72b-dc70-41aa-a30e-b4deb0de9daa","local_time":"20190225133638","is_ascension_mode":true,"campfire_choices":[{"data":"Darkness","floor":6,"key":"SMITH"},{"data":"Static Discharge","floor":10,"key":"SMITH"}],"neow_cost":"NONE","seed_source_timestamp":528776998986704,"circlet_count":0,"master_deck":["AscendersBane","Strike_B","Strike_B","Strike_B","Defend_B","Defend_B","Defend_B","Defend_B","Zap","Dualcast","Darkness+1","Impatience","Chill","Static Discharge+1","Redo","Rebound","Creative AI"],"relics":["Cracked Core","Golden Idol","Pen Nib","Omamori"],"potions_floor_usage":[12,12],"damage_taken":[{"damage":4,"enemies":"2 Louse","floor":1,"turns":4},{"damage":3,"enemies":"Small Slimes","floor":3,"turns":3},{"damage":5,"enemies":"Jaw Worm","floor":4,"turns":5},{"damage":16,"enemies":"3 Sentries","floor":7,"turns":6},{"damage":11,"enemies":"Red Slaver","floor":8,"turns":5},{"damage":8,"enemies":"3 Louse","floor":11,"turns":3},{"damage":38,"enemies":"Gremlin Nob","floor":12,"turns":3}],"seed_played":"1814862356109960711","potions_obtained":[{"floor":3,"key":"SteroidPotion"},{"floor":7,"key":"Energy Potion"}],"is_trial":false,"path_per_floor":["M","$","M","M","?","R","E","M","T","R","M","E"],"character_chosen":"DEFECT","items_purchased":["Impatience"],"campfire_rested":0,"item_purchase_floors":[2],"current_hp_per_floor":[60,60,57,52,52,52,36,25,25,25,17,0],"gold":138,"neow_bonus":"REMOVE_CARD","is_prod":false,"is_daily":false,"chose_seed":false,"campfire_upgraded":2,"win_rate":0,"timestamp":1551119798,"path_taken":["M","$","M","M","?","R","E","M","T","R","M","E"],"build_version":"2019-01-23","purchased_purges":0,"victory":false,"max_hp_per_floor":[71,71,71,71,64,64,64,64,64,64,64,64],"card_choices":[{"not_picked":["Beam Cell","Steam"],"picked":"Darkness","floor":1},{"not_picked":["Steam","Hologram"],"picked":"Chill","floor":3},{"not_picked":["Steam","Beam Cell"],"picked":"Static Discharge","floor":4},{"not_picked":["Hologram","Coolheaded"],"picked":"Redo","floor":7},{"not_picked":["Ball Lightning","Sweeping Beam"],"picked":"Rebound","floor":8},{"not_picked":["Streamline","Force Field"],"picked":"Creative AI","floor":11}],"player_experience":841419,"relics_obtained":[{"floor":7,"key":"Pen Nib"},{"floor":9,"key":"Omamori"}],"event_choices":[{"damage_healed":0,"gold_gain":0,"player_choice":"Lose Max HP","damage_taken":0,"relics_obtained":["Golden Idol"],"max_hp_gain":0,"max_hp_loss":7,"event_name":"Golden Idol","floor":5,"gold_loss":0}],"is_beta":false,"boss_relics":[],"items_purged_floors":[],"is_endless":false,"potions_floor_spawned":[3,7],"killed_by":"Gremlin Nob","ascension_level":17}