{"gold_per_floor":[117,117,117,177,0,31,31,44,69,82,101,112,162,187,187,286,286,297,3,53,18,68,68,94,94,119,131,143,0,50,100,100,205,205,216,366,416,466,220,220,251,266,290,306,340,351,351,366,366,366],"floor_reached":51,"playtime":2154,"items_purged":["Strike_B","Strike_B","Streamline"],"score":889,"play_id":"b23cdbfc-054a-4dbd-b4be-71b4915a37cd","local_time":"20190303193402","is_ascension_mode":true,"campfire_choices":[{"data":"Dualcast","floor":7,"key":"SMITH"},{"data":"Recycle","floor":15,"key":"SMITH"},{"floor":23,"key":"REST"},{"floor":25,"key":"REST"},{"floor":32,"key":"REST"},{"data":"Defragment","floor":40,"key":"SMITH"},{"floor":47,"key":"REST"},{"floor":49,"key":"REST"}],"neow_cost":"NONE","seed_source_timestamp":1219213657161624,"circlet_count":0,"master_deck":["Defend_B","Defend_B","Defend_B","Defend_B","Zap","Dualcast+1","Electrodynamics","Buffer","Recycle+1","Ball Lightning","FTL","Go for the Eyes","Echo Form","Consume","Defragment","Turbo","Storm+1","BootSequence","Biased Cognition","Coolheaded+1","Seek","Hologram","Storm+1","Auto Shields","Storm+1","Loop+1","Defragment+1","Heatsinks+1","Amplify","Redo+1","Loop+1","Tempest+1"],"relics":["Cracked Core","NeowsBlessing","SsserpentHead","Bag of Marbles","Juzu Bracelet","Happy Flower","Lizard Tail","Membership Card","Strawberry","Potion Belt","Regal Pillow","Orrery","Dead Branch","Torii","Pen Nib","Smiling Mask","FossilizedHelix"],"potions_floor_usage":[16,24,41,44],"damage_taken":[{"damage":0,"enemies":"Jaw Worm","floor":1,"turns":1},{"damage":0,"enemies":"Small Slimes","floor":4,"turns":1},{"damage":0,"enemies":"3 Sentries","floor":6,"turns":1},{"damage":1,"enemies":"Cultist","floor":8,"turns":3},{"damage":9,"enemies":"Red Slaver","floor":10,"turns":4},{"damage":1,"enemies":"Looter","floor":11,"turns":4},{"damage":1,"enemies":"2 Fungi Beasts","floor":12,"turns":2},{"damage":10,"enemies":"Lagavulin","floor":14,"turns":5},{"damage":12,"enemies":"Slime Boss","floor":16,"turns":6},{"damage":26,"enemies":"2 Thieves","floor":18,"turns":3},{"damage":41,"enemies":"Colosseum Slavers","floor":22,"turns":4},{"damage":40,"enemies":"Slavers","floor":24,"turns":4},{"damage":12,"enemies":"Chosen","floor":27,"turns":3},{"damage":8,"enemies":"Snecko","floor":28,"turns":4},{"damage":19,"enemies":"Automaton","floor":33,"turns":9},{"damage":23,"enemies":"3 Shapes","floor":35,"turns":3},{"damage":0,"enemies":"Mind Bloom Boss Battle","floor":36,"turns":3},{"damage":3,"enemies":"Nemesis","floor":41,"turns":3},{"damage":6,"enemies":"Orb Walker","floor":42,"turns":3},{"damage":1,"enemies":"Transient","floor":44,"turns":5},{"damage":70,"enemies":"Reptomancer","floor":45,"turns":4},{"damage":11,"enemies":"Sphere and 2 Shapes","floor":46,"turns":2},{"damage":20,"enemies":"4 Shapes","floor":48,"turns":3},{"damage":26,"enemies":"Donu and Deca","floor":50,"turns":3}],"seed_played":"-6000029473609087521","potions_obtained":[{"floor":1,"key":"Explosive Potion"},{"floor":10,"key":"PowerPotion"},{"floor":12,"key":"Dexterity Potion"},{"floor":24,"key":"Explosive Potion"},{"floor":27,"key":"LiquidBronze"},{"floor":35,"key":"PowerPotion"},{"floor":36,"key":"SteroidPotion"},{"floor":46,"key":"FocusPotion"},{"floor":48,"key":"Weak Potion"}],"is_trial":false,"path_per_floor":["M","?","?","M","$","E","R","M","T","M","M","M","?","E","R","B",null,"M","$","?","?","?","R","E","R","T","M","M","?","?","?","R","B",null,"M","?","?","?","$","R","E","M","T","M","E","M","R","M","R","B",null],"character_chosen":"DEFECT","items_purchased":["Electrodynamics","Membership Card","Defragment","Turbo","Torii","Defragment"],"campfire_rested":5,"item_purchase_floors":[5,19,19,19,39,39],"current_hp_per_floor":[75,75,75,75,75,75,75,74,74,65,64,63,68,58,58,46,80,54,54,54,61,20,46,6,32,32,20,12,12,12,12,53,34,87,64,64,64,64,64,64,61,55,55,54,31,20,61,41,82,56],"gold":366,"neow_bonus":"THREE_ENEMY_KILL","is_prod":false,"is_daily":false,"chose_seed":false,"campfire_upgraded":3,"win_rate":0,"timestamp":1551659642,"path_taken":["M","?","?","?","?","E","R","M","T","M","M","M","?","E","R","BOSS","M","$","?","?","?","R","E","R","T","M","M","?","?","?","R","BOSS","M","?","?","?","$","R","E","M","T","M","E","M","R","M","R","BOSS"],"build_version":"2019-01-23","purchased_purges":3,"victory":true,"max_hp_per_floor":[75,75,75,75,75,75,75,75,75,75,75,75,80,80,80,80,80,80,80,80,87,87,87,87,87,87,87,87,87,87,87,87,87,87,87,87,87,87,87,87,87,87,87,87,87,87,87,87,87,87],"card_choices":[{"not_picked":["Static Discharge","Beam Cell"],"picked":"Streamline","floor":1},{"not_picked":["Genetic Algorithm","Rebound","Reinforced Body"],"picked":"SKIP","floor":4},{"not_picked":["Hologram","Compile Driver","Force Field"],"picked":"SKIP","floor":6},{"not_picked":["Compile Driver","Coolheaded"],"picked":"Buffer","floor":8},{"not_picked":["Beam Cell","Rip and Tear"],"picked":"Recycle","floor":10},{"not_picked":["Rebound","Static Discharge"],"picked":"Ball Lightning","floor":11},{"not_picked":["Redo","Compile Driver"],"picked":"FTL","floor":12},{"not_picked":["Hello World","Sweeping Beam"],"picked":"Go for the Eyes","floor":14},{"not_picked":["Rainbow","Machine Learning"],"picked":"Echo Form","floor":16},{"not_picked":["Leap","Gash"],"picked":"Consume","floor":18},{"not_picked":["Steam","Ball Lightning"],"picked":"Storm+1","floor":24},{"not_picked":["Beam Cell+1","Turbo","Gash"],"picked":"SKIP","floor":27},{"not_picked":["Ball Lightning+1","Lockon+1"],"picked":"BootSequence","floor":28},{"not_picked":["Reboot","Machine Learning"],"picked":"Biased Cognition","floor":33},{"not_picked":["Turbo","Rebound"],"picked":"Coolheaded+1","floor":34},{"not_picked":["FTL","Hologram"],"picked":"Seek","floor":34},{"not_picked":["Steam Power+1","Coolheaded+1"],"picked":"Hologram","floor":34},{"not_picked":["Coolheaded","Stack+1"],"picked":"Storm+1","floor":34},{"not_picked":["Compile Driver+1","Hello World"],"picked":"Auto Shields","floor":34},{"not_picked":["Sweeping Beam","Rebound"],"picked":"Storm+1","floor":35},{"not_picked":["Conserve Battery","Force Field"],"picked":"Loop+1","floor":36},{"not_picked":["Skim+1","Glacier"],"picked":"Heatsinks+1","floor":41},{"not_picked":["Sweeping Beam+1","Redo+1"],"picked":"Amplify","floor":42},{"not_picked":["Steam Power","Beam Cell"],"picked":"Redo+1","floor":44},{"not_picked":["Reinforced Body","Reprogram+1"],"picked":"Loop+1","floor":45},{"not_picked":["Aggregate+1","Streamline","Stack"],"picked":"SKIP","floor":46},{"not_picked":["Streamline","Hologram+1"],"picked":"Tempest+1","floor":48}],"player_experience":220975,"relics_obtained":[{"floor":6,"key":"Bag of Marbles"},{"floor":9,"key":"Juzu Bracelet"},{"floor":14,"key":"Happy Flower"},{"floor":24,"key":"Potion Belt"},{"floor":26,"key":"Regal Pillow"},{"floor":36,"key":"Dead Branch"},{"floor":41,"key":"Pen Nib"},{"floor":43,"key":"Smiling Mask"},{"floor":45,"key":"FossilizedHelix"}],"event_choices":[{"cards_removed":["Strike_B"],"damage_healed":0,"gold_gain":0,"player_choice":"Forget","damage_taken":0,"max_hp_gain":0,"max_hp_loss":0,"event_name":"Living Wall","floor":2,"gold_loss":0},{"damage_healed":0,"gold_gain":0,"player_choice":"Trade","damage_taken":0,"relics_obtained":["SsserpentHead"],"max_hp_gain":0,"max_hp_loss":0,"event_name":"FaceTrader","floor":3,"gold_loss":0},{"damage_healed":0,"gold_gain":0,"player_choice":"Donut","damage_taken":0,"max_hp_gain":5,"max_hp_loss":0,"event_name":"Big Fish","floor":13,"gold_loss":0},{"cards_removed":["Strike_B"],"damage_healed":0,"gold_gain":0,"player_choice":"Elegance","damage_taken":0,"max_hp_gain":0,"max_hp_loss":0,"event_name":"Back to Basics","floor":20,"gold_loss":0},{"damage_healed":0,"gold_gain":0,"player_choice":"Obtained Relic","damage_taken":0,"relics_obtained":["Strawberry"],"max_hp_gain":0,"max_hp_loss":0,"event_name":"Addict","floor":21,"gold_loss":85},{"damage_healed":0,"gold_gain":0,"player_choice":"Fight","damage_taken":0,"max_hp_gain":0,"max_hp_loss":0,"event_name":"Colosseum","floor":22,"gold_loss":0},{"damage_healed":0,"gold_gain":0,"player_choice":"Fled From Nobs","damage_taken":0,"max_hp_gain":0,"max_hp_loss":0,"event_name":"Colosseum","floor":22,"gold_loss":0},{"damage_healed":0,"gold_gain":0,"player_choice":"Paid Fearfully","damage_taken":0,"max_hp_gain":0,"max_hp_loss":0,"event_name":"Masked Bandits","floor":29,"gold_loss":193},{"damage_healed":0,"gold_gain":0,"player_choice":"Ignored","damage_taken":0,"max_hp_gain":0,"max_hp_loss":0,"event_name":"The Mausoleum","floor":30,"gold_loss":0},{"damage_healed":0,"gold_gain":0,"player_choice":"Smashed Altar","damage_taken":0,"max_hp_gain":0,"max_hp_loss":0,"event_name":"Forgotten Altar","floor":31,"gold_loss":0,"cards_obtained":["Decay"]},{"damage_healed":0,"gold_gain":0,"player_choice":"Fight","damage_taken":0,"max_hp_gain":0,"max_hp_loss":0,"event_name":"MindBloom","floor":36,"gold_loss":0},{"cards_removed":["Decay"],"damage_healed":0,"gold_gain":0,"player_choice":"Purged","damage_taken":0,"max_hp_gain":0,"max_hp_loss":0,"event_name":"Purifier","floor":37,"gold_loss":0},{"damage_healed":0,"gold_gain":0,"player_choice":"Ignored","damage_taken":0,"max_hp_gain":0,"max_hp_loss":0,"event_name":"Tomb of Lord Red Mask","floor":38,"gold_loss":0}],"is_beta":false,"boss_relics":[{"not_picked":["Runic Dome","Snecko Eye"],"picked":"Lizard Tail"},{"not_picked":["FrozenCore","White Beast Statue"],"picked":"Orrery"}],"items_purged_floors":[5,19,39],"is_endless":false,"potions_floor_spawned":[1,10,12,22,24,27,35,36,46,48],"ascension_level":3}