{"path_per_floor":["M","M","$","?","M","R","M","?","T","?","E","M","?","$","R"],"character_chosen":"THE_SILENT","items_purchased":["Cloak And Dagger","Vajra","Infinite Blades"],"gold_per_floor":[211,228,20,20,38,38,52,52,79,79,107,120,120,49,49,49],"floor_reached":16,"campfire_rested":0,"playtime":678,"current_hp_per_floor":[66,65,65,65,65,65,59,64,64,57,37,37,37,37,37,0],"items_purged":[],"gold":49,"score":110,"play_id":"f7b6c418-32d4-4563-9ccc-68c5691f7f76","local_time":"20180424191902","is_prod":false,"is_daily":false,"chose_seed":false,"is_ascension_mode":true,"campfire_upgraded":2,"timestamp":1524622742,"path_taken":["M","M","$","?","M","R","M","?","T","?","E","?","?","?","R","BOSS"],"build_version":"2018-04-19","seed_source_timestamp":1193499961883709,"purchased_purges":0,"victory":false,"master_deck":["Defend_G","Defend_G","Defend_G","Defend_G","Strike_G","Strike_G","Strike_G","Strike_G","Survivor","Neutralize+1","Backflip","Cloak And Dagger+1","Blade Dance","Quick Slash","Malaise","Cloak And Dagger","Infinite Blades"],"max_hp_per_floor":[70,70,70,70,70,70,70,75,75,75,75,75,75,75,75,75],"relics":["Ring of the Snake","Vajra","Bag of Marbles","Lantern","Ninja Scroll"],"card_choices":[{"not_picked":["Eviscerate","Acrobatics"],"picked":"Backflip","floor":2},{"not_picked":["Unload","Blur"],"picked":"Blade Dance","floor":5},{"not_picked":["Flying Knee","Calculated Gamble"],"picked":"Quick Slash","floor":7},{"not_picked":["Sucker Punch","Infinite Blades"],"picked":"Malaise","floor":11},{"not_picked":["Blade Dance","Poisoned Stab"],"picked":"Cloak And Dagger","floor":12}],"player_experience":130810,"potions_floor_usage":[16,16],"damage_taken":[{"damage":4,"enemies":"Jaw Worm","floor":1,"turns":5},{"damage":1,"enemies":"Cultist","floor":2,"turns":4},{"damage":0,"enemies":"Small Slimes","floor":5,"turns":3},{"damage":6,"enemies":"2 Fungi Beasts","floor":7,"turns":4},{"damage":20,"enemies":"Gremlin Nob","floor":11,"turns":4},{"damage":0,"enemies":"Looter","floor":12,"turns":1},{"damage":39,"enemies":"Slime Boss","floor":16,"turns":8}],"event_choices":[{"event_name":"Wheel of Change","player_choice":"Relic","floor":4,"damage_taken":0},{"event_name":"Big Fish","player_choice":"Donut","floor":8,"damage_taken":0},{"event_name":"Golden Wing","player_choice":"Card Removal","floor":10,"damage_taken":0},{"event_name":"Purifier","player_choice":"One Purge","floor":13,"damage_taken":0}],"boss_relics":[],"potions_floor_spawned":[5,7],"seed_played":"8212079917001820252","killed_by":"Slime Boss","ascension_level":2,"is_trial":false}