{"gold_per_floor":[111,111,129,57,71,71,103,103,103,130,130,32,32,32,32,131,131,119,44,44,60,77,77,17,17,17,32,32],"floor_reached":28,"playtime":1704,"items_purged":["Regret"],"score":289,"play_id":"7ced1654-70c2-4a1c-b802-0e558f054365","local_time":"20190212155928","is_ascension_mode":true,"campfire_choices":[{"data":"Neutralize","floor":6,"key":"SMITH"},{"data":"Noxious Fumes","floor":8,"key":"SMITH"},{"data":"Backflip","floor":13,"key":"SMITH"},{"data":"Survivor","floor":15,"key":"SMITH"},{"data":"Footwork","floor":23,"key":"SMITH"},{"data":"Glass Knife","floor":25,"key":"SMITH"}],"neow_cost":"NONE","seed_source_timestamp":87592630403980,"circlet_count":0,"master_deck":["Defend_G","Defend_G","Defend_G","Defend_G","Strike_G","Strike_G","Strike_G","Survivor+1","Neutralize+1","Underhanded Strike","Deadly Poison","Blur","Noxious Fumes+1","Backflip+1","Glass Knife+1","Dagger Throw","Footwork+1","Envenom"],"relics":["Velvet Choker","Sundial","Pear","PreservedInsect","Black Star","Nloth\u0027s Gift","The Courier"],"potions_floor_usage":[],"damage_taken":[{"damage":0,"enemies":"Jaw Worm","floor":1,"turns":5},{"damage":0,"enemies":"Cultist","floor":3,"turns":4},{"damage":3,"enemies":"2 Louse","floor":5,"turns":4},{"damage":14,"enemies":"3 Sentries","floor":7,"turns":11},{"damage":37,"enemies":"Slime Boss","floor":16,"turns":11},{"damage":17,"enemies":"2 Thieves","floor":18,"turns":4},{"damage":3,"enemies":"3 Byrds","floor":21,"turns":5},{"damage":13,"enemies":"Snake Plant","floor":22,"turns":6},{"damage":20,"enemies":"Shelled Parasite and Fungi","floor":27,"turns":6},{"damage":17,"enemies":"3 Cultists","floor":28,"turns":3}],"seed_played":"4680527801707347908","potions_obtained":[{"floor":1,"key":"Ancient Potion"},{"floor":18,"key":"GamblersBrew"}],"is_trial":false,"path_per_floor":["M","?","M","$","M","R","E","R","T","T","?","$","R","$","R","B",null,"M","?","?","M","M","R","?","R","T","M","M"],"character_chosen":"THE_SILENT","items_purchased":["Blur","Backflip"],"campfire_rested":0,"item_purchase_floors":[4,12],"current_hp_per_floor":[63,63,63,63,60,60,46,46,56,56,56,56,56,56,56,19,65,48,48,48,45,32,32,32,32,32,12,0],"gold":32,"neow_bonus":"BOSS_RELIC","is_prod":false,"is_daily":false,"chose_seed":false,"campfire_upgraded":6,"win_rate":0,"timestamp":1550015968,"path_taken":["M","?","M","?","M","R","E","R","T","?","?","$","R","?","R","BOSS","M","?","?","?","M","R","?","R","T","M","M"],"build_version":"2019-01-23","purchased_purges":1,"victory":false,"max_hp_per_floor":[70,70,70,70,70,70,70,70,80,80,80,80,80,80,80,80,80,80,80,80,80,80,80,80,80,80,80,80],"card_choices":[{"not_picked":["Distraction","Slice"],"picked":"Underhanded Strike","floor":1},{"not_picked":["Heel Hook","Poisoned Stab"],"picked":"Deadly Poison","floor":3},{"not_picked":["Endless Agony","Riddle With Holes","Distraction"],"picked":"SKIP","floor":5},{"not_picked":["Prepared","PiercingWail"],"picked":"Noxious Fumes","floor":7},{"not_picked":["Doppelganger","Wraith Form v2"],"picked":"Glass Knife","floor":16},{"not_picked":["Distraction","Flechettes"],"picked":"Dagger Throw","floor":18},{"not_picked":["Blade Dance","Expertise"],"picked":"Footwork","floor":21},{"not_picked":["Blade Dance","Underhanded Strike"],"picked":"Envenom","floor":22},{"not_picked":["Cloak And Dagger","Dodge and Roll","Underhanded Strike"],"picked":"SKIP","floor":27}],"player_experience":342749,"relics_obtained":[{"floor":7,"key":"Sundial"},{"floor":9,"key":"Pear"},{"floor":10,"key":"PreservedInsect"},{"floor":26,"key":"The Courier"}],"event_choices":[{"cards_removed":["Strike_G"],"damage_healed":0,"gold_gain":0,"player_choice":"Purged","damage_taken":0,"max_hp_gain":0,"max_hp_loss":0,"event_name":"Purifier","floor":2,"gold_loss":0},{"damage_healed":0,"gold_gain":0,"player_choice":"Box","damage_taken":0,"relics_obtained":["Dream Catcher"],"max_hp_gain":0,"max_hp_loss":0,"event_name":"Big Fish","floor":11,"gold_loss":0,"cards_obtained":["Regret"]},{"cards_removed":["Strike_G"],"damage_healed":0,"gold_gain":0,"player_choice":"Gave Gold","damage_taken":0,"max_hp_gain":0,"max_hp_loss":0,"event_name":"Beggar","floor":19,"gold_loss":75},{"damage_healed":0,"gold_gain":0,"player_choice":"Traded Relic","damage_taken":0,"relics_obtained":["Nloth\u0027s Gift"],"max_hp_gain":0,"max_hp_loss":0,"event_name":"N\u0027loth","floor":20,"relics_lost":["Dream Catcher"],"gold_loss":0},{"cards_removed":["Defend_G"],"damage_healed":0,"gold_gain":0,"player_choice":"Single Remove","damage_taken":0,"max_hp_gain":0,"max_hp_loss":0,"event_name":"Designer","floor":24,"gold_loss":60}],"is_beta":false,"boss_relics":[{"not_picked":["Ectoplasm","WristBlade"],"picked":"Black Star"}],"items_purged_floors":[12],"is_endless":false,"potions_floor_spawned":[1,18],"killed_by":"3 Cultists","ascension_level":7}