{"gold_per_floor":[115,65,65,140,152,152,152,152,178,206,223,223,258,284,284,357,357,374,145,145,45,45,45,70,82,135,154,179,190,204,33,33,107,107,117,117,130,143,161,161,178,178],"floor_reached":42,"playtime":2109,"items_purged":["Defend_B","Defend_B","Defend_B"],"score":802,"play_id":"08ae2f4e-b2b7-412a-8e06-6d7834e0dd9e","local_time":"20190203143956","is_ascension_mode":true,"campfire_choices":[{"data":"Streamline","floor":6,"key":"SMITH"},{"data":"Zap","floor":8,"key":"SMITH"},{"data":"Coolheaded","floor":12,"key":"SMITH"},{"data":"Dualcast","floor":15,"key":"SMITH"},{"data":"Buffer","floor":23,"key":"SMITH"},{"data":"Loop","floor":32,"key":"SMITH"},{"data":"Buffer","floor":40,"key":"SMITH"}],"neow_cost":"TEN_PERCENT_HP_LOSS","seed_source_timestamp":1432239175577317,"circlet_count":0,"master_deck":["AscendersBane","Zap+1","Dualcast+1","Coolheaded+1","Streamline+1","Gash","Glacier","Buffer+1","Coolheaded","Redo+1","Loop+1","Sweeping Beam+1","Scrape","Gash","Gash","Buffer+1","Gash","White Noise","Ball Lightning+1"],"relics":["Cracked Core","Thread and Needle","Potion Belt","Ginger","Shuriken","PreservedInsect","Runic Dome","Orichalcum","Happy Flower","Boot","Empty Cage"],"potions_floor_usage":[16,24,28,33,37],"damage_taken":[{"damage":0,"enemies":"Cultist","floor":1,"turns":3},{"damage":1,"enemies":"Small Slimes","floor":5,"turns":5},{"damage":13,"enemies":"3 Sentries","floor":10,"turns":7},{"damage":2,"enemies":"2 Louse","floor":11,"turns":2},{"damage":4,"enemies":"Gremlin Nob","floor":13,"turns":3},{"damage":5,"enemies":"The Guardian","floor":16,"turns":11},{"damage":0,"enemies":"Spheric Guardian","floor":18,"turns":4},{"damage":8,"enemies":"Book of Stabbing","floor":24,"turns":6},{"damage":0,"enemies":"Shell Parasite","floor":25,"turns":4},{"damage":4,"enemies":"Snake Plant","floor":27,"turns":4},{"damage":0,"enemies":"Gremlin Leader","floor":28,"turns":4},{"damage":2,"enemies":"Shelled Parasite and Fungi","floor":29,"turns":5},{"damage":0,"enemies":"Chosen and Byrds","floor":30,"turns":3},{"damage":17,"enemies":"Automaton","floor":33,"turns":7},{"damage":21,"enemies":"3 Darklings","floor":35,"turns":4},{"damage":0,"enemies":"3 Shapes","floor":37,"turns":5},{"damage":0,"enemies":"Maw","floor":38,"turns":5},{"damage":0,"enemies":"4 Shapes","floor":39,"turns":7},{"damage":32,"enemies":"3 Darklings","floor":41,"turns":5},{"damage":13,"enemies":"Writhing Mass","floor":42,"turns":1}],"seed_played":"2928690327180655229","potions_obtained":[{"floor":10,"key":"Poison Potion"},{"floor":16,"key":"Swift Potion"},{"floor":18,"key":"SkillPotion"},{"floor":22,"key":"LiquidBronze"},{"floor":22,"key":"Block Potion"},{"floor":27,"key":"Swift Potion"},{"floor":28,"key":"Block Potion"},{"floor":30,"key":"Fire Potion"},{"floor":35,"key":"Weak Potion"},{"floor":39,"key":"Fire Potion"}],"is_trial":false,"path_per_floor":["M","?","?","?","M","R","?","R","T","E","M","R","E","T","R","B",null,"M","$","?","$","?","R","E","M","T","M","E","M","M","$","R","B",null,"M","?","M","M","M","R","M","M"],"character_chosen":"DEFECT","items_purchased":["Orichalcum","Gash"],"campfire_rested":0,"item_purchase_floors":[19,31],"current_hp_per_floor":[68,68,65,54,53,53,46,46,46,33,31,31,27,27,27,22,57,57,57,45,45,45,45,37,37,37,33,33,31,31,31,31,14,58,37,37,37,37,37,37,5,0],"gold":178,"neow_bonus":"REMOVE_TWO","is_prod":false,"is_daily":false,"chose_seed":false,"campfire_upgraded":7,"win_rate":0,"timestamp":1549222796,"path_taken":["M","?","?","?","M","R","?","R","T","E","M","R","E","?","R","BOSS","M","$","?","$","?","R","E","?","T","M","E","M","M","$","R","BOSS","M","?","M","M","M","R","M","M"],"build_version":"2019-01-23","purchased_purges":3,"victory":false,"max_hp_per_floor":[68,68,68,68,68,68,68,68,68,68,68,68,68,68,68,68,68,68,68,73,73,73,73,73,73,73,73,73,73,73,73,73,73,73,73,73,73,73,73,73,73,73],"card_choices":[{"not_picked":["Redo","Go for the Eyes"],"picked":"Coolheaded","floor":1},{"not_picked":["White Noise","Melter"],"picked":"Streamline","floor":5},{"not_picked":["Scrape","Reinforced Body"],"picked":"Compile Driver","floor":10},{"not_picked":["Rebound","Barrage"],"picked":"Gash","floor":11},{"not_picked":["Reinforced Body","BootSequence"],"picked":"Glacier","floor":13},{"not_picked":["Meteor Strike","Electrodynamics"],"picked":"Buffer","floor":16},{"not_picked":["Force Field","Reinforced Body"],"picked":"Coolheaded","floor":18},{"not_picked":["Compile Driver","Leap"],"picked":"Redo+1","floor":24},{"not_picked":["Rebound","Skim"],"picked":"Loop","floor":25},{"not_picked":["Genetic Algorithm","Leap+1"],"picked":"Sweeping Beam+1","floor":27},{"not_picked":["Sweeping Beam+1","Stack"],"picked":"Scrape","floor":28},{"not_picked":["Turbo","Leap","Barrage"],"picked":"SKIP","floor":29},{"not_picked":["Meteor Strike","Leap"],"picked":"Gash","floor":30},{"not_picked":["Hyperbeam","Core Surge"],"picked":"Buffer","floor":33},{"not_picked":["Force Field","Chill"],"picked":"Gash","floor":35},{"not_picked":["Stack","Steam Power","Rebound+1"],"picked":"SKIP","floor":37},{"not_picked":["Coolheaded+1","Sweeping Beam","Beam Cell"],"picked":"SKIP","floor":38},{"not_picked":["Compile Driver","Genetic Algorithm"],"picked":"White Noise","floor":39},{"not_picked":["Conserve Battery","Rebound+1"],"picked":"Ball Lightning+1","floor":41}],"player_experience":643915,"relics_obtained":[{"floor":9,"key":"Potion Belt"},{"floor":10,"key":"Ginger"},{"floor":13,"key":"Shuriken"},{"floor":14,"key":"PreservedInsect"},{"floor":24,"key":"Happy Flower"},{"floor":28,"key":"Boot"}],"event_choices":[{"cards_removed":["Strike_B"],"damage_healed":0,"gold_gain":0,"player_choice":"Card Removal","damage_taken":0,"max_hp_gain":0,"max_hp_loss":0,"event_name":"The Cleric","floor":2,"gold_loss":50},{"damage_healed":0,"gold_gain":0,"player_choice":"Success","damage_taken":3,"relics_obtained":["Thread and Needle"],"max_hp_gain":0,"max_hp_loss":0,"event_name":"Scrap Ooze","floor":3,"gold_loss":0},{"damage_healed":0,"gold_gain":75,"player_choice":"Gather Gold","damage_taken":11,"max_hp_gain":0,"max_hp_loss":0,"event_name":"World of Goop","floor":4,"gold_loss":0},{"cards_removed":["Strike_B"],"damage_healed":0,"gold_gain":0,"player_choice":"Card Removal","damage_taken":7,"max_hp_gain":0,"max_hp_loss":0,"event_name":"Golden Wing","floor":7,"gold_loss":0},{"damage_healed":0,"gold_gain":0,"player_choice":"Shed Blood","damage_taken":17,"max_hp_gain":5,"max_hp_loss":0,"event_name":"Forgotten Altar","floor":20,"gold_loss":0},{"damage_healed":0,"gold_gain":0,"player_choice":"Got Potions","damage_taken":0,"max_hp_gain":0,"max_hp_loss":0,"event_name":"Lab","floor":22,"gold_loss":0},{"damage_healed":0,"gold_gain":0,"player_choice":"Ignored","damage_taken":0,"max_hp_gain":0,"max_hp_loss":0,"event_name":"Mysterious Sphere","floor":36,"gold_loss":0}],"is_beta":false,"boss_relics":[{"not_picked":["Snecko Eye","Lizard Tail"],"picked":"Runic Dome"},{"not_picked":["Sozu","Eternal Feather"],"picked":"Empty Cage"}],"items_purged_floors":[19,21,31],"is_endless":false,"potions_floor_spawned":[10,16,18,27,28,30,35,39],"killed_by":"Writhing Mass","ascension_level":13}