{"gold_per_floor":[111,111,127,17,29,63,82,82,109,109,159,159,176,176,176,253,253,263,275,275,275],"floor_reached":21,"playtime":1026,"items_purged":["Writhe"],"score":313,"play_id":"1a45aba4-ec14-49b9-b2ef-900c2c628f37","local_time":"20190127210412","is_ascension_mode":true,"campfire_choices":[{"floor":8.0,"key":"REST"},{"data":"Darkness","floor":10.0,"key":"SMITH"},{"data":"Tempest","floor":12.0,"key":"SMITH"},{"floor":15.0,"key":"REST"}],"neow_cost":"CURSE","seed_source_timestamp":301259814629390,"circlet_count":0,"master_deck":["AscendersBane","Strike_B","Strike_B","Strike_B","Strike_B","Defend_B","Defend_B","Defend_B","Defend_B","Zap","Dualcast","Core Surge","Genetic Algorithm","Capacitor","Melter","Tempest+1","Darkness+1","Lockon","Streamline","Gash","Zap","Capacitor","Rainbow","Cold Snap","Leap","Rip and Tear","Rebound","Chill","Self Repair+1","Skim"],"special_seed":0,"relics":["Cracked Core","Orichalcum","PreservedInsect","Orrery","MutagenicStrength"],"potions_floor_usage":[21],"damage_taken":[{"damage":1.0,"enemies":"Cultist","floor":1.0,"turns":3.0},{"damage":12.0,"enemies":"Jaw Worm","floor":3.0,"turns":3.0},{"damage":0.0,"enemies":"Small Slimes","floor":5.0,"turns":3.0},{"damage":38.0,"enemies":"Gremlin Nob","floor":6.0,"turns":4.0},{"damage":9.0,"enemies":"2 Fungi Beasts","floor":7.0,"turns":3.0},{"damage":5.0,"enemies":"Gremlin Gang","floor":13.0,"turns":4.0},{"damage":37.0,"enemies":"The Guardian","floor":16.0,"turns":9.0},{"damage":17.0,"enemies":"Shell Parasite","floor":18.0,"turns":8.0},{"damage":13.0,"enemies":"Spheric Guardian","floor":19.0,"turns":4.0},{"damage":35,"enemies":"Masked Bandits","floor":21,"turns":3}],"seed_played":"-542100999941344344","potions_obtained":[{"floor":2.0,"key":"PowerPotion"},{"floor":2.0,"key":"FearPotion"},{"floor":18.0,"key":"EssenceOfSteel"}],"is_trial":false,"path_per_floor":["M","?","M","$","M","E","M","R","T","R","?","R","M","?","R","B",null,"M","M","?","?"],"character_chosen":"DEFECT","items_purchased":["Melter"],"campfire_rested":2,"item_purchase_floors":[4],"current_hp_per_floor":[63,63,51,51,51,13,4,25,25,25,25,25,20,20,41,4,54,37,24,24,0],"gold":275,"neow_bonus":"THREE_RARE_CARDS","is_prod":false,"is_daily":false,"chose_seed":false,"campfire_upgraded":2,"win_rate":0,"timestamp":1548619452,"path_taken":["M","?","M","?","?","E","M","R","T","R","?","R","?","?","R","BOSS","M","?","?","?"],"build_version":"2019-01-23","purchased_purges":1,"victory":false,"max_hp_per_floor":[71,71,71,71,71,71,71,71,71,71,71,71,71,71,71,71,71,71,71,71,71],"card_choices":[{"not_picked":["Amplify","Buffer"],"picked":"Core Surge","floor":0.0},{"not_picked":["Cold Snap","Leap"],"picked":"Genetic Algorithm","floor":1.0},{"not_picked":["Cold Snap","Heatsinks"],"picked":"Capacitor","floor":3.0},{"not_picked":["Coolheaded","Reprogram"],"picked":"Tempest","floor":5.0},{"not_picked":["Static Discharge","Heatsinks"],"picked":"Darkness","floor":6.0},{"not_picked":["Redo","Barrage"],"picked":"Lockon","floor":7.0},{"not_picked":["Barrage","Force Field"],"picked":"Streamline","floor":13.0},{"not_picked":["Seek","Electrodynamics"],"picked":"Rainbow","floor":16.0},{"not_picked":["Force Field","Undo"],"picked":"Cold Snap","floor":17.0},{"not_picked":["Barrage","Heatsinks"],"picked":"Leap","floor":17.0},{"not_picked":["Steam Power","Ball Lightning"],"picked":"Rip and Tear","floor":17.0},{"not_picked":["Recycle","Streamline"],"picked":"Rebound","floor":17.0},{"not_picked":["Rebound","Compile Driver"],"picked":"Chill","floor":17.0},{"not_picked":["Leap","Compile Driver"],"picked":"Self Repair+1","floor":18.0},{"not_picked":["Stack","BootSequence"],"picked":"Skim","floor":19.0}],"player_experience":608618,"relics_obtained":[{"floor":6.0,"key":"Orichalcum"},{"floor":9.0,"key":"PreservedInsect"}],"event_choices":[{"damage_healed":0.0,"max_hp_gain":0.0,"max_hp_loss":0.0,"gold_gain":0.0,"event_name":"Lab","player_choice":"Got Potions","floor":2.0,"gold_loss":0.0,"damage_taken":0.0},{"damage_healed":0.0,"max_hp_gain":0.0,"max_hp_loss":0.0,"gold_gain":50.0,"event_name":"Golden Shrine","player_choice":"Pray","floor":11.0,"gold_loss":0.0,"damage_taken":0.0},{"damage_healed":0.0,"max_hp_gain":0.0,"max_hp_loss":0.0,"gold_gain":0.0,"event_name":"Match and Keep!","player_choice":"3 cards matched","floor":14.0,"gold_loss":0.0,"damage_taken":0.0,"cards_obtained":["Gash","Zap","Capacitor"]},{"damage_healed":0.0,"max_hp_gain":0.0,"max_hp_loss":0.0,"gold_gain":0.0,"event_name":"Drug Dealer","player_choice":"Inject Mutagens","floor":20.0,"gold_loss":0.0,"damage_taken":0.0,"relics_obtained":["MutagenicStrength"]},{"damage_healed":0,"gold_gain":0,"player_choice":"Fought Bandits","damage_taken":0,"max_hp_gain":0,"max_hp_loss":0,"event_name":"Masked Bandits","floor":21,"gold_loss":0}],"is_beta":false,"boss_relics":[{"not_picked":["Coffee Dripper","Astrolabe"],"picked":"Orrery"}],"items_purged_floors":[4],"is_endless":false,"potions_floor_spawned":[6,7,13,18],"killed_by":"Masked Bandits","ascension_level":15}