{"gold_per_floor":[116,116,116,45,58,58,84,84,108,108,135,149,210,229,229,325,325,309,309],"floor_reached":19,"playtime":943,"items_purged":[],"score":263,"play_id":"be455017-d2fc-41ad-af26-22f684493ee4","local_time":"20190216082455","is_ascension_mode":true,"campfire_choices":[{"data":"Dualcast","floor":6,"key":"SMITH"},{"data":"Go for the Eyes","floor":8,"key":"SMITH"},{"floor":10,"key":"REST"},{"data":"Glacier","floor":15,"key":"SMITH"}],"neow_cost":"TEN_PERCENT_HP_LOSS","seed_source_timestamp":190731229294648,"circlet_count":0,"master_deck":["AscendersBane","Strike_B","Strike_B+1","Strike_B","Defend_B","Defend_B","Defend_B","Defend_B","Zap+1","Dualcast+1","Glacier+1","Conserve Battery","Go for the Eyes+1","Echo Form","Glacier","Defragment"],"relics":["Cracked Core","Emotion Chip","Sundial","Juzu Bracelet","Ancient Tea Set","Tiny Chest","Philosopher\u0027s Stone"],"potions_floor_usage":[16,16,19],"damage_taken":[{"damage":2,"enemies":"Small Slimes","floor":1,"turns":3},{"damage":1,"enemies":"Jaw Worm","floor":5,"turns":3},{"damage":26,"enemies":"3 Sentries","floor":7,"turns":10},{"damage":0,"enemies":"Cultist","floor":12,"turns":3},{"damage":8,"enemies":"Lagavulin","floor":13,"turns":8},{"damage":4,"enemies":"Exordium Wildlife","floor":14,"turns":6},{"damage":24,"enemies":"Hexaghost","floor":16,"turns":16},{"damage":20,"enemies":"2 Thieves","floor":18,"turns":4},{"damage":35,"enemies":"3 Byrds","floor":19,"turns":2}],"seed_played":"-5618899112157794376","potions_obtained":[{"floor":1,"key":"AttackPotion"},{"floor":7,"key":"SpeedPotion"},{"floor":12,"key":"EssenceOfSteel"},{"floor":16,"key":"LiquidBronze"},{"floor":18,"key":"AttackPotion"}],"is_trial":false,"path_per_floor":["M","?","?","$","M","R","E","R","T","R","T","M","E","M","R","B",null,"M","M"],"character_chosen":"DEFECT","items_purchased":["Glacier"],"campfire_rested":1,"item_purchase_floors":[4],"current_hp_per_floor":[66,52,52,52,51,51,25,25,25,45,45,45,37,33,33,9,53,33,0],"gold":309,"neow_bonus":"ONE_RARE_RELIC","is_prod":false,"is_daily":false,"chose_seed":false,"campfire_upgraded":3,"win_rate":0,"timestamp":1550334295,"path_taken":["M","?","?","$","?","R","E","R","T","R","?","M","E","M","R","BOSS","M","M"],"build_version":"2019-01-23","purchased_purges":0,"victory":false,"max_hp_per_floor":[68,68,68,68,68,68,68,68,68,68,68,68,68,68,68,68,68,68,68],"card_choices":[{"not_picked":["Blizzard","Hologram","Fusion"],"picked":"SKIP","floor":1},{"not_picked":["Scrape","Reprogram"],"picked":"Conserve Battery","floor":5},{"not_picked":["Redo","Sunder"],"picked":"Go for the Eyes","floor":7},{"not_picked":["Reinforced Body","Genetic Algorithm","Redo"],"picked":"SKIP","floor":12},{"not_picked":["All For One","Leap"],"picked":"Echo Form","floor":13},{"not_picked":["Genetic Algorithm","Streamline"],"picked":"Glacier","floor":14},{"not_picked":["Barrage","Steam Power"],"picked":"Defragment","floor":18}],"player_experience":393259,"relics_obtained":[{"floor":7,"key":"Sundial"},{"floor":9,"key":"Juzu Bracelet"},{"floor":11,"key":"Ancient Tea Set"},{"floor":13,"key":"Tiny Chest"}],"event_choices":[{"damage_healed":0,"gold_gain":0,"player_choice":"Entered Light","damage_taken":14,"max_hp_gain":0,"max_hp_loss":0,"event_name":"Shining Light","floor":2,"gold_loss":0,"cards_upgraded":["Zap","Strike_B"]},{"cards_removed":["Strike_B"],"damage_healed":0,"gold_gain":0,"player_choice":"Offered Basic","damage_taken":0,"max_hp_gain":0,"max_hp_loss":0,"event_name":"Bonfire Elementals","floor":3,"gold_loss":0}],"is_beta":false,"boss_relics":[{"not_picked":["Nuclear Battery","Eternal Feather"],"picked":"Philosopher\u0027s Stone"}],"items_purged_floors":[],"is_endless":false,"potions_floor_spawned":[1,7,12,16,18],"killed_by":"3 Byrds","ascension_level":10}