{"gold_per_floor":[117,127,77,77,96,124,124,140,140,140,140,140,155,2,2,2],"floor_reached":16,"playtime":311,"items_purged":["Strike_R"],"score":100,"play_id":"93b3a4f0-ee11-4b97-b9fd-ba6adb5ef29e","local_time":"20190208103558","is_ascension_mode":false,"campfire_choices":[{"data":"True Grit","floor":7,"key":"SMITH"},{"data":"Impervious","floor":10,"key":"SMITH"},{"data":"Clothesline","floor":12,"key":"SMITH"},{"data":"Bash","floor":15,"key":"SMITH"}],"neow_cost":"NONE","seed_source_timestamp":1851452027227551,"circlet_count":0,"master_deck":["Strike_R","Strike_R","Defend_R","Defend_R","Defend_R","Defend_R","Bash+1","True Grit+1","Clothesline+1","Headbutt","Dropkick","Impervious+1","Rage","Whirlwind+1"],"relics":["Philosopher\u0027s Stone","Centennial Puzzle","Molten Egg 2"],"potions_floor_usage":[],"damage_taken":[{"damage":1,"enemies":"2 Louse","floor":1,"turns":3},{"damage":0,"enemies":"Small Slimes","floor":2,"turns":3},{"damage":5,"enemies":"Jaw Worm","floor":5,"turns":2},{"damage":13,"enemies":"Lagavulin","floor":6,"turns":6},{"damage":7,"enemies":"Exordium Wildlife","floor":8,"turns":3},{"damage":8,"enemies":"Large Slime","floor":13,"turns":4},{"damage":0,"enemies":"Hexaghost","floor":16,"turns":1}],"seed_played":"-1303312142107910889","potions_obtained":[{"floor":2,"key":"Regen Potion"},{"floor":5,"key":"GamblersBrew"},{"floor":8,"key":"FearPotion"}],"is_trial":false,"path_per_floor":["M","M","?","?","M","E","R","M","T","R","?","R","M","$","R","B"],"character_chosen":"IRONCLAD","items_purchased":["Whirlwind+1"],"campfire_rested":0,"item_purchase_floors":[14],"current_hp_per_floor":[79,79,79,84,79,66,66,59,59,59,52,52,44,44,44,44],"gold":2,"neow_bonus":"BOSS_RELIC","is_prod":false,"is_daily":false,"chose_seed":false,"campfire_upgraded":4,"win_rate":0,"timestamp":1549640158,"path_taken":["M","M","?","?","M","E","R","M","T","R","?","R","M","$","R","BOSS"],"build_version":"2019-01-23","purchased_purges":1,"victory":false,"max_hp_per_floor":[80,80,80,85,85,85,85,85,85,85,85,85,85,85,85,85],"card_choices":[{"not_picked":["Wild Strike","Evolve"],"picked":"True Grit","floor":1},{"not_picked":["Burning Pact","Headbutt"],"picked":"Clothesline","floor":2},{"not_picked":["Corruption","Clash"],"picked":"Headbutt","floor":5},{"not_picked":["Anger","Dual Wield"],"picked":"Dropkick","floor":6},{"not_picked":["Heavy Blade","Blood for Blood"],"picked":"Impervious","floor":8},{"not_picked":["Sword Boomerang+1","Cleave+1"],"picked":"Rage","floor":13}],"player_experience":700974,"relics_obtained":[{"floor":6,"key":"Centennial Puzzle"},{"floor":9,"key":"Molten Egg 2"}],"event_choices":[{"cards_removed":["Strike_R"],"damage_healed":0,"gold_gain":0,"player_choice":"Card Removal","damage_taken":0,"max_hp_gain":0,"max_hp_loss":0,"event_name":"The Cleric","floor":3,"gold_loss":50},{"damage_healed":0,"gold_gain":0,"player_choice":"Donut","damage_taken":0,"max_hp_gain":5,"max_hp_loss":0,"event_name":"Big Fish","floor":4,"gold_loss":0},{"cards_removed":["Strike_R"],"damage_healed":0,"gold_gain":0,"player_choice":"Card Removal","damage_taken":7,"max_hp_gain":0,"max_hp_loss":0,"event_name":"Golden Wing","floor":11,"gold_loss":0}],"is_beta":false,"boss_relics":[],"items_purged_floors":[14],"is_endless":false,"potions_floor_spawned":[2,5,8,13],"killed_by":"Hexaghost","ascension_level":0}