{"gold_per_floor":[109,128,146,45,120,120,148,148,171,185,204,223,223,50,50,152,202,213,231,75,75,92,92,92,92,92,107,123,141,6,6],"floor_reached":31,"playtime":2105,"items_purged":["Strike_B","Strike_B","Strike_B","Strike_B"],"score":241,"play_id":"1ceb7db6-67ed-41ce-9b7c-d5fbb1d5fe76","local_time":"20181013190943","is_ascension_mode":false,"campfire_choices":[{"data":"Chaos","floor":6,"key":"SMITH"},{"data":"Static Discharge","floor":8,"key":"SMITH"},{"floor":15,"key":"REST"},{"data":"Rainbow","floor":23,"key":"SMITH"}],"neow_cost":"","seed_source_timestamp":355168450538116,"circlet_count":0,"master_deck":["Defend_B","Defend_B","Defend_B","Defend_B","Zap","Dualcast","Chaos+1","Melter+1","Static Discharge+1","Hologram","Blizzard","Hologram+1","Coolheaded","Go for the Eyes","Capacitor","Redo","Rainbow+1","Coolheaded","Chaos+1","Defragment+1","Blizzard","Static Discharge","Coolheaded","Electrodynamics","Chaos+1","Redo","Loop"],"relics":["Cracked Core","Smiling Mask","Centennial Puzzle","Tiny House","Bottled Flame"],"potions_floor_usage":[10,16,22,24,27,27,27,27,27,31],"damage_taken":[{"damage":0,"enemies":"2 Louse","floor":1,"turns":2},{"damage":4,"enemies":"Jaw Worm","floor":2,"turns":3},{"damage":1,"enemies":"Cultist","floor":3,"turns":3},{"damage":35,"enemies":"Gremlin Nob","floor":7,"turns":5},{"damage":4,"enemies":"3 Louse","floor":10,"turns":2},{"damage":3,"enemies":"Red Slaver","floor":11,"turns":3},{"damage":15,"enemies":"Exordium Thugs","floor":12,"turns":3},{"damage":13,"enemies":"Hexaghost","floor":16,"turns":10},{"damage":30,"enemies":"3 Byrds","floor":18,"turns":4},{"damage":20,"enemies":"2 Thieves","floor":19,"turns":4},{"damage":0,"enemies":"Snecko","floor":22,"turns":6},{"damage":13,"enemies":"Centurion and Healer","floor":24,"turns":2},{"damage":1,"enemies":"Chosen and Byrds","floor":27,"turns":4},{"damage":10,"enemies":"Cultist and Chosen","floor":28,"turns":7},{"damage":0,"enemies":"Sentry and Sphere","floor":29,"turns":5},{"damage":20,"enemies":"Snake Plant","floor":31,"turns":2}],"seed_played":"-3044635979410777139","potions_obtained":[{"floor":1,"key":"SmokeBomb"},{"floor":3,"key":"Fire Potion"},{"floor":7,"key":"Ancient Potion"},{"floor":12,"key":"Regen Potion"},{"floor":17,"key":"Regen Potion"},{"floor":19,"key":"EntropicBrew"},{"floor":22,"key":"Explosive Potion"}],"is_trial":false,"path_per_floor":["M","M","M","$","?","R","E","R","T","M","M","M","?","$","R","B",null,"M","M","$","?","M","R","M","?","T","M","M","M","$"],"character_chosen":"DEFECT","items_purchased":["Hologram","Capacitor","Redo","Blizzard","Static Discharge","Loop","PowerPotion"],"campfire_rested":1,"item_purchase_floors":[4,14,14,20,20,30,30],"current_hp_per_floor":[75,71,70,70,59,59,24,24,24,20,17,2,2,2,24,26,80,50,30,30,15,30,30,17,17,17,28,18,18,18,0],"gold":6,"neow_bonus":"","is_prod":false,"is_daily":false,"chose_seed":false,"campfire_upgraded":3,"win_rate":0.0,"timestamp":1539472183,"path_taken":["M","M","M","$","?","R","E","R","T","M","M","M","?","$","R","BOSS","M","?","$","?","?","R","M","?","T","M","?","M","?","M"],"build_version":"2018-10-11","purchased_purges":4,"victory":false,"max_hp_per_floor":[75,75,75,75,75,75,75,75,75,75,75,75,75,75,75,75,80,80,80,80,85,85,85,85,85,85,85,85,85,85,85],"card_choices":[{"not_picked":["Reprogram","BootSequence"],"picked":"Chaos","floor":1},{"not_picked":["White Noise","Streamline"],"picked":"Melter","floor":2},{"not_picked":["Compile Driver","Force Field"],"picked":"Static Discharge","floor":3},{"not_picked":["Steam Power","Reinforced Body"],"picked":"Blizzard","floor":7},{"not_picked":["Stack","Darkness"],"picked":"Hologram","floor":10},{"not_picked":["Aggregate","Cold Snap"],"picked":"Coolheaded","floor":11},{"not_picked":["Streamline","Stack"],"picked":"Go for the Eyes","floor":12},{"not_picked":["Fission","Multi-Cast"],"picked":"Rainbow","floor":16},{"not_picked":["Tempest","Go for the Eyes"],"picked":"Coolheaded","floor":17},{"not_picked":["Ball Lightning","Gash"],"picked":"Chaos+1","floor":18},{"not_picked":["Loop","Aggregate"],"picked":"Defragment+1","floor":19},{"not_picked":["Hologram","Heatsinks"],"picked":"Coolheaded","floor":22},{"not_picked":["Leap","Blizzard"],"picked":"Electrodynamics","floor":27},{"not_picked":["Go for the Eyes","Stack"],"picked":"Chaos+1","floor":28},{"not_picked":["Streamline","Sweeping Beam"],"picked":"Redo","floor":29}],"player_experience":137574,"relics_obtained":[{"floor":7,"key":"Smiling Mask"},{"floor":9,"key":"Centennial Puzzle"},{"floor":26,"key":"Bottled Flame"}],"event_choices":[{"event_name":"World of Goop","player_choice":"Gather Gold","floor":5,"damage_taken":0},{"event_name":"Upgrade Shrine","player_choice":"Upgraded","floor":13,"damage_taken":0},{"event_name":"Forgotten Altar","player_choice":"Shed Blood","floor":21,"damage_taken":0},{"event_name":"The Mausoleum","player_choice":"No","floor":25,"damage_taken":0}],"is_beta":false,"boss_relics":[{"not_picked":["Busted Crown","Philosopher\u0027s Stone"],"picked":"Tiny House"}],"items_purged_floors":[4,14,20,30],"is_endless":false,"potions_floor_spawned":[1,3,7,12,19,22],"killed_by":"Snake Plant","ascension_level":0}