{"gold_per_floor":[111,128,144,124,143,173,173,203,215,227,256,268,294,323,335,421,433,461,492,504,516,22,49,49,49],"floor_reached":25,"playtime":1500,"items_purged":[],"score":524,"play_id":"a07aee73-9524-42c2-a8ed-c3a6680ca00d","local_time":"20190128194839","is_ascension_mode":true,"campfire_choices":[{"floor":7.0,"key":"REST"},{"floor":10.0,"key":"REST"},{"data":"Defragment","floor":12.0,"key":"SMITH"},{"data":"Sunder","floor":15.0,"key":"SMITH"},{"floor":24,"key":"RECALL"}],"neow_cost":"TEN_PERCENT_HP_LOSS","seed_source_timestamp":382568694320215,"circlet_count":0,"master_deck":["AscendersBane","Strike_B","Strike_B","Strike_B","Strike_B","Defend_B","Defend_B","Zap","Dualcast","Defragment+1","Echo Form","Beam Cell","Cold Snap","White Noise","Capacitor","Sunder+1","Chill","Coolheaded","Self Repair","Storm","Rainbow","Conserve Battery","Gash","Ghostly","Ghostly","Ghostly","Skim","Mayhem","Multi-Cast","Steam+1"],"special_seed":0,"relics":["Cracked Core","Smiling Mask","MawBank","Happy Flower","Fusion Hammer","Bag of Preparation","Mummified Hand"],"potions_floor_usage":[],"damage_taken":[{"damage":6.0,"enemies":"Cultist","floor":1.0,"turns":3.0},{"damage":14.0,"enemies":"Jaw Worm","floor":2.0,"turns":4.0},{"damage":4.0,"enemies":"2 Louse","floor":3.0,"turns":2.0},{"damage":7.0,"enemies":"Blue Slaver","floor":5.0,"turns":3.0},{"damage":28.0,"enemies":"Gremlin Nob","floor":6.0,"turns":4.0},{"damage":11.0,"enemies":"Lagavulin","floor":8.0,"turns":7.0},{"damage":6.0,"enemies":"2 Fungi Beasts","floor":11.0,"turns":4.0},{"damage":12.0,"enemies":"3 Louse","floor":13.0,"turns":4.0},{"damage":2.0,"enemies":"Red Slaver","floor":14.0,"turns":4.0},{"damage":0.0,"enemies":"Slime Boss","floor":16.0,"turns":7.0},{"damage":30.0,"enemies":"2 Thieves","floor":18.0,"turns":3.0},{"damage":7.0,"enemies":"Spheric Guardian","floor":19.0,"turns":4.0},{"damage":24,"enemies":"Gremlin Leader","floor":23,"turns":9},{"damage":21,"enemies":"Slavers","floor":25,"turns":1}],"seed_played":"-6369769625362933201","potions_obtained":[{"floor":2.0,"key":"LiquidBronze"},{"floor":4.0,"key":"Strength Potion"},{"floor":5.0,"key":"PowerPotion"},{"floor":8.0,"key":"Energy Potion"},{"floor":18.0,"key":"SpeedPotion"}],"is_trial":false,"path_per_floor":["M","M","M","?","M","E","R","E","T","R","M","R","M","M","R","B",null,"M","M","?","?","$","E","R","E"],"character_chosen":"DEFECT","items_purchased":["Bag of Preparation","Mayhem","Multi-Cast"],"campfire_rested":2,"item_purchase_floors":[22,22,22],"current_hp_per_floor":[58,44,40,40,33,5,24,13,13,32,26,26,14,19,19,26,55,32,32,32,32,32,15,15,0],"gold":49,"neow_bonus":"TRANSFORM_TWO_CARDS","is_prod":false,"is_daily":false,"chose_seed":false,"campfire_upgraded":2,"win_rate":0,"timestamp":1548701319,"path_taken":["M","M","?","?","M","E","R","E","T","R","M","R","M","?","R","BOSS","M","?","?","?","?","E","R","E"],"build_version":"2019-01-23","purchased_purges":0,"victory":false,"max_hp_per_floor":[64,64,64,64,64,64,64,64,64,64,64,64,64,64,64,64,64,64,64,32,32,32,32,32,32],"card_choices":[{"not_picked":["Sweeping Beam","Barrage"],"picked":"Beam Cell","floor":1.0},{"not_picked":["Self Repair","Steam"],"picked":"Cold Snap","floor":2.0},{"not_picked":["Force Field","Darkness"],"picked":"White Noise","floor":3.0},{"not_picked":["Compile Driver","Leap"],"picked":"Capacitor","floor":5.0},{"not_picked":["Rebound","Hologram"],"picked":"Sunder","floor":6.0},{"not_picked":["Stack","Turbo"],"picked":"Chill","floor":8.0},{"not_picked":["Rebound","Hologram"],"picked":"Coolheaded","floor":11.0},{"not_picked":["Compile Driver","Reprogram"],"picked":"Self Repair","floor":13.0},{"not_picked":["Self Repair","Cold Snap"],"picked":"Storm","floor":14.0},{"not_picked":["Hyperbeam","Core Surge"],"picked":"Rainbow","floor":16.0},{"not_picked":["Rebound","Streamline"],"picked":"Conserve Battery","floor":18.0},{"not_picked":["Heatsinks","Rebound"],"picked":"Gash","floor":19.0},{"not_picked":["Ball Lightning","Turbo"],"picked":"Steam+1","floor":23}],"player_experience":627751,"relics_obtained":[{"floor":6.0,"key":"Smiling Mask"},{"floor":8.0,"key":"MawBank"},{"floor":9.0,"key":"Happy Flower"},{"floor":23,"key":"Mummified Hand"}],"event_choices":[{"damage_healed":0.0,"max_hp_gain":0.0,"max_hp_loss":0.0,"gold_gain":0.0,"event_name":"The Woman in Blue","player_choice":"Bought 1 Potion","floor":4.0,"gold_loss":0.0,"damage_taken":0.0},{"damage_healed":0.0,"max_hp_gain":0.0,"max_hp_loss":32.0,"gold_gain":0.0,"event_name":"Ghosts","player_choice":"Became a Ghost","floor":20.0,"gold_loss":0.0,"damage_taken":0.0,"cards_obtained":["Ghostly","Ghostly","Ghostly"]},{"damage_healed":0.0,"max_hp_gain":0.0,"max_hp_loss":0.0,"gold_gain":0.0,"event_name":"The Library","player_choice":"Read","floor":21.0,"gold_loss":0.0,"damage_taken":0.0,"cards_obtained":["Skim"]}],"is_beta":false,"boss_relics":[{"not_picked":["Runic Dome","Busted Crown"],"picked":"Fusion Hammer"}],"items_purged_floors":[],"is_endless":false,"potions_floor_spawned":[2,5,6,8,11,18],"killed_by":"Slavers","ascension_level":17}