{"gold_per_floor":[219,237,255,275,30,55,78,78,155,186,217,229,241,266,278,389,401,424,454,485,510,533,572,584,626,663,690,717,34,34,34,34,130,130,148,158,158,158,158,158,192,210,210,241,256,256,256,256,256,256,256,256,10,39,39],"floor_reached":55,"playtime":4920,"items_purged":[],"score":934,"play_id":"85c0eda5-85c8-4dc0-ae47-4867938af8c3","local_time":"20190305183603","is_ascension_mode":true,"campfire_choices":[{"data":"Reinforced Body","floor":8.0,"key":"SMITH"},{"data":"Go for the Eyes","floor":12.0,"key":"SMITH"},{"data":"Sweeping Beam","floor":15.0,"key":"SMITH"},{"floor":24.0,"key":"REST"},{"floor":30.0,"key":"REST"},{"data":"Streamline","floor":32.0,"key":"SMITH"},{"floor":40.0,"key":"RECALL"},{"floor":46.0,"key":"REST"},{"data":"Blind","floor":49.0,"key":"SMITH"},{"data":"Sadistic Nature","floor":52.0,"key":"SMITH"}],"neow_cost":"NONE","seed_source_timestamp":185938524887900,"circlet_count":0,"master_deck":["Zap+1","Dualcast+1","BootSequence+1","Go for the Eyes+1","Sweeping Beam+1","Reinforced Body+1","Scrape+1","Chaos+1","Cold Snap+1","Beam Cell+1","Rebound+1","Core Surge+1","Conserve Battery+1","Leap+1","Conserve Battery+1","Barrage+1","Steam+1","Cold Snap+1","Rip and Tear+1","Streamline+1","Stack+1","Panache+1","Go for the Eyes+1","Steam Power+1","Storm+1","All For One+1","Capacitor+1","Thunder Strike+1","Static Discharge+1","Rainbow+1","Footwork+1","Sadistic Nature+1","Blind+1","Parasite","Glacier+1","Footwork+1","Cloak And Dagger+1"],"special_seed":0,"relics":["Cracked Core","Mercury Hourglass","Torii","Odd Mushroom","Kunai","MawBank","Shuriken","Runic Pyramid","Gambling Chip","Dodecahedron","Meat on the Bone","Pear","PrismaticShard","Bottled Lightning","Pandora\u0027s Box","Mark of the Bloom","Orichalcum","Pen Nib","Letter Opener","Oddly Smooth Stone","Symbiotic Virus","Sundial"],"potions_floor_usage":[55],"damage_taken":[{"damage":1.0,"enemies":"Cultist","floor":1.0,"turns":3.0},{"damage":0.0,"enemies":"Jaw Worm","floor":2.0,"turns":2.0},{"damage":0.0,"enemies":"Small Slimes","floor":3.0,"turns":4.0},{"damage":8.0,"enemies":"Blue Slaver","floor":4.0,"turns":4.0},{"damage":6.0,"enemies":"3 Sentries","floor":6.0,"turns":6.0},{"damage":1.0,"enemies":"The Mushroom Lair","floor":7.0,"turns":3.0},{"damage":13.0,"enemies":"Lagavulin","floor":10.0,"turns":5.0},{"damage":0.0,"enemies":"2 Fungi Beasts","floor":11.0,"turns":2.0},{"damage":0.0,"enemies":"Lots of Slimes","floor":14.0,"turns":2.0},{"damage":0.0,"enemies":"Slime Boss","floor":16.0,"turns":5.0},{"damage":2.0,"enemies":"Shell Parasite","floor":18.0,"turns":5.0},{"damage":1.0,"enemies":"Chosen","floor":19.0,"turns":4.0},{"damage":1.0,"enemies":"Centurion and Healer","floor":20.0,"turns":5.0},{"damage":1.0,"enemies":"Snecko","floor":21.0,"turns":6.0},{"damage":23.0,"enemies":"3 Cultists","floor":22.0,"turns":7.0},{"damage":36.0,"enemies":"Gremlin Leader","floor":23.0,"turns":6.0},{"damage":1.0,"enemies":"Book of Stabbing","floor":25.0,"turns":7.0},{"damage":0.0,"enemies":"Cultist and Chosen","floor":27.0,"turns":5.0},{"damage":1.0,"enemies":"Snake Plant","floor":28.0,"turns":5.0},{"damage":33.0,"enemies":"Automaton","floor":33.0,"turns":13.0},{"damage":1.0,"enemies":"Orb Walker","floor":35.0,"turns":3.0},{"damage":0.0,"enemies":"3 Shapes","floor":36.0,"turns":5.0},{"damage":0.0,"enemies":"Reptomancer","floor":41.0,"turns":5.0},{"damage":15.0,"enemies":"Writhing Mass","floor":42.0,"turns":5.0},{"damage":2.0,"enemies":"Giant Head","floor":44.0,"turns":7.0},{"damage":18.0,"enemies":"Sphere and 2 Shapes","floor":45.0,"turns":4.0},{"damage":16.0,"enemies":"Awakened One","floor":50.0,"turns":11.0},{"damage":29,"enemies":"Shield and Spear","floor":54,"turns":5},{"damage":40,"enemies":"The Heart","floor":55,"turns":2}],"seed_played":"-8492238745491450219","potions_obtained":[{"floor":6.0,"key":"Weak Potion"},{"floor":11.0,"key":"Swift Potion"},{"floor":14.0,"key":"PowerPotion"},{"floor":16.0,"key":"Regen Potion"},{"floor":19.0,"key":"PowerPotion"},{"floor":22.0,"key":"FairyPotion"},{"floor":23.0,"key":"EssenceOfSteel"},{"floor":25.0,"key":"SkillPotion"},{"floor":36.0,"key":"FocusPotion"},{"floor":44.0,"key":"Weak Potion"}],"is_trial":false,"path_per_floor":["M","M","M","M","$","E","?","R","T","E","M","R","T","M","R","B",null,"M","M","M","M","M","E","R","E","T","M","M","$","R","T","R","B",null,"M","M","?","$","?","R","E","M","T","E","M","R","T","?","R","B",null,"R","$","E","B"],"character_chosen":"DEFECT","items_purchased":["Mercury Hourglass","Meat on the Bone","Pear","PrismaticShard","Symbiotic Virus"],"campfire_rested":3,"item_purchase_floors":[5,29,29,29,53],"current_hp_per_floor":[74,74,74,66,66,60,59,59,59,46,46,46,46,46,46,46,75,73,72,71,70,59,23,45,44,44,44,43,53,78,78,78,45,85,84,84,84,84,84,84,84,69,69,67,49,49,49,49,49,33,33,33,33,4,0],"gold":39,"neow_bonus":"HUNDRED_GOLD","is_prod":false,"is_daily":false,"chose_seed":false,"campfire_upgraded":6,"win_rate":0,"timestamp":1551807363,"path_taken":["M","M","M","M","$","E","?","R","T","E","M","R","?","?","R","BOSS","M","?","M","?","M","E","R","E","T","M","M","$","R","?","R","BOSS","M","M","?","$","?","R","E","M","T","E","M","R","?","?","R","BOSS","R","$","E","BOSS"],"build_version":"2019-01-23","purchased_purges":0,"victory":false,"max_hp_per_floor":[75,75,75,75,75,75,75,75,75,75,75,75,75,75,75,75,75,75,75,75,75,75,75,75,75,75,75,75,85,85,85,85,85,85,85,85,85,85,85,85,85,85,85,85,85,85,85,85,85,85,85,85,85,85,85],"card_choices":[{"not_picked":["Ball Lightning","Redo"],"picked":"BootSequence","floor":1.0},{"not_picked":["Steam","Barrage"],"picked":"Go for the Eyes","floor":2.0},{"not_picked":["Rebound","Redo"],"picked":"Sweeping Beam","floor":3.0},{"not_picked":["Conserve Battery","Rip and Tear"],"picked":"Reinforced Body","floor":4.0},{"not_picked":["Amplify","Double Energy"],"picked":"Scrape","floor":6.0},{"not_picked":["Hologram","Genetic Algorithm"],"picked":"Chaos","floor":7.0},{"not_picked":["Lockon","Compile Driver"],"picked":"Cold Snap","floor":10.0},{"not_picked":["Compile Driver","Sweeping Beam"],"picked":"Beam Cell","floor":11.0},{"not_picked":["Recycle","Barrage"],"picked":"Rebound","floor":14.0},{"not_picked":["Seek","Buffer"],"picked":"Core Surge","floor":16.0},{"not_picked":["Reinforced Body","Beam Cell"],"picked":"Conserve Battery","floor":18.0},{"not_picked":["Turbo+1","Redo+1"],"picked":"Leap+1","floor":19.0},{"not_picked":["Lockon","FTL"],"picked":"Conserve Battery+1","floor":20.0},{"not_picked":["Storm+1","Turbo"],"picked":"Barrage","floor":21.0},{"not_picked":["Coolheaded+1","Barrage"],"picked":"Steam+1","floor":22.0},{"not_picked":["Genetic Algorithm+1","Capacitor"],"picked":"Cold Snap","floor":23.0},{"not_picked":["Barrage","Genetic Algorithm"],"picked":"Rip and Tear","floor":25.0},{"not_picked":["Turbo","Auto Shields"],"picked":"Streamline","floor":27.0},{"not_picked":["Steam","Barrage"],"picked":"Stack","floor":28.0},{"not_picked":["Echo Form","Electrodynamics"],"picked":"Panache","floor":33.0},{"not_picked":["Outmaneuver","Impatience","Iron Wave"],"picked":"SKIP","floor":35.0},{"not_picked":["Iron Wave+1","Clothesline+1"],"picked":"Footwork+1","floor":36.0},{"not_picked":["Mind Blast","Purity"],"picked":"Sadistic Nature","floor":39.0},{"not_picked":["Cleave","PiercingWail"],"picked":"Blind","floor":41.0},{"not_picked":["Clothesline","True Grit+1","Gash"],"picked":"SKIP","floor":42.0},{"not_picked":["Doom and Gloom","Thunderclap"],"picked":"Glacier+1","floor":44.0},{"not_picked":["Anger+1","Coolheaded+1","Well Laid Plans+1"],"picked":"SKIP","floor":45.0},{"not_picked":["Barrage","Multi-Cast"],"picked":"Cloak And Dagger+1","floor":54}],"player_experience":534634,"relics_obtained":[{"floor":6.0,"key":"Torii"},{"floor":7.0,"key":"Odd Mushroom"},{"floor":9.0,"key":"Kunai"},{"floor":10.0,"key":"MawBank"},{"floor":13.0,"key":"Shuriken"},{"floor":23.0,"key":"Gambling Chip"},{"floor":25.0,"key":"Dodecahedron"},{"floor":31.0,"key":"Bottled Lightning"},{"floor":41.0,"key":"Orichalcum"},{"floor":43.0,"key":"Pen Nib"},{"floor":44.0,"key":"Letter Opener"},{"floor":47.0,"key":"Oddly Smooth Stone"},{"floor":54,"key":"Sundial"}],"event_choices":[{"damage_healed":0.0,"max_hp_gain":0.0,"max_hp_loss":0.0,"gold_gain":0.0,"event_name":"Mushrooms","player_choice":"Fought Mushrooms","floor":7.0,"gold_loss":0.0,"damage_taken":0.0},{"damage_healed":0.0,"max_hp_gain":0.0,"max_hp_loss":0.0,"gold_gain":0.0,"event_name":"MindBloom","player_choice":"Upgrade","floor":37.0,"gold_loss":0.0,"damage_taken":0.0,"cards_upgraded":["Zap","Dualcast","BootSequence","Scrape","Chaos","Cold Snap","Beam Cell","Rebound","Core Surge","Conserve Battery","Barrage","Cold Snap","Rip and Tear","Stack","Panache","Go for the Eyes","Steam Power","Storm","All For One","Capacitor","Thunder Strike","Static Discharge","Rainbow"],"relics_obtained":["Mark of the Bloom"]},{"damage_healed":0.0,"max_hp_gain":0.0,"max_hp_loss":0.0,"gold_gain":0.0,"event_name":"SensoryStone","player_choice":"Memory 1","floor":39.0,"gold_loss":0.0,"damage_taken":0.0},{"damage_healed":0.0,"max_hp_gain":0.0,"max_hp_loss":0.0,"gold_gain":0.0,"event_name":"Duplicator","player_choice":"Copied","floor":48.0,"gold_loss":0.0,"damage_taken":0.0,"cards_obtained":["Footwork"]}],"is_beta":false,"boss_relics":[{"not_picked":["Velvet Choker","Philosopher\u0027s Stone"],"picked":"Runic Pyramid"},{"not_picked":["Calling Bell","Snecko Eye"],"picked":"Pandora\u0027s Box"}],"items_purged_floors":[],"is_endless":false,"potions_floor_spawned":[6,11,14,16,19,20,22,23,25,35,36,44],"killed_by":"The Heart","ascension_level":2}