{"gold_per_floor":[119,119,119,142,156,156,187,187,210,249,249,272,272,37,37,131,131,151,5,26,46,46,46],"floor_reached":23,"playtime":994,"items_purged":["Defend_B"],"score":325,"play_id":"900b64f3-d571-442f-b4e3-e7dc2ceb7bed","local_time":"20190201204016","is_ascension_mode":true,"campfire_choices":[{"data":"Zap","floor":6,"key":"SMITH"},{"floor":8,"key":"REST"},{"data":"Redo","floor":13,"key":"SMITH"},{"data":"Darkness","floor":15,"key":"SMITH"}],"neow_cost":"PERCENT_DAMAGE","seed_source_timestamp":1282153910368431,"circlet_count":0,"master_deck":["AscendersBane","Defend_B","Defend_B","Defend_B","Zap+1","Dualcast","Sweeping Beam","Seek","Genetic Algorithm","Coolheaded","Cold Snap","Redo+1","Doom and Gloom","Darkness+1","Echo Form","Coolheaded+1","Conserve Battery"],"relics":["Cracked Core","Golden Idol","Potion Belt","Strawberry","Pantograph","Lantern","Inserter","Orichalcum"],"potions_floor_usage":[7,10,16,23,23,23,23],"damage_taken":[{"damage":2,"enemies":"Jaw Worm","floor":1,"turns":5},{"damage":0,"enemies":"2 Louse","floor":4,"turns":3},{"damage":0,"enemies":"Cultist","floor":5,"turns":4},{"damage":26,"enemies":"Lagavulin","floor":7,"turns":9},{"damage":27,"enemies":"Gremlin Nob","floor":10,"turns":5},{"damage":11,"enemies":"Hexaghost","floor":16,"turns":6},{"damage":25,"enemies":"2 Thieves","floor":18,"turns":5},{"damage":20,"enemies":"Spheric Guardian","floor":20,"turns":4},{"damage":1,"enemies":"Snake Plant","floor":21,"turns":4},{"damage":18,"enemies":"Gremlin Leader","floor":23,"turns":4}],"seed_played":"3886891437367393151","potions_obtained":[{"floor":4,"key":"SkillPotion"},{"floor":5,"key":"FearPotion"},{"floor":10,"key":"Fire Potion"},{"floor":20,"key":"FearPotion"},{"floor":21,"key":"Poison Potion"},{"floor":22,"key":"Dexterity Potion"},{"floor":22,"key":"GamblersBrew"}],"is_trial":false,"path_per_floor":["M","?","?","M","M","R","E","R","T","E","?","T","R","$","R","B",null,"M","$","M","M","?","E"],"character_chosen":"DEFECT","items_purchased":["PowerPotion","Doom and Gloom","Darkness","Orichalcum"],"campfire_rested":1,"item_purchase_floors":[14,14,14,19],"current_hp_per_floor":[48,48,48,48,48,48,22,42,49,22,15,15,15,15,15,29,64,39,39,19,18,18,0],"gold":46,"neow_bonus":"REMOVE_TWO","is_prod":false,"is_daily":false,"chose_seed":false,"campfire_upgraded":3,"win_rate":0,"timestamp":1549071616,"path_taken":["M","?","?","M","M","R","E","R","T","E","?","?","R","$","R","BOSS","M","$","M","?","?","E"],"build_version":"2019-01-23","purchased_purges":1,"victory":false,"max_hp_per_floor":[75,69,69,69,69,69,69,69,76,76,76,76,76,76,76,76,76,76,76,76,76,76,76],"card_choices":[{"not_picked":["Reinforced Body","Aggregate"],"picked":"Sweeping Beam","floor":1},{"not_picked":["Aggregate","Redo"],"picked":"Genetic Algorithm","floor":4},{"not_picked":["Reprogram","Redo"],"picked":"Coolheaded","floor":5},{"not_picked":["Beam Cell","Lockon"],"picked":"Cold Snap","floor":7},{"not_picked":["Tempest","Rip and Tear"],"picked":"Redo","floor":10},{"not_picked":["Thunder Strike","Machine Learning"],"picked":"Echo Form","floor":16},{"not_picked":["Rip and Tear+1","Cold Snap","Rebound"],"picked":"SKIP","floor":18},{"not_picked":["Auto Shields","Sweeping Beam"],"picked":"Coolheaded+1","floor":20},{"not_picked":["Compile Driver","Turbo"],"picked":"Conserve Battery","floor":21}],"player_experience":633380,"relics_obtained":[{"floor":7,"key":"Potion Belt"},{"floor":9,"key":"Strawberry"},{"floor":10,"key":"Pantograph"},{"floor":12,"key":"Lantern"}],"event_choices":[{"damage_healed":0,"gold_gain":0,"player_choice":"Lose Max HP","damage_taken":0,"relics_obtained":["Golden Idol"],"max_hp_gain":0,"max_hp_loss":6,"event_name":"Golden Idol","floor":2,"gold_loss":0},{"damage_healed":0,"gold_gain":0,"cards_transformed":["Strike_B"],"player_choice":"Change","damage_taken":0,"max_hp_gain":0,"max_hp_loss":0,"event_name":"Living Wall","floor":3,"gold_loss":0,"cards_obtained":["Seek"]},{"cards_removed":["Strike_B"],"damage_healed":0,"gold_gain":0,"player_choice":"Card Removal","damage_taken":7,"max_hp_gain":0,"max_hp_loss":0,"event_name":"Golden Wing","floor":11,"gold_loss":0},{"damage_healed":0,"gold_gain":0,"player_choice":"Got Potions","damage_taken":0,"max_hp_gain":0,"max_hp_loss":0,"event_name":"Lab","floor":22,"gold_loss":0}],"is_beta":false,"boss_relics":[{"not_picked":["Astrolabe","Nuclear Battery"],"picked":"Inserter"}],"items_purged_floors":[14],"is_endless":false,"potions_floor_spawned":[4,5,10,20,21],"killed_by":"Gremlin Leader","ascension_level":13}