{"gold_per_floor":[18,18,37,37,50,50,82,82,131,143,182,209,234,26,26,125,125,144,144,155,170,189,215,215,215],"floor_reached":25,"playtime":1567,"items_purged":["Strike_B"],"score":439,"play_id":"b5e2deea-42aa-4e87-a3e1-5c5cf82c1db1","local_time":"20190127211504","is_ascension_mode":true,"campfire_choices":[{"data":"Buffer","floor":6,"key":"SMITH"},{"data":"Blizzard","floor":8,"key":"SMITH"},{"data":"Coolheaded","floor":10,"key":"SMITH"},{"floor":15,"key":"REST"},{"data":"Coolheaded","floor":24,"key":"SMITH"}],"neow_cost":"NO_GOLD","seed_source_timestamp":851602437332400,"circlet_count":0,"master_deck":["AscendersBane","Zap","Dualcast","Buffer+1","Blizzard+1","Coolheaded+1","Conserve Battery","Storm","Conserve Battery","Conserve Battery","Coolheaded+1","Sweeping Beam","Machine Learning","Reinforced Body+1","Self Repair+1","Steam Power+1","Sweeping Beam","Thunder Strike","Rip and Tear","Skim"],"relics":["Cracked Core","Happy Flower","MawBank","Nunchaku","PreservedInsect","Astrolabe","Orichalcum"],"potions_floor_usage":[7,11,13,21,23],"damage_taken":[{"damage":0,"enemies":"Cultist","floor":1,"turns":4},{"damage":0,"enemies":"Small Slimes","floor":3,"turns":4},{"damage":7,"enemies":"2 Louse","floor":5,"turns":4},{"damage":26,"enemies":"3 Sentries","floor":7,"turns":9},{"damage":9,"enemies":"Gremlin Nob","floor":11,"turns":5},{"damage":0,"enemies":"Red Slaver","floor":12,"turns":4},{"damage":25,"enemies":"Gremlin Gang","floor":13,"turns":5},{"damage":0,"enemies":"The Guardian","floor":16,"turns":14},{"damage":3,"enemies":"Shell Parasite","floor":18,"turns":9},{"damage":0,"enemies":"Spheric Guardian","floor":20,"turns":7},{"damage":0,"enemies":"Snecko","floor":21,"turns":5},{"damage":15,"enemies":"Centurion and Healer","floor":22,"turns":8},{"damage":43,"enemies":"Gremlin Leader","floor":23,"turns":5},{"damage":49,"enemies":"Chosen and Byrds","floor":25,"turns":6}],"seed_played":"-2702489851342186835","potions_obtained":[{"floor":3,"key":"Block Potion"},{"floor":7,"key":"Strength Potion"},{"floor":11,"key":"SteroidPotion"},{"floor":12,"key":"SneckoOil"},{"floor":21,"key":"AttackPotion"},{"floor":22,"key":"FearPotion"}],"is_trial":false,"path_per_floor":["M","$","M","?","M","R","E","R","T","R","E","M","M","$","R","B",null,"M","?","M","M","M","E","R","M"],"character_chosen":"DEFECT","items_purchased":["PreservedInsect"],"campfire_rested":1,"item_purchase_floors":[14],"current_hp_per_floor":[68,68,68,68,61,61,35,35,35,35,26,26,1,1,23,23,62,69,69,75,75,70,37,37,0],"gold":215,"neow_bonus":"TRANSFORM_TWO_CARDS","is_prod":false,"is_daily":false,"chose_seed":false,"campfire_upgraded":4,"win_rate":0,"timestamp":1548641704,"path_taken":["M","?","M","?","M","R","E","R","T","R","E","?","M","$","R","BOSS","M","?","M","?","M","E","R","M"],"build_version":"2019-01-23","purchased_purges":1,"victory":false,"max_hp_per_floor":[75,75,75,75,75,75,75,75,75,75,75,75,75,75,75,75,75,75,75,75,75,75,75,75,75],"card_choices":[{"not_picked":["Ball Lightning","Cold Snap"],"picked":"Coolheaded","floor":1},{"not_picked":["Hello World","Beam Cell"],"picked":"Conserve Battery","floor":3},{"not_picked":["Steam","Leap"],"picked":"Storm","floor":5},{"not_picked":["Rip and Tear","Steam"],"picked":"Conserve Battery","floor":7},{"not_picked":["Gash","Static Discharge"],"picked":"Conserve Battery","floor":11},{"not_picked":["Streamline","Ball Lightning"],"picked":"Coolheaded","floor":12},{"not_picked":["Turbo","Meteor Strike"],"picked":"Sweeping Beam","floor":13},{"not_picked":["Meteor Strike","Thunder Strike"],"picked":"Machine Learning","floor":16},{"not_picked":["Go for the Eyes","Beam Cell"],"picked":"Sweeping Beam","floor":18},{"not_picked":["Aggregate","Go for the Eyes","Leap+1"],"picked":"SKIP","floor":20},{"not_picked":["Sweeping Beam","Genetic Algorithm"],"picked":"Rip and Tear","floor":21},{"not_picked":["Hello World","Steam Power","Barrage"],"picked":"SKIP","floor":22},{"not_picked":["Thunder Strike","Steam"],"picked":"Skim","floor":23}],"player_experience":507783,"relics_obtained":[{"floor":7,"key":"Happy Flower"},{"floor":9,"key":"MawBank"},{"floor":11,"key":"Nunchaku"},{"floor":23,"key":"Orichalcum"}],"event_choices":[{"cards_removed":["Defend_B"],"damage_healed":0,"gold_gain":0,"player_choice":"Offered Basic","damage_taken":0,"max_hp_gain":0,"max_hp_loss":0,"event_name":"Bonfire Elementals","floor":4,"gold_loss":0},{"damage_healed":0,"gold_gain":0,"cards_transformed":["Defend_B"],"player_choice":"Transformed","damage_taken":0,"max_hp_gain":0,"max_hp_loss":0,"event_name":"Transmorgrifier","floor":19,"gold_loss":0,"cards_obtained":["Thunder Strike"]}],"is_beta":false,"boss_relics":[{"not_picked":["Tiny House","Orrery"],"picked":"Astrolabe"}],"items_purged_floors":[14],"is_endless":false,"potions_floor_spawned":[3,7,11,12,21,22],"killed_by":"Chosen and Byrds","ascension_level":11}