{"gold_per_floor":[366,441,453,332,344,344,344,344,367,396,45,56,56,6,6,103,103,119,169,169],"floor_reached":20,"playtime":550,"items_purged":["Strike_R","Strike_R"],"score":255,"play_id":"34bc6f43-0090-48f1-b45d-fb49aacdc10c","local_time":"20190109123017","is_ascension_mode":true,"campfire_choices":[{"data":"Wild Strike","floor":6,"key":"SMITH"},{"data":"Bash","floor":8,"key":"SMITH"},{"floor":13,"key":"REST"},{"data":"Reckless Charge","floor":15,"key":"SMITH"}],"neow_cost":"TEN_PERCENT_HP_LOSS","seed_source_timestamp":1678033776353415,"circlet_count":0,"master_deck":["AscendersBane","Strike_R","Defend_R","Defend_R","Defend_R","Defend_R","Bash+1","Reckless Charge+1","Wild Strike+1","Brutality","Blood for Blood"],"relics":["Burning Blood","Omamori","Paper Frog","Shuriken","Coffee Dripper"],"potions_floor_usage":[10],"damage_taken":[{"damage":11,"enemies":"Cultist","floor":1,"turns":4},{"damage":14,"enemies":"2 Louse","floor":3,"turns":2},{"damage":12,"enemies":"Small Slimes","floor":5,"turns":4},{"damage":33,"enemies":"3 Sentries","floor":10,"turns":11},{"damage":0,"enemies":"2 Fungi Beasts","floor":12,"turns":3},{"damage":32,"enemies":"The Guardian","floor":16,"turns":9},{"damage":36,"enemies":"2 Thieves","floor":18,"turns":5},{"damage":13,"enemies":"Shell Parasite","floor":20,"turns":3}],"seed_played":"2317182714234651638","potions_obtained":[{"floor":3,"key":"Block Potion"},{"floor":12,"key":"Energy Potion"}],"is_trial":false,"path_per_floor":["M","?","M","$","M","R","?","R","T","E","$","M","R","?","R","B",null,"M","?","M"],"character_chosen":"IRONCLAD","items_purchased":["Wild Strike","Shuriken"],"campfire_rested":1,"item_purchase_floors":[4,11],"current_hp_per_floor":[67,60,52,52,46,46,46,46,46,19,19,25,46,46,46,20,59,29,29,16],"gold":169,"neow_bonus":"TWO_FIFTY_GOLD","is_prod":false,"is_daily":false,"chose_seed":false,"campfire_upgraded":3,"win_rate":0,"timestamp":1547055017,"path_taken":["M","?","M","$","?","R","?","R","T","E","$","M","R","?","R","BOSS","M","?","M"],"build_version":"2019-01-03v4","purchased_purges":2,"victory":false,"max_hp_per_floor":[72,72,72,72,72,72,72,72,72,72,72,72,72,72,72,72,72,72,72,72],"card_choices":[{"not_picked":["Thunderclap","Whirlwind"],"picked":"Reckless Charge","floor":1},{"not_picked":["Rage","Anger","Twin Strike"],"picked":"SKIP","floor":3},{"not_picked":["Flex","Metallicize","Flame Barrier"],"picked":"SKIP","floor":5},{"not_picked":["Searing Blow","Spot Weakness","Blood for Blood"],"picked":"SKIP","floor":10},{"not_picked":["Flex","Metallicize","Spot Weakness"],"picked":"SKIP","floor":12},{"not_picked":["Offering","Juggernaut"],"picked":"Brutality","floor":16},{"not_picked":["Anger","Sword Boomerang"],"picked":"Blood for Blood","floor":18}],"player_experience":360821,"relics_obtained":[{"floor":9,"key":"Omamori"},{"floor":10,"key":"Paper Frog"}],"event_choices":[{"damage_healed":0,"gold_gain":75,"player_choice":"Touch","damage_taken":7,"max_hp_gain":0,"max_hp_loss":0,"event_name":"FaceTrader","floor":2,"gold_loss":0},{"cards_removed":["Strike_R"],"damage_healed":0,"gold_gain":0,"player_choice":"Forget","damage_taken":0,"max_hp_gain":0,"max_hp_loss":0,"event_name":"Living Wall","floor":7,"gold_loss":0},{"cards_removed":["Strike_R"],"damage_healed":0,"gold_gain":0,"player_choice":"Card Removal","damage_taken":0,"max_hp_gain":0,"max_hp_loss":0,"event_name":"The Cleric","floor":14,"gold_loss":50},{"damage_healed":0,"gold_gain":100,"player_choice":"Bet on Murderer","damage_taken":0,"max_hp_gain":0,"max_hp_loss":0,"event_name":"The Joust","floor":19,"gold_loss":50}],"is_beta":false,"boss_relics":[{"not_picked":["Tiny House","Black Blood"],"picked":"Coffee Dripper"}],"items_purged_floors":[4,11],"is_endless":false,"potions_floor_spawned":[3,12],"killed_by":"Shell Parasite","ascension_level":10}