{"gold_per_floor":[313,331,86,96,116,130,130,165,191,191,225,225,240,37,37,136,136,156,255,180,190,190,190,215,215,215,215,225,236,247,247,247,344,344,361,69,69,0,0,0,17,37,84,34,34],"floor_reached":45,"playtime":1612,"items_purged":["Strike_B","Compile Driver","Cold Snap"],"score":465,"play_id":"4856ae1b-01ab-455c-8dec-e2bb9cfbbc39","local_time":"20190105151703","is_ascension_mode":true,"campfire_choices":[{"data":"Zap","floor":7,"key":"SMITH"},{"data":"Dualcast","floor":10,"key":"SMITH"},{"data":"Genetic Algorithm","floor":15,"key":"SMITH"},{"data":"Thunder Strike","floor":23,"key":"SMITH"},{"floor":25,"key":"REST"},{"floor":27,"key":"REST"},{"floor":32,"key":"REST"},{"floor":40,"key":"RECALL"}],"neow_cost":"NO_GOLD","seed_source_timestamp":15555679109863,"circlet_count":0,"master_deck":["Zap+1","Dualcast+1","Ball Lightning","Bandage Up","Electrodynamics","Streamline","Lockon","Conserve Battery","Tempest","Double Energy","Genetic Algorithm+1","Leap","Thunder Strike+1","Beam Cell+1","Echo Form+1","Redo","Rebound","Skim+1","Static Discharge+1","Redo+1","Core Surge","Conserve Battery","Buffer+1","Hello World+1","Multi-Cast","Thunder Strike","White Noise","Rebound","Reinforced Body+1","Madness","Madness","Lockon+1"],"relics":["Cracked Core","Old Coin","Frozen Egg 2","Dream Catcher","Bronze Scales","Lizard Tail","Art of War","Strawberry","MutagenicStrength","Pandora\u0027s Box","TheAbacus","Red Mask","PreservedInsect","Smiling Mask"],"potions_floor_usage":[11,11,13,13,16,30,30,33],"damage_taken":[{"damage":2,"enemies":"2 Louse","floor":1,"turns":3},{"damage":1,"enemies":"Cultist","floor":2,"turns":3},{"damage":1,"enemies":"Jaw Worm","floor":4,"turns":3},{"damage":12,"enemies":"Blue Slaver","floor":5,"turns":2},{"damage":13,"enemies":"3 Louse","floor":6,"turns":2},{"damage":19,"enemies":"Lagavulin","floor":8,"turns":5},{"damage":14,"enemies":"Gremlin Nob","floor":11,"turns":3},{"damage":6,"enemies":"2 Fungi Beasts","floor":13,"turns":2},{"damage":16,"enemies":"Slime Boss","floor":16,"turns":6},{"damage":24,"enemies":"3 Byrds","floor":18,"turns":3},{"damage":5,"enemies":"Chosen","floor":21,"turns":4},{"damage":57,"enemies":"Book of Stabbing","floor":24,"turns":6},{"damage":10,"enemies":"Snecko","floor":28,"turns":4},{"damage":27,"enemies":"3 Cultists","floor":29,"turns":3},{"damage":12,"enemies":"Sentry and Sphere","floor":30,"turns":3},{"damage":61,"enemies":"Collector","floor":33,"turns":9},{"damage":14,"enemies":"3 Shapes","floor":35,"turns":4},{"damage":21,"enemies":"3 Darklings","floor":41,"turns":5},{"damage":16,"enemies":"4 Shapes","floor":42,"turns":2},{"damage":40,"enemies":"Nemesis","floor":45,"turns":2}],"seed_played":"-6025881296117612483","potions_obtained":[{"floor":4,"key":"Explosive Potion"},{"floor":8,"key":"Poison Potion"},{"floor":12,"key":"Regen Potion"},{"floor":12,"key":"EssenceOfSteel"},{"floor":12,"key":"Fruit Juice"},{"floor":16,"key":"Dexterity Potion"},{"floor":24,"key":"EssenceOfSteel"},{"floor":29,"key":"Explosive Potion"},{"floor":35,"key":"SteroidPotion"}],"is_trial":false,"path_per_floor":["M","M","$","M","M","M","R","E","T","R","E","?","M","$","R","B",null,"M","?","?","M","?","R","E","R","T","R","M","M","M","?","R","B",null,"M","$","?","?","?","R","M","M","T","$","E"],"character_chosen":"DEFECT","items_purchased":["Bandage Up","Electrodynamics","Bronze Scales","Leap","TheAbacus"],"campfire_rested":3,"item_purchase_floors":[3,3,14,14,36],"current_hp_per_floor":[73,72,72,71,59,50,50,35,35,35,21,21,25,25,25,13,80,56,56,56,55,55,55,2,26,33,59,53,30,18,18,44,36,87,73,73,62,62,62,62,49,33,33,33,0],"gold":34,"neow_bonus":"ONE_RARE_RELIC","is_prod":false,"is_daily":false,"chose_seed":false,"campfire_upgraded":4,"win_rate":0,"timestamp":1546669023,"path_taken":["M","M","$","M","M","M","R","E","T","R","E","?","?","$","R","BOSS","M","?","?","M","?","R","E","R","T","R","M","M","M","?","R","BOSS","M","$","?","?","?","R","M","M","T","$","E"],"build_version":"2019-01-03v4","purchased_purges":3,"victory":false,"max_hp_per_floor":[75,75,75,75,75,75,75,75,75,75,75,75,80,80,80,80,80,80,80,80,80,80,80,80,80,87,87,87,87,87,87,87,87,87,87,87,87,87,87,87,87,87,87,87,87],"card_choices":[{"not_picked":["Go for the Eyes","Chill"],"picked":"Ball Lightning","floor":1},{"not_picked":["Compile Driver","Beam Cell"],"picked":"Doom and Gloom","floor":2},{"not_picked":["Stack","Sweeping Beam"],"picked":"Streamline","floor":4},{"not_picked":["Rebound","Gash"],"picked":"Lockon","floor":5},{"not_picked":["Stack","Storm"],"picked":"Conserve Battery","floor":6},{"not_picked":["Rebound","Compile Driver"],"picked":"Tempest","floor":8},{"not_picked":["Meteor Strike","Barrage"],"picked":"Double Energy","floor":11},{"not_picked":["Cold Snap","Streamline"],"picked":"Genetic Algorithm","floor":13},{"not_picked":["Rainbow","Electrodynamics+1"],"picked":"Thunder Strike","floor":16},{"not_picked":["Gash","Force Field+1"],"picked":"Cold Snap","floor":18},{"not_picked":["Steam Power","Compile Driver"],"picked":"Beam Cell+1","floor":21},{"not_picked":["Gash+1","Hello World+1"],"picked":"Redo","floor":24},{"not_picked":["Heatsinks+1","Rip and Tear+1"],"picked":"Rebound","floor":25},{"not_picked":["Leap","Go for the Eyes+1"],"picked":"Skim+1","floor":27},{"not_picked":["Chill","Go for the Eyes"],"picked":"Static Discharge+1","floor":28},{"not_picked":["Beam Cell+1","Hello World+1"],"picked":"Redo+1","floor":29},{"not_picked":["Sweeping Beam","Rip and Tear+1"],"picked":"Core Surge","floor":30},{"not_picked":["Loop+1","Redo"],"picked":"Conserve Battery","floor":32},{"not_picked":["Seek","Thunder Strike"],"picked":"Buffer+1","floor":33},{"not_picked":["Compile Driver","Coolheaded"],"picked":"Reinforced Body+1","floor":35},{"not_picked":["Redo","Recycle+1"],"picked":"Lockon+1","floor":41},{"not_picked":["Ball Lightning","Recycle+1","Compile Driver+1"],"picked":"SKIP","floor":42}],"player_experience":111103,"relics_obtained":[{"floor":8,"key":"Frozen Egg 2"},{"floor":11,"key":"Dream Catcher"},{"floor":24,"key":"Art of War"},{"floor":26,"key":"Strawberry"},{"floor":43,"key":"Smiling Mask"}],"event_choices":[{"damage_healed":0,"gold_gain":0,"player_choice":"Got Potions","damage_taken":0,"max_hp_gain":0,"max_hp_loss":0,"event_name":"Lab","floor":12,"gold_loss":0},{"damage_healed":0,"gold_gain":99,"player_choice":"Stole From Cult","damage_taken":0,"max_hp_gain":0,"max_hp_loss":0,"event_name":"Nest","floor":19,"gold_loss":0},{"cards_removed":["Strike_B"],"damage_healed":0,"gold_gain":0,"player_choice":"Gave Gold","damage_taken":0,"max_hp_gain":0,"max_hp_loss":0,"event_name":"Beggar","floor":20,"gold_loss":75},{"damage_healed":0,"gold_gain":0,"player_choice":"Read","damage_taken":0,"max_hp_gain":0,"max_hp_loss":0,"event_name":"The Library","floor":22,"gold_loss":0,"cards_obtained":["Echo Form"]},{"damage_healed":0,"gold_gain":0,"player_choice":"Inject Mutagens","damage_taken":0,"relics_obtained":["MutagenicStrength"],"max_hp_gain":0,"max_hp_loss":0,"event_name":"Drug Dealer","floor":31,"gold_loss":0},{"damage_healed":0,"gold_gain":0,"player_choice":"Embrace Madness","damage_taken":11,"max_hp_gain":0,"max_hp_loss":0,"event_name":"Winding Halls","floor":37,"gold_loss":0,"cards_obtained":["Madness","Madness"]},{"damage_healed":0,"gold_gain":0,"player_choice":"Paid","damage_taken":0,"relics_obtained":["Red Mask"],"max_hp_gain":0,"max_hp_loss":0,"event_name":"Tomb of Lord Red Mask","floor":38,"gold_loss":69},{"cards_removed":["Doom and Gloom"],"damage_healed":0,"gold_gain":0,"player_choice":"Gave Card","damage_taken":0,"relics_obtained":["PreservedInsect"],"max_hp_gain":0,"max_hp_loss":0,"event_name":"WeMeetAgain","floor":39,"gold_loss":0}],"is_beta":false,"boss_relics":[{"not_picked":["Inserter","Orrery"],"picked":"Lizard Tail"},{"not_picked":["Calling Bell","Snecko Eye"],"picked":"Pandora\u0027s Box"}],"items_purged_floors":[3,36,44],"is_endless":false,"potions_floor_spawned":[4,8,16,24,29,35],"killed_by":"Nemesis","ascension_level":1}