{"path_per_floor":["M","?","M","M","M","R","E","R","T","?","M","R","M","M","R","B",null,"M","$","?","M","?","R","E","R","T","M","$","M","R","?","R","B",null,"M","M","?","?","?","E","R","$","T","$","M","$","?","M","R","B"],"character_chosen":"IRONCLAD","items_purchased":["Apotheosis","Headbutt"],"gold_per_floor":[113,113,123,138,157,157,192,192,192,192,210,210,225,245,245,341,371,388,66,66,80,80,80,114,114,114,131,31,50,50,50,50,149,149,167,183,183,183,183,211,211,86,86,36,52,2,0,12,12,12],"floor_reached":51,"campfire_rested":7,"playtime":2267,"current_hp_per_floor":[80,68,69,71,63,63,41,41,41,46,40,65,63,47,72,10,90,52,52,90,70,70,70,31,58,68,72,72,58,88,72,100,24,100,100,82,82,82,82,43,88,88,88,88,79,79,79,81,100,83],"items_purged":["Strike_R","Fiend Fire","Strike_R","Defend_R","Defend_R"],"gold":12,"score":842,"play_id":"d6edccba-e73f-4820-bd47-bcb5a3d869bc","local_time":"20180425102203","is_prod":false,"is_daily":false,"chose_seed":false,"is_ascension_mode":true,"campfire_upgraded":3,"timestamp":1524676923,"path_taken":["M","?","M","?","M","R","E","R","T","?","?","R","?","?","R","BOSS","M","$","?","M","?","R","E","R","T","?","?","M","R","?","R","BOSS","M","M","?","?","?","E","R","$","T","?","?","$","?","M","R","BOSS"],"build_version":"2018-04-19","seed_source_timestamp":1246093517809184,"purchased_purges":5,"victory":true,"master_deck":["Strike_R","Defend_R","Defend_R+1","Bash","Flame Barrier+1","Rampage+1","Flex+1","Spot Weakness","Rampage","Shrug It Off+1","Apotheosis+1","Headbutt","Necronomicurse","Offering+1","Pommel Strike","Shrug It Off+1"],"max_hp_per_floor":[80,80,80,80,80,80,80,80,80,85,85,85,85,85,85,85,90,90,90,90,90,90,90,90,90,100,100,100,100,100,100,100,100,100,100,100,100,100,100,100,100,100,100,100,100,100,100,100,100,100],"relics":["Burning Blood","Champion Belt","Letter Opener","Frozen Egg 2","Tiny House","Bronze Scales","Pear","Necronomicon","Sozu","Regal Pillow","War Paint","Smiling Mask","Red Mask"],"card_choices":[{"not_picked":["Carnage","Cleave"],"picked":"Flame Barrier","floor":3},{"not_picked":["Exhume","Blood for Blood"],"picked":"Rampage","floor":4},{"not_picked":["Searing Blow","True Grit"],"picked":"Flex","floor":7},{"not_picked":["Uppercut","Anger"],"picked":"Spot Weakness","floor":11},{"not_picked":["Twin Strike","Dual Wield"],"picked":"Rampage","floor":14},{"not_picked":["Double Tap","Brutality"],"picked":"Fiend Fire","floor":16},{"not_picked":["Wild Strike","Hemokinesis"],"picked":"Shrug It Off","floor":18},{"not_picked":["Double Tap","Barricade"],"picked":"Offering","floor":33},{"not_picked":["Second Wind","Power Through"],"picked":"Pommel Strike","floor":35},{"not_picked":["Warcry","Perfected Strike"],"picked":"Shrug It Off","floor":36}],"player_experience":136539,"potions_floor_usage":[7,16,16,24,33,50,50,50],"damage_taken":[{"damage":2,"enemies":"Small Slimes","floor":1,"turns":4},{"damage":5,"enemies":"2 Louse","floor":3,"turns":4},{"damage":4,"enemies":"Jaw Worm","floor":4,"turns":5},{"damage":14,"enemies":"Gremlin Gang","floor":5,"turns":8},{"damage":28,"enemies":"Gremlin Nob","floor":7,"turns":4},{"damage":12,"enemies":"Exordium Wildlife","floor":11,"turns":5},{"damage":8,"enemies":"Blue Slaver","floor":13,"turns":4},{"damage":22,"enemies":"Lots of Slimes","floor":14,"turns":3},{"damage":68,"enemies":"Hexaghost","floor":16,"turns":12},{"damage":44,"enemies":"Shell Parasite","floor":18,"turns":7},{"damage":26,"enemies":"Spheric Guardian","floor":21,"turns":8},{"damage":45,"enemies":"Gremlin Leader","floor":24,"turns":9},{"damage":2,"enemies":"Cultist and Chosen","floor":27,"turns":7},{"damage":20,"enemies":"Centurion and Healer","floor":29,"turns":6},{"damage":82,"enemies":"Collector","floor":33,"turns":10},{"damage":4,"enemies":"3 Darklings","floor":35,"turns":5},{"damage":24,"enemies":"3 Shapes","floor":36,"turns":4},{"damage":45,"enemies":"2 Orb Walkers","floor":40,"turns":5},{"damage":15,"enemies":"Sphere and 2 Shapes","floor":45,"turns":5},{"damage":4,"enemies":"3 Darklings","floor":48,"turns":3},{"damage":23,"enemies":"Time Eater","floor":50,"turns":8}],"event_choices":[{"event_name":"Scrap Ooze","player_choice":"success","floor":2,"damage_taken":12},{"event_name":"Big Fish","player_choice":"Donut","floor":10,"damage_taken":0},{"event_name":"Wheel of Change","player_choice":"Full Heal","floor":20,"damage_taken":0},{"event_name":"Purifier","player_choice":"One Purge","floor":22,"damage_taken":0},{"event_name":"Cursed Tome","player_choice":"Obtained Book","floor":31,"damage_taken":0},{"event_name":"Accursed Blacksmith","player_choice":"Rummage","floor":37,"damage_taken":0},{"event_name":"Purifier","player_choice":"One Purge","floor":38,"damage_taken":0},{"event_name":"Mysterious Sphere","player_choice":"Ignore","floor":39,"damage_taken":0},{"event_name":"Tomb of Lord Red Mask","player_choice":"Paid","floor":47,"damage_taken":0}],"boss_relics":[{"not_picked":["Orrery","Ectoplasm"],"picked":"Tiny House"},{"not_picked":["Mark of Pain","Pandora\u0027s Box"],"picked":"Sozu"}],"potions_floor_spawned":[5,11,13,14,16,21,24,33,40,48],"seed_played":"-1039116798849684395","ascension_level":3,"is_trial":false}