{"gold_per_floor":[110,129,140,215,227,227,243,278,278,85,103,103,103,123,123,123],"floor_reached":16,"playtime":766,"items_purged":["Strike_B"],"score":109,"play_id":"3f8cacf6-4372-437d-8893-4189ed6417f9","local_time":"20190105155359","is_ascension_mode":true,"campfire_choices":[{"data":"Biased Cognition","floor":6,"key":"SMITH"},{"data":"Dualcast","floor":12,"key":"SMITH"},{"data":"Capacitor","floor":15,"key":"SMITH"}],"neow_cost":"CURSE","seed_source_timestamp":18619994649607,"circlet_count":0,"master_deck":["Strike_B","Strike_B","Strike_B","Defend_B","Defend_B","Defend_B","Defend_B","Zap","Dualcast+1","Doubt","Conserve Battery","Chill","Rebound","Biased Cognition+1","Coolheaded","Chill","Self Repair","Coolheaded","Capacitor+1","Steam"],"relics":["Cracked Core","Bird Faced Urn","Pear"],"potions_floor_usage":[16],"damage_taken":[{"damage":0,"enemies":"Small Slimes","floor":1,"turns":2},{"damage":1,"enemies":"Cultist","floor":2,"turns":4},{"damage":0,"enemies":"Jaw Worm","floor":3,"turns":3},{"damage":14,"enemies":"Large Slime","floor":5,"turns":6},{"damage":0,"enemies":"Exordium Thugs","floor":7,"turns":5},{"damage":31,"enemies":"Lagavulin","floor":8,"turns":7},{"damage":0,"enemies":"Exordium Wildlife","floor":11,"turns":5},{"damage":1,"enemies":"2 Fungi Beasts","floor":14,"turns":3},{"damage":65,"enemies":"Slime Boss","floor":16,"turns":16}],"seed_played":"-6113879914447815244","potions_obtained":[{"floor":3,"key":"GamblersBrew"},{"floor":7,"key":"Strength Potion"},{"floor":11,"key":"Weak Potion"},{"floor":14,"key":"FocusPotion"}],"is_trial":false,"path_per_floor":["M","M","M","?","M","R","M","E","T","$","M","R","?","M","R","B"],"character_chosen":"DEFECT","items_purchased":["Self Repair","Coolheaded"],"campfire_rested":0,"item_purchase_floors":[10,10],"current_hp_per_floor":[75,74,74,67,53,53,55,36,36,36,45,45,45,57,57,0],"gold":123,"neow_bonus":"ONE_RARE_RELIC","is_prod":false,"is_daily":false,"chose_seed":false,"campfire_upgraded":3,"win_rate":0,"timestamp":1546671239,"path_taken":["M","M","M","?","M","R","?","E","T","$","M","R","?","M","R","BOSS"],"build_version":"2019-01-03v4","purchased_purges":1,"victory":false,"max_hp_per_floor":[75,75,75,75,75,75,75,85,85,85,85,85,85,85,85,85],"card_choices":[{"not_picked":["Go for the Eyes","Redo"],"picked":"Conserve Battery","floor":1},{"not_picked":["Storm","Chaos"],"picked":"Chill","floor":2},{"not_picked":["Leap","FTL"],"picked":"Rebound","floor":3},{"not_picked":["Heatsinks","Steam"],"picked":"Biased Cognition","floor":5},{"not_picked":["Ball Lightning","Aggregate"],"picked":"Coolheaded","floor":7},{"not_picked":["Ball Lightning","Consume"],"picked":"Chill","floor":8},{"not_picked":["White Noise","Go for the Eyes"],"picked":"Capacitor","floor":11},{"not_picked":["Gash","Conserve Battery"],"picked":"Steam","floor":14}],"player_experience":114134,"relics_obtained":[{"floor":8,"key":"Pear"}],"event_choices":[{"damage_healed":0,"gold_gain":75,"player_choice":"Touch","damage_taken":7,"max_hp_gain":0,"max_hp_loss":0,"event_name":"FaceTrader","floor":4,"gold_loss":0},{"damage_healed":0,"gold_gain":0,"player_choice":"Ignored","damage_taken":0,"max_hp_gain":0,"max_hp_loss":0,"event_name":"Liars Game","floor":13,"gold_loss":0}],"is_beta":false,"boss_relics":[],"items_purged_floors":[10],"is_endless":false,"potions_floor_spawned":[3,7,11,14],"killed_by":"Slime Boss","ascension_level":1}