{"gold_per_floor":[362,374,37,52,52,52,81,46,69,98,112,112,127,140,140,243,243,259,259,277,51,51,51,51],"floor_reached":24,"playtime":983,"items_purged":["Strike_G"],"score":344,"play_id":"23195741-a562-48ac-a0f8-20803ff8c63b","local_time":"20190207191255","is_ascension_mode":true,"campfire_choices":[{"data":"Bouncing Flask","floor":6,"key":"SMITH"},{"floor":12,"key":"REST"},{"floor":15,"key":"REST"},{"data":"Night Terror","floor":23,"key":"SMITH"}],"neow_cost":"PERCENT_DAMAGE","seed_source_timestamp":1795388645208475,"circlet_count":0,"master_deck":["AscendersBane","Defend_G","Defend_G","Defend_G","Defend_G","Defend_G","Survivor","Neutralize","Bouncing Flask+1","Well Laid Plans","Footwork","Sadistic Nature","PiercingWail","Noxious Fumes","Deadly Poison","Dodge and Roll","Backflip","Well Laid Plans","Bouncing Flask","Night Terror+1","Infinite Blades+1","Bite","Bite","Bite","Bite","Bite","Burst","Catalyst","Necronomicurse"],"relics":["Ring of the Snake","Potion Belt","Boot","Dead Branch","Runic Dome","Necronomicon"],"potions_floor_usage":[10,16,18],"damage_taken":[{"damage":1,"enemies":"Jaw Worm","floor":1,"turns":6},{"damage":2,"enemies":"2 Louse","floor":2,"turns":2},{"damage":0,"enemies":"Cultist","floor":4,"turns":4},{"damage":10,"enemies":"Lagavulin","floor":7,"turns":7},{"damage":27,"enemies":"3 Sentries","floor":10,"turns":6},{"damage":1,"enemies":"Red Slaver","floor":11,"turns":4},{"damage":0,"enemies":"3 Louse","floor":13,"turns":2},{"damage":13,"enemies":"Blue Slaver","floor":14,"turns":3},{"damage":24,"enemies":"Slime Boss","floor":16,"turns":6},{"damage":11,"enemies":"3 Byrds","floor":18,"turns":4},{"damage":5,"enemies":"Spheric Guardian","floor":20,"turns":3},{"damage":36,"enemies":"Book of Stabbing","floor":24,"turns":4}],"seed_played":"155604548766698012","potions_obtained":[{"floor":1,"key":"GamblersBrew"},{"floor":2,"key":"Fire Potion"},{"floor":4,"key":"Explosive Potion"},{"floor":14,"key":"GamblersBrew"},{"floor":16,"key":"Fire Potion"},{"floor":18,"key":"Ancient Potion"}],"is_trial":false,"path_per_floor":["M","M","$","M","?","R","E","?","T","E","M","R","M","M","R","B",null,"M","?","M","$","?","R","E"],"character_chosen":"THE_SILENT","items_purchased":["Footwork","Sadistic Nature","PiercingWail","Burst","Catalyst"],"campfire_rested":2,"item_purchase_floors":[3,3,3,21,21],"current_hp_per_floor":[44,42,42,42,35,35,25,42,42,15,14,35,35,22,43,19,57,46,46,45,45,29,29,0],"gold":51,"neow_bonus":"TWO_FIFTY_GOLD","is_prod":false,"is_daily":false,"chose_seed":false,"campfire_upgraded":2,"win_rate":0,"timestamp":1549584775,"path_taken":["M","M","$","M","?","R","E","?","T","E","M","R","M","?","R","BOSS","M","?","M","$","?","R","E"],"build_version":"2019-01-23","purchased_purges":1,"victory":false,"max_hp_per_floor":[70,70,70,70,70,70,70,70,70,70,70,70,70,70,70,70,70,70,49,49,49,49,49,49],"card_choices":[{"not_picked":["Blade Dance","Accuracy"],"picked":"Bouncing Flask","floor":1},{"not_picked":["Prepared","Distraction"],"picked":"Well Laid Plans","floor":2},{"not_picked":["Acrobatics","Outmaneuver"],"picked":"Noxious Fumes","floor":4},{"not_picked":["Footwork","Venomology"],"picked":"Deadly Poison","floor":7},{"not_picked":["Backflip","Bane"],"picked":"Dodge and Roll","floor":10},{"not_picked":["Choke","Dagger Throw"],"picked":"Backflip","floor":11},{"not_picked":["Backstab","Quick Slash"],"picked":"Well Laid Plans","floor":13},{"not_picked":["Deadly Poison","PiercingWail"],"picked":"Bouncing Flask","floor":14},{"not_picked":["Venomology","Tools of the Trade"],"picked":"Night Terror","floor":16},{"not_picked":["Slice+1","Dagger Spray+1"],"picked":"Infinite Blades+1","floor":18},{"not_picked":["Dagger Spray","Predator","Slice"],"picked":"SKIP","floor":20}],"player_experience":695788,"relics_obtained":[{"floor":7,"key":"Potion Belt"},{"floor":9,"key":"Boot"},{"floor":10,"key":"Dead Branch"},{"floor":22,"key":"Necronomicon"}],"event_choices":[{"cards_removed":["Strike_G"],"damage_healed":0,"gold_gain":0,"player_choice":"Card Removal","damage_taken":7,"max_hp_gain":0,"max_hp_loss":0,"event_name":"Golden Wing","floor":5,"gold_loss":0},{"damage_healed":17,"gold_gain":0,"player_choice":"Healed","damage_taken":0,"max_hp_gain":0,"max_hp_loss":0,"event_name":"The Cleric","floor":8,"gold_loss":35},{"damage_healed":0,"gold_gain":0,"player_choice":"Became a vampire","damage_taken":0,"max_hp_gain":0,"max_hp_loss":21,"event_name":"Vampires","floor":19,"gold_loss":0,"cards_obtained":["Bite","Bite","Bite","Bite","Bite"]},{"damage_healed":0,"gold_gain":0,"player_choice":"Obtained Book","damage_taken":16,"max_hp_gain":0,"max_hp_loss":0,"event_name":"Cursed Tome","floor":22,"gold_loss":0}],"is_beta":false,"boss_relics":[{"not_picked":["Snecko Eye","Astrolabe"],"picked":"Runic Dome"}],"items_purged_floors":[3],"is_endless":false,"potions_floor_spawned":[1,2,4,14,16,18],"killed_by":"Book of Stabbing","ascension_level":11}