{"gold_per_floor":[109,124,124,141,141,160,160,172,197,197,197,210,210],"floor_reached":13,"playtime":425,"items_purged":[],"score":142,"play_id":"f1656fa8-75d1-4b05-bf33-107c453baa47","local_time":"20190303154401","is_ascension_mode":true,"campfire_choices":[{"data":"True Grit","floor":7,"key":"SMITH"},{"data":"Demon Form","floor":11,"key":"SMITH"}],"neow_cost":"NONE","seed_source_timestamp":237601345243354,"circlet_count":0,"master_deck":["AscendersBane","Strike_R","Strike_R","Strike_R","Strike_R","Defend_R","Defend_R","Defend_R+1","Defend_R","Bash+1","True Grit+1","Demon Form+1","Dropkick","Battle Trance"],"relics":["Burning Blood","NeowsBlessing","Oddly Smooth Stone","FaceOfCleric"],"potions_floor_usage":[13,13],"damage_taken":[{"damage":0,"enemies":"Jaw Worm","floor":1,"turns":1},{"damage":0,"enemies":"Small Slimes","floor":2,"turns":1},{"damage":0,"enemies":"Cultist","floor":4,"turns":1},{"damage":10,"enemies":"2 Fungi Beasts","floor":6,"turns":6},{"damage":17,"enemies":"Looter","floor":8,"turns":4},{"damage":35,"enemies":"Large Slime","floor":12,"turns":11},{"damage":24,"enemies":"3 Sentries","floor":13,"turns":6}],"seed_played":"3819580870177762998","potions_obtained":[{"floor":2,"key":"Dexterity Potion"},{"floor":4,"key":"Strength Potion"}],"is_trial":false,"path_per_floor":["M","M","?","M","?","M","R","M","T","?","R","M","E"],"character_chosen":"IRONCLAD","items_purchased":[],"campfire_rested":0,"item_purchase_floors":[],"current_hp_per_floor":[74,75,52,58,58,54,54,43,43,43,43,15,0],"gold":210,"neow_bonus":"THREE_ENEMY_KILL","is_prod":false,"is_daily":false,"chose_seed":false,"campfire_upgraded":2,"win_rate":0,"timestamp":1551656641,"path_taken":["M","M","?","M","?","M","R","M","T","?","R","?","E"],"build_version":"2019-01-23","purchased_purges":0,"victory":false,"max_hp_per_floor":[75,75,75,75,75,75,75,75,75,75,75,76,76],"card_choices":[{"not_picked":["Clothesline","Power Through"],"picked":"True Grit","floor":1},{"not_picked":["Warcry","Power Through","Flex"],"picked":"SKIP","floor":2},{"not_picked":["Iron Wave","Pommel Strike"],"picked":"Demon Form","floor":4},{"not_picked":["Anger","Headbutt","Sword Boomerang"],"picked":"SKIP","floor":6},{"not_picked":["Intimidate","Clash"],"picked":"Battle Trance","floor":8},{"not_picked":["Fire Breathing","Power Through","Sword Boomerang"],"picked":"SKIP","floor":12}],"player_experience":598521,"relics_obtained":[{"floor":9,"key":"Oddly Smooth Stone"}],"event_choices":[{"damage_healed":0,"gold_gain":0,"player_choice":"Entered Light","damage_taken":23,"max_hp_gain":0,"max_hp_loss":0,"event_name":"Shining Light","floor":3,"gold_loss":0,"cards_upgraded":["Bash","Defend_R"]},{"damage_healed":0,"gold_gain":0,"cards_transformed":["Strike_R"],"player_choice":"Change","damage_taken":0,"max_hp_gain":0,"max_hp_loss":0,"event_name":"Living Wall","floor":5,"gold_loss":0,"cards_obtained":["Dropkick"]},{"damage_healed":0,"gold_gain":0,"player_choice":"Trade","damage_taken":0,"relics_obtained":["FaceOfCleric"],"max_hp_gain":0,"max_hp_loss":0,"event_name":"FaceTrader","floor":10,"gold_loss":0}],"is_beta":false,"boss_relics":[],"items_purged_floors":[],"is_endless":false,"potions_floor_spawned":[2,4,6,8],"killed_by":"3 Sentries","ascension_level":17}