{"gold_per_floor":[109,109,124,137,154,154,182,182,182,182,182,28,71,71,71,164,164,189,189,205,225,241,241,277,277,277,316,339,339,358,192,192,271,271,291,308,320,337,317,346,346,365,365,395,406,406,9,39,39,39,39,39,39,39],"floor_reached":54,"playtime":3281,"items_purged":["Strike_B","Strike_B","Strike_B"],"score":1622,"play_id":"258be5dd-92f6-4516-8540-4db0eb379def","local_time":"20190225222547","is_ascension_mode":true,"campfire_choices":[{"data":"Buffer","floor":6,"key":"SMITH"},{"data":"Zap","floor":8,"key":"SMITH"},{"data":"Dualcast","floor":10,"key":"SMITH"},{"data":"Capacitor","floor":15,"key":"SMITH"},{"data":"Echo Form","floor":23,"key":"SMITH"},{"floor":25,"key":"REST"},{"data":"Biased Cognition","floor":32,"key":"SMITH"},{"data":"Defragment","floor":41,"key":"SMITH"},{"data":"Rainbow","floor":46,"key":"SMITH"},{"floor":49,"key":"RECALL"},{"data":"Static Discharge","floor":52,"key":"SMITH"}],"neow_cost":"TEN_PERCENT_HP_LOSS","seed_source_timestamp":557861008320621,"circlet_count":0,"master_deck":["AscendersBane","Defend_B","Defend_B","Defend_B","Defend_B","Zap+1","Dualcast+1","Ball Lightning","Buffer+1","Ball Lightning","Steam","Sweeping Beam","Echo Form+1","Capacitor+1","Conserve Battery","Biased Cognition+1","Undo+1","Streamline","Leap+1","Double Energy","Hologram","Defragment+1","Fusion+1","Bandage Up","Reboot+1","Rainbow+1","Leap+1","Recycle","Static Discharge+1"],"relics":["Cracked Core","Emotion Chip","Letter Opener","Meat on the Bone","Bloody Idol","Symbiotic Virus","Snecko Eye","StoneCalendar","The Courier","Blue Candle","Nuclear Battery","Pocketwatch","Turnip","War Paint","Bottled Flame"],"potions_floor_usage":[24,24,33,33,35,38,40,40,48,48,50],"damage_taken":[{"damage":15,"enemies":"Small Slimes","floor":1,"turns":3},{"damage":0,"enemies":"Cultist","floor":3,"turns":4},{"damage":9,"enemies":"2 Louse","floor":4,"turns":2},{"damage":0,"enemies":"Large Slime","floor":5,"turns":5},{"damage":0,"enemies":"Lagavulin","floor":7,"turns":5},{"damage":16,"enemies":"Gremlin Nob","floor":13,"turns":4},{"damage":0,"enemies":"Slime Boss","floor":16,"turns":8},{"damage":11,"enemies":"2 Thieves","floor":18,"turns":3},{"damage":0,"enemies":"Shell Parasite","floor":20,"turns":4},{"damage":19,"enemies":"Shelled Parasite and Fungi","floor":21,"turns":5},{"damage":0,"enemies":"Sentry and Sphere","floor":22,"turns":6},{"damage":32,"enemies":"Slavers","floor":24,"turns":5},{"damage":13,"enemies":"Book of Stabbing","floor":27,"turns":6},{"damage":16,"enemies":"Snake Plant","floor":28,"turns":3},{"damage":9,"enemies":"Centurion and Healer","floor":30,"turns":5},{"damage":0,"enemies":"Collector","floor":33,"turns":7},{"damage":25,"enemies":"3 Darklings","floor":35,"turns":4},{"damage":34,"enemies":"Orb Walker","floor":36,"turns":5},{"damage":11,"enemies":"Maw","floor":37,"turns":8},{"damage":30,"enemies":"Jaw Worm Horde","floor":38,"turns":6},{"damage":18,"enemies":"Reptomancer","floor":40,"turns":5},{"damage":9,"enemies":"Sphere and 2 Shapes","floor":42,"turns":5},{"damage":7,"enemies":"Nemesis","floor":44,"turns":7},{"damage":0,"enemies":"Maw","floor":45,"turns":8},{"damage":24,"enemies":"Reptomancer","floor":48,"turns":7},{"damage":35,"enemies":"Donu and Deca","floor":50,"turns":8},{"damage":51,"enemies":"Shield and Spear","floor":54,"turns":3}],"seed_played":"4195545294452139718","potions_obtained":[{"floor":3,"key":"FocusPotion"},{"floor":13,"key":"AttackPotion"},{"floor":22,"key":"Explosive Potion"},{"floor":27,"key":"Dexterity Potion"},{"floor":30,"key":"PowerPotion"},{"floor":33,"key":"GamblersBrew"},{"floor":35,"key":"SkillPotion"},{"floor":37,"key":"Explosive Potion"},{"floor":38,"key":"Dexterity Potion"},{"floor":39,"key":"Regen Potion"},{"floor":48,"key":"SkillPotion"}],"is_trial":false,"path_per_floor":["M","?","M","M","M","R","E","R","T","R","?","$","E","?","R","B",null,"M","?","M","M","M","R","E","R","T","E","M","?","M","$","R","B",null,"M","M","M","M","?","E","R","M","T","E","M","R","$","E","R","B",null,"R","$","E"],"character_chosen":"DEFECT","items_purchased":["Capacitor","Bandage Up","War Paint","Static Discharge","Block Potion","PowerPotion"],"campfire_rested":1,"item_purchase_floors":[12,31,47,47,47,47],"current_hp_per_floor":[49,49,49,40,40,40,40,40,40,40,40,40,36,36,36,36,53,42,42,42,35,35,35,15,32,32,31,27,27,35,35,35,40,54,42,25,35,26,26,43,43,39,39,45,50,50,50,39,39,20,49,49,49,0],"gold":39,"neow_bonus":"ONE_RARE_RELIC","is_prod":false,"is_daily":false,"chose_seed":false,"campfire_upgraded":9,"win_rate":0,"timestamp":1551151547,"path_taken":["M","?","M","?","M","R","E","R","T","R","?","$","E","?","R","BOSS","M","?","M","M","M","R","E","R","T","E","?","?","M","$","R","BOSS","M","M","M","M","?","E","R","M","T","E","M","R","$","E","R","BOSS","R","$","E"],"build_version":"2019-01-23","purchased_purges":3,"victory":false,"max_hp_per_floor":[64,64,64,64,64,64,64,64,64,64,58,58,58,58,58,58,58,58,58,58,58,58,58,58,58,58,58,58,58,58,58,58,58,58,58,58,58,58,58,58,58,58,58,58,58,58,58,58,58,58,58,58,58,58],"card_choices":[{"not_picked":["Hologram","Cold Snap"],"picked":"Ball Lightning","floor":1},{"not_picked":["Coolheaded","Sweeping Beam"],"picked":"Ball Lightning","floor":3},{"not_picked":["Rebound","Streamline"],"picked":"Steam","floor":4},{"not_picked":["Reboot","Blizzard"],"picked":"Sweeping Beam","floor":5},{"not_picked":["Reinforced Body","Capacitor"],"picked":"Echo Form","floor":7},{"not_picked":["Rebound","Streamline"],"picked":"Conserve Battery","floor":13},{"not_picked":["Reboot","Amplify"],"picked":"Biased Cognition","floor":16},{"not_picked":["BootSequence","Storm"],"picked":"Undo+1","floor":18},{"not_picked":["Beam Cell","Cold Snap"],"picked":"Leap","floor":20},{"not_picked":["Go for the Eyes","Streamline"],"picked":"Double Energy","floor":21},{"not_picked":["Streamline","Cold Snap+1"],"picked":"Hologram","floor":22},{"not_picked":["Skim","Doom and Gloom"],"picked":"Defragment","floor":24},{"not_picked":["All For One","Leap"],"picked":"Fusion+1","floor":27},{"not_picked":["FTL","Go for the Eyes","BootSequence"],"picked":"SKIP","floor":28},{"not_picked":["Sweeping Beam","Coolheaded","Scrape"],"picked":"SKIP","floor":30},{"not_picked":["Hyperbeam","Machine Learning"],"picked":"Reboot","floor":33},{"not_picked":["Lockon","Hello World","Steam"],"picked":"SKIP","floor":35},{"not_picked":["Streamline","Ball Lightning","Beam Cell+1"],"picked":"SKIP","floor":36},{"not_picked":["Steam Power","Barrage","Compile Driver"],"picked":"SKIP","floor":37},{"not_picked":["Leap","BootSequence+1","Double Energy"],"picked":"SKIP","floor":38},{"not_picked":["Sweeping Beam","Reinforced Body"],"picked":"Rainbow","floor":40},{"not_picked":["Melter","Doom and Gloom"],"picked":"Leap+1","floor":42},{"not_picked":["Steam","Coolheaded"],"picked":"Recycle","floor":44},{"not_picked":["Conserve Battery","Go for the Eyes","Cold Snap"],"picked":"SKIP","floor":45},{"not_picked":["Leap","Genetic Algorithm","Conserve Battery"],"picked":"SKIP","floor":48}],"player_experience":844960,"relics_obtained":[{"floor":7,"key":"Letter Opener"},{"floor":9,"key":"Meat on the Bone"},{"floor":13,"key":"Symbiotic Virus"},{"floor":24,"key":"StoneCalendar"},{"floor":26,"key":"The Courier"},{"floor":27,"key":"Blue Candle"},{"floor":40,"key":"Pocketwatch"},{"floor":44,"key":"Turnip"},{"floor":48,"key":"Bottled Flame"}],"event_choices":[{"damage_healed":0,"gold_gain":0,"player_choice":"1 cards matched","damage_taken":0,"max_hp_gain":0,"max_hp_loss":0,"event_name":"Match and Keep!","floor":2,"gold_loss":0,"cards_obtained":["Buffer"]},{"damage_healed":0,"gold_gain":0,"player_choice":"Lose Max HP","damage_taken":0,"relics_obtained":["Golden Idol"],"max_hp_gain":0,"max_hp_loss":6,"event_name":"Golden Idol","floor":11,"gold_loss":0},{"damage_healed":0,"gold_gain":0,"player_choice":"Fled","damage_taken":0,"max_hp_gain":0,"max_hp_loss":0,"event_name":"Scrap Ooze","floor":14,"gold_loss":0},{"damage_healed":0,"gold_gain":0,"cards_transformed":["Strike_B"],"player_choice":"Transformed","damage_taken":0,"max_hp_gain":0,"max_hp_loss":0,"event_name":"Transmorgrifier","floor":19,"gold_loss":0,"cards_obtained":["Streamline"]},{"damage_healed":0,"gold_gain":0,"player_choice":"Gave Idol","damage_taken":0,"relics_obtained":["Bloody Idol"],"max_hp_gain":0,"max_hp_loss":0,"event_name":"Forgotten Altar","floor":29,"relics_lost":["Golden Idol"],"gold_loss":0},{"damage_healed":0,"gold_gain":0,"player_choice":"Bought 1 Potion","damage_taken":0,"max_hp_gain":0,"max_hp_loss":0,"event_name":"The Woman in Blue","floor":39,"gold_loss":0}],"is_beta":false,"boss_relics":[{"not_picked":["Lizard Tail","Coffee Dripper"],"picked":"Snecko Eye"},{"not_picked":["Sozu","White Beast Statue"],"picked":"Nuclear Battery"}],"items_purged_floors":[12,31,47],"is_endless":false,"potions_floor_spawned":[3,13,18,20,22,27,30,33,35,37,38,48],"killed_by":"Shield and Spear","ascension_level":17}