{"gold_per_floor":[113,188,207,207,207,207,207,220,265,283,101,101,127,139,139,213,213,230,40,40,57,76,76,76,94,94,94,108,108],"floor_reached":29,"playtime":1221,"items_purged":[],"score":419,"play_id":"2a5fed04-7d93-4fd5-8c76-304ec390e733","local_time":"20190227000442","is_ascension_mode":true,"campfire_choices":[{"data":"Zap","floor":6.0,"key":"SMITH"},{"data":"Darkness","floor":12.0,"key":"SMITH"},{"floor":15.0,"key":"REST"},{"data":"Core Surge","floor":23,"key":"SMITH"},{"data":"Double Energy","floor":27,"key":"SMITH"}],"neow_cost":"TEN_PERCENT_HP_LOSS","seed_source_timestamp":0,"circlet_count":0,"master_deck":["AscendersBane","Defend_B","Defend_B","Defend_B","Defend_B","Zap+1","Dualcast+1","Cold Snap","Darkness+1","Core Surge+1","Double Energy+1","Echo Form","Bite","Bite","Bite","Bite","Bite","FTL"],"special_seed":0,"relics":["Cracked Core","Incense Burner","Bottled Flame","Pen Nib","Mercury Hourglass","Inserter","Membership Card","PreservedInsect","Potion Belt"],"potions_floor_usage":[],"damage_taken":[{"damage":4.0,"enemies":"Jaw Worm","floor":1.0,"turns":3.0},{"damage":10.0,"enemies":"Small Slimes","floor":3.0,"turns":3.0},{"damage":3.0,"enemies":"2 Louse","floor":8.0,"turns":2.0},{"damage":4.0,"enemies":"Looter","floor":10.0,"turns":3.0},{"damage":3.0,"enemies":"3 Sentries","floor":13.0,"turns":6.0},{"damage":0.0,"enemies":"Blue Slaver","floor":14.0,"turns":2.0},{"damage":16.0,"enemies":"The Guardian","floor":16.0,"turns":10.0},{"damage":6,"enemies":"Chosen","floor":18,"turns":5},{"damage":14,"enemies":"3 Byrds","floor":21,"turns":4},{"damage":18,"enemies":"Centurion and Healer","floor":22,"turns":6},{"damage":24,"enemies":"Snecko","floor":25,"turns":5},{"damage":34,"enemies":"Chosen and Byrds","floor":28,"turns":7},{"damage":14,"enemies":"Snake Plant","floor":29,"turns":1}],"seed_played":"-1653399037554959704","potions_obtained":[{"floor":1.0,"key":"SkillPotion"},{"floor":10.0,"key":"Dexterity Potion"},{"floor":14.0,"key":"SneckoOil"},{"floor":18,"key":"Block Potion"}],"is_trial":false,"path_per_floor":["M","?","M","T","?","R","?","M","T","M","$","R","E","M","R","B",null,"M","$","?","M","M","R","?","M","T","R","M","M"],"character_chosen":"DEFECT","items_purchased":["Core Surge","Double Energy","Membership Card"],"campfire_rested":1,"item_purchase_floors":[11,11,19],"current_hp_per_floor":[60,49,39,39,32,32,32,29,29,25,25,25,22,22,41,25,54,48,48,44,38,34,34,34,24,24,24,6,0],"gold":108,"neow_bonus":"ONE_RARE_RELIC","is_prod":false,"is_daily":false,"chose_seed":false,"campfire_upgraded":4,"win_rate":0,"timestamp":1551254682,"path_taken":["M","?","M","?","?","R","?","M","T","M","?","R","E","M","R","BOSS","M","$","?","M","M","R","?","M","T","R","M","?"],"build_version":"2019-01-23","purchased_purges":0,"victory":false,"max_hp_per_floor":[64,64,64,64,64,64,64,64,64,64,64,64,64,64,64,64,64,64,64,44,44,44,44,44,44,44,44,44,44],"card_choices":[{"not_picked":["Genetic Algorithm","Skim","Beam Cell"],"picked":"SKIP","floor":1.0},{"not_picked":["Stack","Barrage"],"picked":"Cold Snap","floor":3.0},{"not_picked":["Tempest","Turbo","Gash"],"picked":"SKIP","floor":8.0},{"not_picked":["Sweeping Beam","Hologram"],"picked":"Darkness","floor":10.0},{"not_picked":["Auto Shields","Meteor Strike","Reboot"],"picked":"SKIP","floor":13.0},{"not_picked":["Coolheaded","BootSequence","Rebound"],"picked":"SKIP","floor":14.0},{"not_picked":["Biased Cognition","Fission"],"picked":"Echo Form","floor":16.0},{"not_picked":["Hologram","Leap","Coolheaded"],"picked":"SKIP","floor":18},{"not_picked":["Hologram","Lockon","Compile Driver"],"picked":"SKIP","floor":21},{"not_picked":["Recycle+1","Steam","Hologram"],"picked":"SKIP","floor":22},{"not_picked":["BootSequence","Ball Lightning","Double Energy"],"picked":"SKIP","floor":25},{"not_picked":["Go for the Eyes","Turbo"],"picked":"FTL","floor":28}],"player_experience":543129,"relics_obtained":[{"floor":4.0,"key":"Bottled Flame"},{"floor":9.0,"key":"Pen Nib"},{"floor":13.0,"key":"Mercury Hourglass"},{"floor":26,"key":"Potion Belt"}],"event_choices":[{"damage_healed":0.0,"max_hp_gain":0.0,"max_hp_loss":0.0,"gold_gain":75.0,"event_name":"World of Goop","player_choice":"Gather Gold","floor":2.0,"gold_loss":0.0,"damage_taken":11.0},{"cards_removed":["Strike_B"],"damage_healed":0.0,"max_hp_gain":0.0,"max_hp_loss":0.0,"gold_gain":0.0,"event_name":"Golden Wing","player_choice":"Card Removal","floor":5.0,"gold_loss":0.0,"damage_taken":7.0},{"damage_healed":0.0,"max_hp_gain":0.0,"max_hp_loss":0.0,"gold_gain":0.0,"event_name":"Living Wall","player_choice":"Grow","floor":7.0,"gold_loss":0.0,"damage_taken":0.0,"cards_upgraded":["Dualcast"]},{"damage_healed":0,"gold_gain":0,"player_choice":"Became a vampire","damage_taken":0,"max_hp_gain":0,"max_hp_loss":20,"event_name":"Vampires","floor":20,"gold_loss":0,"cards_obtained":["Bite","Bite","Bite","Bite","Bite"]},{"damage_healed":0,"gold_gain":0,"player_choice":"Gave Potion","damage_taken":0,"relics_obtained":["PreservedInsect"],"max_hp_gain":0,"max_hp_loss":0,"event_name":"WeMeetAgain","floor":24,"gold_loss":0}],"is_beta":false,"boss_relics":[{"not_picked":["Philosopher\u0027s Stone","Fusion Hammer"],"picked":"Inserter"}],"items_purged_floors":[],"is_endless":false,"potions_floor_spawned":[1,10,14,18,21],"killed_by":"Snake Plant","ascension_level":15}