{"gold_per_floor":[111,111,286,14,25,58,58,89,89,113,113,126,139,168,168,264,264,284,284,383,394,408,408,433,433,484,494,494,198,213,239,239,239],"floor_reached":33,"playtime":1846,"items_purged":["Doubt","Strike_B"],"score":625,"play_id":"705f588f-8cb6-43d8-984a-e7984b29c669","local_time":"20190128093456","is_ascension_mode":true,"campfire_choices":[{"data":"Redo","floor":7,"key":"SMITH"},{"data":"Dualcast","floor":11,"key":"SMITH"},{"data":"Storm","floor":15,"key":"SMITH"},{"floor":23,"key":"REST"},{"data":"Darkness","floor":25,"key":"SMITH"},{"floor":28,"key":"REST"},{"data":"Buffer","floor":32,"key":"SMITH"}],"neow_cost":"NONE","seed_source_timestamp":895725420882544,"circlet_count":0,"master_deck":["AscendersBane","Defend_B","Defend_B","Defend_B","Defend_B","Zap","Dualcast+1","Consume","Electrodynamics","Sunder","Undo","Undo","Redo+1","Melter","Steam","Cold Snap","Storm+1","Thunder Strike","Hologram+1","Loop","Darkness+1","Genetic Algorithm+1","Coolheaded","Seek","Doom and Gloom+1","Buffer+1","Glacier","Static Discharge+1","Redo+1"],"relics":["Cracked Core","NeowsBlessing","Symbiotic Virus","Vajra","Regal Pillow","Odd Mushroom","PreservedInsect","White Beast Statue","The Courier","Anchor","Pen Nib"],"potions_floor_usage":[8,8,14,21,22,22,24,27,31,33],"damage_taken":[{"damage":0,"enemies":"Small Slimes","floor":1,"turns":1},{"damage":0,"enemies":"2 Louse","floor":5,"turns":1},{"damage":0,"enemies":"Gremlin Nob","floor":6,"turns":1},{"damage":0,"enemies":"Lagavulin","floor":8,"turns":6},{"damage":5,"enemies":"The Mushroom Lair","floor":10,"turns":3},{"damage":1,"enemies":"Jaw Worm","floor":12,"turns":2},{"damage":9,"enemies":"Exordium Thugs","floor":13,"turns":2},{"damage":0,"enemies":"Gremlin Nob","floor":14,"turns":3},{"damage":41,"enemies":"Hexaghost","floor":16,"turns":11},{"damage":11,"enemies":"Spheric Guardian","floor":18,"turns":3},{"damage":0,"enemies":"Chosen","floor":21,"turns":4},{"damage":35,"enemies":"Centurion and Healer","floor":22,"turns":6},{"damage":35,"enemies":"Book of Stabbing","floor":24,"turns":4},{"damage":17,"enemies":"Sentry and Sphere","floor":27,"turns":5},{"damage":8,"enemies":"Shelled Parasite and Fungi","floor":30,"turns":8},{"damage":0,"enemies":"Gremlin Leader","floor":31,"turns":6},{"damage":54,"enemies":"Champ","floor":33,"turns":12}],"seed_played":"-487917062202688498","potions_obtained":[{"floor":1,"key":"SpeedPotion"},{"floor":8,"key":"Dexterity Potion"},{"floor":12,"key":"FocusPotion"},{"floor":14,"key":"Dexterity Potion"},{"floor":21,"key":"Regen Potion"},{"floor":22,"key":"Dexterity Potion"},{"floor":24,"key":"Block Potion"},{"floor":27,"key":"Ancient Potion"},{"floor":31,"key":"Explosive Potion"}],"is_trial":false,"path_per_floor":["M","?","?","$","M","E","R","E","T","?","R","M","M","E","R","B",null,"M","?","?","M","M","R","E","R","T","M","R","$","M","E","R","B"],"character_chosen":"DEFECT","items_purchased":["Sunder","Undo","Ancient Potion","Buffer","Energy Potion","Glacier"],"campfire_rested":2,"item_purchase_floors":[4,4,4,29,29,29],"current_hp_per_floor":[68,68,68,68,68,68,68,68,68,63,63,62,53,53,53,12,59,48,48,48,48,28,65,30,30,30,13,50,50,42,42,42,0],"gold":239,"neow_bonus":"THREE_ENEMY_KILL","is_prod":false,"is_daily":false,"chose_seed":false,"campfire_upgraded":5,"win_rate":0,"timestamp":1548686096,"path_taken":["M","?","?","$","M","E","R","E","T","?","R","M","M","E","R","BOSS","M","?","?","?","M","R","E","R","T","M","R","$","M","E","R","BOSS"],"build_version":"2019-01-23","purchased_purges":2,"victory":false,"max_hp_per_floor":[75,75,75,75,75,75,75,75,75,75,75,75,75,75,75,75,75,75,75,75,75,75,75,75,75,75,75,75,75,75,75,75,75],"card_choices":[{"not_picked":["Genetic Algorithm","Stack"],"picked":"Consume","floor":1},{"not_picked":["BootSequence","Doom and Gloom"],"picked":"Undo","floor":5},{"not_picked":["Steam Power","Force Field"],"picked":"Redo","floor":6},{"not_picked":["Ball Lightning","All For One"],"picked":"Melter","floor":8},{"not_picked":["Melter","Genetic Algorithm"],"picked":"Steam","floor":10},{"not_picked":["Steam","Lockon"],"picked":"Cold Snap","floor":12},{"not_picked":["Sweeping Beam","Gash"],"picked":"Storm","floor":13},{"not_picked":["Blizzard","Rip and Tear","Streamline"],"picked":"SKIP","floor":14},{"not_picked":["Creative AI","Rainbow"],"picked":"Thunder Strike","floor":16},{"not_picked":["Stack","Coolheaded"],"picked":"Hologram+1","floor":18},{"not_picked":["Doom and Gloom","Ball Lightning"],"picked":"Genetic Algorithm+1","floor":21},{"not_picked":["Beam Cell+1","Heatsinks"],"picked":"Coolheaded","floor":22},{"not_picked":["Fusion","Ball Lightning+1"],"picked":"Seek","floor":24},{"not_picked":["Barrage+1","Capacitor"],"picked":"Doom and Gloom+1","floor":27},{"not_picked":["Chaos","Reprogram"],"picked":"Static Discharge+1","floor":30},{"not_picked":["Stack","Turbo"],"picked":"Redo+1","floor":31}],"player_experience":514652,"relics_obtained":[{"floor":6,"key":"Symbiotic Virus"},{"floor":8,"key":"Vajra"},{"floor":9,"key":"Regal Pillow"},{"floor":10,"key":"Odd Mushroom"},{"floor":14,"key":"PreservedInsect"},{"floor":24,"key":"The Courier"},{"floor":26,"key":"Anchor"},{"floor":31,"key":"Pen Nib"}],"event_choices":[{"damage_healed":0,"gold_gain":0,"cards_transformed":["Strike_B"],"player_choice":"Change","damage_taken":0,"max_hp_gain":0,"max_hp_loss":0,"event_name":"Living Wall","floor":2,"gold_loss":0,"cards_obtained":["Electrodynamics"]},{"damage_healed":0,"gold_gain":175,"player_choice":"AGREE","damage_taken":0,"max_hp_gain":0,"max_hp_loss":0,"event_name":"Liars Game","floor":3,"gold_loss":0,"cards_obtained":["Doubt"]},{"damage_healed":0,"gold_gain":0,"player_choice":"Fought Mushrooms","damage_taken":0,"max_hp_gain":0,"max_hp_loss":0,"event_name":"Mushrooms","floor":10,"gold_loss":0},{"damage_healed":0,"gold_gain":0,"cards_transformed":["Strike_B","Strike_B"],"player_choice":"Became Test Subject","damage_taken":0,"max_hp_gain":0,"max_hp_loss":0,"event_name":"Drug Dealer","floor":19,"gold_loss":0,"cards_obtained":["Loop","Darkness"]},{"damage_healed":0,"gold_gain":99,"player_choice":"Stole From Cult","damage_taken":0,"max_hp_gain":0,"max_hp_loss":0,"event_name":"Nest","floor":20,"gold_loss":0}],"is_beta":false,"boss_relics":[{"not_picked":["Ectoplasm","Snecko Eye"],"picked":"White Beast Statue"}],"items_purged_floors":[4,29],"is_endless":false,"potions_floor_spawned":[1,8,12,14,18,21,22,24,27,30,31],"killed_by":"Champ","ascension_level":11}