{"gold_per_floor":[14,32,32,32,45,45,65,77,77,109,109,143,143,143,143,240,240,257,274,161,161,177,177,190,190,214,214,214,233,233,249,249,352,352,367,22,42,42,42,42,0,0,0,14,14,14,31,131,131,131],"floor_reached":51,"playtime":1909,"items_purged":["Parasite","Strike_B"],"score":988,"play_id":"8ef66ffd-e223-46d8-860c-fc42e539b1ac","local_time":"20190209150107","is_ascension_mode":true,"campfire_choices":[{"data":"Static Discharge","floor":6.0,"key":"SMITH"},{"floor":11.0,"key":"REST"},{"floor":13.0,"key":"REST"},{"data":"Fission","floor":15.0,"key":"SMITH"},{"floor":23,"key":"REST"},{"floor":25,"key":"REST"},{"data":"Core Surge","floor":28,"key":"SMITH"},{"data":"Zap","floor":30,"key":"SMITH"},{"data":"Leap","floor":32,"key":"SMITH"},{"data":"Biased Cognition","floor":40,"key":"SMITH"},{"floor":45,"key":"REST"},{"data":"Darkness","floor":49,"key":"SMITH"}],"neow_cost":"NO_GOLD","seed_source_timestamp":13311512950249,"circlet_count":0,"master_deck":["AscendersBane","Strike_B+1","Defend_B","Defend_B","Defend_B","Zap+1","Cold Snap+1","Streamline","Static Discharge+1","Go for the Eyes","Leap+1","Fission+1","Glacier","Core Surge+1","Cold Snap+1","Genetic Algorithm+1","Defragment+1","Glacier","Biased Cognition+1","Hologram","Bandage Up","Doom and Gloom+1","Ball Lightning+1","Darkness+1"],"special_seed":0,"relics":["Cracked Core","StoneCalendar","Ice Cream","Pocketwatch","Nuclear Battery","Whetstone","Pantograph","Red Mask","Dodecahedron","FossilizedHelix"],"potions_floor_usage":[22,24,31,33,37],"damage_taken":[{"damage":1.0,"enemies":"2 Louse","floor":1.0,"turns":2.0},{"damage":0.0,"enemies":"Cultist","floor":2.0,"turns":3.0},{"damage":2.0,"enemies":"Jaw Worm","floor":5.0,"turns":3.0},{"damage":9.0,"enemies":"2 Fungi Beasts","floor":7.0,"turns":3.0},{"damage":20.0,"enemies":"Gremlin Gang","floor":8.0,"turns":2.0},{"damage":32.0,"enemies":"Gremlin Nob","floor":10.0,"turns":4.0},{"damage":16.0,"enemies":"3 Sentries","floor":12.0,"turns":5.0},{"damage":31.0,"enemies":"Slime Boss","floor":16.0,"turns":10.0},{"damage":20.0,"enemies":"2 Thieves","floor":18.0,"turns":3.0},{"damage":14.0,"enemies":"Shell Parasite","floor":19.0,"turns":5.0},{"damage":16,"enemies":"Centurion and Healer","floor":22,"turns":5},{"damage":4,"enemies":"Snake Plant","floor":24,"turns":3},{"damage":5,"enemies":"Shelled Parasite and Fungi","floor":29,"turns":6},{"damage":0,"enemies":"Cultist and Chosen","floor":31,"turns":6},{"damage":29,"enemies":"Champ","floor":33,"turns":18},{"damage":12,"enemies":"3 Shapes","floor":35,"turns":4},{"damage":0,"enemies":"Orb Walker","floor":37,"turns":3},{"damage":10,"enemies":"Jaw Worm Horde","floor":44,"turns":5},{"damage":4,"enemies":"4 Shapes","floor":47,"turns":5},{"damage":0,"enemies":"Mind Bloom Boss Battle","floor":48,"turns":7},{"damage":57,"enemies":"Time Eater","floor":50,"turns":12}],"seed_played":"5088898562958605634","potions_obtained":[{"floor":5.0,"key":"EssenceOfSteel"},{"floor":8.0,"key":"Regen Potion"},{"floor":10.0,"key":"AttackPotion"},{"floor":16.0,"key":"SteroidPotion"},{"floor":19.0,"key":"Swift Potion"},{"floor":27,"key":"Regen Potion"},{"floor":27,"key":"Fire Potion"},{"floor":33,"key":"Swift Potion"},{"floor":35,"key":"Weak Potion"},{"floor":47,"key":"Swift Potion"}],"is_trial":false,"path_per_floor":["M","M","?","$","M","R","M","M","T","E","R","E","R","?","R","B",null,"M","M","$","?","M","R","M","R","T","?","R","M","R","M","R","B",null,"M","$","M","?","?","R","?","?","T","M","R","$","M","?","R","B",null],"character_chosen":"DEFECT","items_purchased":["Defragment","Pantograph"],"campfire_rested":5,"item_purchase_floors":[20,36],"current_hp_per_floor":[67,67,67,67,65,65,56,36,36,16,38,22,44,62,62,31,64,44,30,30,30,14,35,31,52,52,52,52,47,47,62,62,33,62,50,50,50,50,50,50,50,50,50,44,65,65,65,72,72,19],"gold":131,"neow_bonus":"REMOVE_TWO","is_prod":false,"is_daily":false,"chose_seed":false,"campfire_upgraded":7,"win_rate":0,"timestamp":1549692067,"path_taken":["M","M","?","?","?","R","M","M","T","E","R","E","R","?","R","BOSS","M","M","$","?","?","R","M","R","T","?","R","M","R","M","R","BOSS","M","$","M","?","?","R","?","?","T","M","R","?","?","?","R","BOSS"],"build_version":"2019-01-23","purchased_purges":2,"victory":true,"max_hp_per_floor":[75,75,75,75,75,75,75,75,75,75,75,75,75,75,75,75,75,75,75,72,72,72,72,72,72,72,72,72,72,72,72,72,72,72,72,72,72,72,72,72,72,72,72,72,72,72,72,72,72,72],"card_choices":[{"not_picked":["Beam Cell","Tempest"],"picked":"Cold Snap","floor":1.0},{"not_picked":["Gash","Stack"],"picked":"Streamline","floor":2.0},{"not_picked":["Turbo","Double Energy"],"picked":"Static Discharge","floor":5.0},{"not_picked":["Scrape","Reprogram"],"picked":"Go for the Eyes","floor":7.0},{"not_picked":["Chaos","Barrage"],"picked":"Leap","floor":8.0},{"not_picked":["Tempest","Steam Power"],"picked":"Fission","floor":10.0},{"not_picked":["Storm","Darkness"],"picked":"Glacier","floor":12.0},{"not_picked":["Hyperbeam","Fission"],"picked":"Core Surge","floor":16.0},{"not_picked":["Steam","Redo"],"picked":"Cold Snap+1","floor":18.0},{"not_picked":["Recycle","Reinforced Body"],"picked":"Genetic Algorithm+1","floor":19.0},{"not_picked":["Barrage","Stack+1","Streamline+1"],"picked":"SKIP","floor":22},{"not_picked":["Barrage+1","Gash","Sweeping Beam"],"picked":"SKIP","floor":24},{"not_picked":["Undo","Steam","Redo"],"picked":"SKIP","floor":29},{"not_picked":["Turbo","Sweeping Beam"],"picked":"Glacier","floor":31},{"not_picked":["Hyperbeam","Seek"],"picked":"Biased Cognition","floor":33},{"not_picked":["Turbo","Steam Power"],"picked":"Hologram","floor":35},{"not_picked":["Stack","Steam","Sweeping Beam+1"],"picked":"SKIP","floor":37},{"not_picked":["PanicButton","Mind Blast"],"picked":"Bandage Up","floor":38},{"not_picked":["FTL+1","Sweeping Beam"],"picked":"Doom and Gloom+1","floor":44},{"not_picked":["Glacier+1","Double Energy"],"picked":"Ball Lightning+1","floor":47},{"not_picked":["Rip and Tear+1","Beam Cell"],"picked":"Darkness","floor":48}],"player_experience":309522,"relics_obtained":[{"floor":9.0,"key":"StoneCalendar"},{"floor":10.0,"key":"Ice Cream"},{"floor":12.0,"key":"Pocketwatch"},{"floor":26,"key":"Whetstone"},{"floor":43,"key":"Dodecahedron"},{"floor":48,"key":"FossilizedHelix"}],"event_choices":[{"cards_removed":["Strike_B"],"damage_healed":0.0,"max_hp_gain":0.0,"max_hp_loss":0.0,"gold_gain":0.0,"event_name":"Purifier","player_choice":"Purged","floor":3.0,"gold_loss":0.0,"damage_taken":0.0},{"damage_healed":18.0,"max_hp_gain":0.0,"max_hp_loss":0.0,"gold_gain":0.0,"event_name":"Mushrooms","player_choice":"Healed and dodged fight","floor":14.0,"gold_loss":0.0,"damage_taken":0.0,"cards_obtained":["Parasite"]},{"damage_healed":0.0,"max_hp_gain":0.0,"max_hp_loss":0.0,"gold_gain":0.0,"event_name":"Accursed Blacksmith","player_choice":"Forge","floor":21.0,"gold_loss":0.0,"damage_taken":0.0,"cards_upgraded":["Defragment"]},{"damage_healed":0,"gold_gain":0,"player_choice":"Got Potions","damage_taken":0,"max_hp_gain":0,"max_hp_loss":0,"event_name":"Lab","floor":27,"gold_loss":0},{"damage_healed":0,"gold_gain":0,"player_choice":"Memory 1","damage_taken":0,"max_hp_gain":0,"max_hp_loss":0,"event_name":"SensoryStone","floor":38,"gold_loss":0},{"damage_healed":0,"gold_gain":0,"player_choice":"Ignored","damage_taken":0,"max_hp_gain":0,"max_hp_loss":0,"event_name":"Mysterious Sphere","floor":39,"gold_loss":0},{"damage_healed":0,"gold_gain":0,"player_choice":"Paid","damage_taken":0,"relics_obtained":["Red Mask"],"max_hp_gain":0,"max_hp_loss":0,"event_name":"Tomb of Lord Red Mask","floor":41,"gold_loss":42},{"cards_removed":["Dualcast"],"damage_healed":0,"gold_gain":0,"player_choice":"Removed Skill","damage_taken":0,"max_hp_gain":0,"max_hp_loss":0,"event_name":"Falling","floor":42,"gold_loss":0},{"damage_healed":0,"gold_gain":0,"player_choice":"Fight","damage_taken":0,"max_hp_gain":0,"max_hp_loss":0,"event_name":"MindBloom","floor":48,"gold_loss":0}],"is_beta":false,"boss_relics":[{"not_picked":["Velvet Choker","FrozenCore"],"picked":"Nuclear Battery"},{"not_picked":["Calling Bell","Astrolabe","Busted Crown"]}],"items_purged_floors":[20,36],"is_endless":false,"potions_floor_spawned":[5,8,10,16,19,29,33,35,47,48],"ascension_level":11}