{"gold_per_floor":[110,121,138,152,152,165,9,9,9,19,19,32,58,78,78,78],"floor_reached":16,"playtime":749,"items_purged":[],"score":111,"play_id":"a24bd719-bb5c-466f-ae3c-3b81e9e17b3e","local_time":"20190105111014","is_ascension_mode":true,"campfire_choices":[{"floor":11,"key":"REST"},{"floor":15,"key":"REST"}],"neow_cost":"TEN_PERCENT_HP_LOSS","seed_source_timestamp":1610609929362,"circlet_count":0,"master_deck":["Strike_B","Strike_B","Strike_B","Defend_B","Defend_B","Defend_B","Defend_B","Zap","Dualcast","Echo Form","Rebound","Streamline","Compile Driver","Ball Lightning","Cold Snap","Turbo","Rainbow","Static Discharge","Melter"],"relics":["Cracked Core","PreservedInsect","Bottled Tornado","Bottled Flame"],"potions_floor_usage":[13,13,13,14],"damage_taken":[{"damage":0,"enemies":"Cultist","floor":1,"turns":4},{"damage":12,"enemies":"Jaw Worm","floor":2,"turns":4},{"damage":2,"enemies":"2 Louse","floor":3,"turns":2},{"damage":29,"enemies":"Gremlin Gang","floor":4,"turns":4},{"damage":8,"enemies":"Large Slime","floor":6,"turns":5},{"damage":9,"enemies":"Blue Slaver","floor":10,"turns":3},{"damage":13,"enemies":"Lots of Slimes","floor":12,"turns":3},{"damage":8,"enemies":"3 Sentries","floor":13,"turns":4},{"damage":6,"enemies":"Exordium Wildlife","floor":14,"turns":5},{"damage":28,"enemies":"The Guardian","floor":16,"turns":5}],"seed_played":"-5347371021026282853","potions_obtained":[{"floor":3,"key":"Energy Potion"},{"floor":4,"key":"PowerPotion"},{"floor":12,"key":"Explosive Potion"},{"floor":13,"key":"Dexterity Potion"}],"is_trial":false,"path_per_floor":["M","M","M","M","?","M","$","?","T","M","R","M","E","M","R","B"],"character_chosen":"DEFECT","items_purchased":["PreservedInsect"],"campfire_rested":2,"item_purchase_floors":[7],"current_hp_per_floor":[68,56,54,25,25,17,17,17,17,8,28,15,7,1,21,0],"gold":78,"neow_bonus":"THREE_RARE_CARDS","is_prod":false,"is_daily":false,"chose_seed":false,"campfire_upgraded":0,"win_rate":0,"timestamp":1546654214,"path_taken":["M","?","M","M","?","M","$","?","T","M","R","M","E","M","R","BOSS"],"build_version":"2019-01-03v4","purchased_purges":0,"victory":false,"max_hp_per_floor":[68,68,68,68,68,68,68,68,68,68,68,68,68,68,68,68],"card_choices":[{"not_picked":["Amplify","Meteor Strike"],"picked":"Echo Form","floor":0},{"not_picked":["Auto Shields","Scrape"],"picked":"Rebound","floor":1},{"not_picked":["Skim","Barrage"],"picked":"Streamline","floor":2},{"not_picked":["Stack","White Noise"],"picked":"Compile Driver","floor":3},{"not_picked":["Compile Driver","Scrape"],"picked":"Ball Lightning","floor":4},{"not_picked":["Coolheaded","Melter"],"picked":"Cold Snap","floor":6},{"not_picked":["Rebound","Go for the Eyes"],"picked":"Turbo","floor":10},{"not_picked":["Steam Power","Beam Cell"],"picked":"Rainbow","floor":12},{"not_picked":["FTL","Capacitor"],"picked":"Static Discharge","floor":13},{"not_picked":["Go for the Eyes","Sweeping Beam"],"picked":"Melter","floor":14}],"player_experience":100733,"relics_obtained":[{"floor":9,"key":"Bottled Tornado"},{"floor":13,"key":"Bottled Flame"}],"event_choices":[{"damage_healed":0,"gold_gain":0,"player_choice":"Ignored","damage_taken":0,"max_hp_gain":0,"max_hp_loss":0,"event_name":"Shining Light","floor":5,"gold_loss":0},{"cards_removed":["Strike_B"],"damage_healed":0,"gold_gain":0,"player_choice":"Purged","damage_taken":0,"max_hp_gain":0,"max_hp_loss":0,"event_name":"Purifier","floor":8,"gold_loss":0}],"is_beta":false,"boss_relics":[],"items_purged_floors":[],"is_endless":false,"potions_floor_spawned":[3,4,12,13],"killed_by":"The Guardian","ascension_level":1}