{"gold_per_floor":[111,29,49,224,242,273,273,33,87,39,66,90,58,85,85,190,190,210,1,1,17,17,43,53,53,53,71,85,112,131,141,141,246,246,257,275,83,1082,1082,1082,1108,1120,1146,1158,657,670,127,127,127,127,127,127,7,37,37],"floor_reached":56,"playtime":3930,"items_purged":["Doubt","Meteor Strike+1","Strike_B+1","Normality","Normality"],"score":1260,"play_id":"81717dab-60c8-44af-87af-443247d371e1","local_time":"20190205203629","is_ascension_mode":false,"campfire_choices":[{"floor":15,"key":"REST"},{"floor":25,"key":"REST"},{"floor":32,"key":"REST"},{"floor":40,"key":"RECALL"},{"floor":49,"key":"REST"},{"floor":52,"key":"REST"}],"neow_cost":"NONE","seed_source_timestamp":1624035825881068,"circlet_count":0,"master_deck":["Defend_B","Defend_B","Defend_B","Zap","Dualcast","Storm","Storm","Ball Lightning","Undo","Core Surge+1","Apotheosis","Defragment","Seek","Hologram+1","Multi-Cast+1","Genetic Algorithm","Glacier","Force Field","Sweeping Beam+1","Doom and Gloom+1","Tempest","Fusion","Undo+1","Reboot","Recycle","Seek","Compile Driver+1","Loop","Master of Strategy","Finesse","Dark Shackles","Capacitor+1","Defragment+1","Double Energy","Panacea","Enlightenment","Static Discharge+1","Storm+1"],"relics":["Fusion Hammer","Regal Pillow","Bottled Lightning","Centennial Puzzle","Whetstone","Astrolabe","Bag of Preparation","Oddly Smooth Stone","Vajra","Philosopher\u0027s Stone","Frozen Egg 2","DataDisk","Medical Kit","Art of War","OrangePellets","Ice Cream"],"potions_floor_usage":[6,21,23,29,29,29,33,46],"damage_taken":[{"damage":3,"enemies":"2 Louse","floor":1,"turns":2},{"damage":3,"enemies":"Small Slimes","floor":3,"turns":3},{"damage":6,"enemies":"Jaw Worm","floor":5,"turns":2},{"damage":17,"enemies":"3 Sentries","floor":6,"turns":6},{"damage":2,"enemies":"Lagavulin","floor":11,"turns":6},{"damage":16,"enemies":"Gremlin Nob","floor":14,"turns":3},{"damage":36,"enemies":"Hexaghost","floor":16,"turns":7},{"damage":2,"enemies":"Shell Parasite","floor":18,"turns":4},{"damage":23,"enemies":"2 Thieves","floor":21,"turns":4},{"damage":12,"enemies":"Book of Stabbing","floor":23,"turns":7},{"damage":0,"enemies":"Centurion and Healer","floor":24,"turns":7},{"damage":0,"enemies":"3 Cultists","floor":27,"turns":4},{"damage":4,"enemies":"Snake Plant","floor":28,"turns":5},{"damage":24,"enemies":"Slavers","floor":29,"turns":4},{"damage":0,"enemies":"Chosen and Byrds","floor":30,"turns":3},{"damage":0,"enemies":"Sentry and Sphere","floor":31,"turns":5},{"damage":12,"enemies":"Champ","floor":33,"turns":7},{"damage":0,"enemies":"3 Darklings","floor":35,"turns":3},{"damage":0,"enemies":"3 Shapes","floor":36,"turns":5},{"damage":7,"enemies":"Nemesis","floor":41,"turns":9},{"damage":0,"enemies":"Writhing Mass","floor":42,"turns":5},{"damage":0,"enemies":"Maw","floor":44,"turns":4},{"damage":1,"enemies":"4 Shapes","floor":46,"turns":4},{"damage":0,"enemies":"Time Eater","floor":50,"turns":7},{"damage":8,"enemies":"Shield and Spear","floor":54,"turns":6},{"damage":15,"enemies":"The Heart","floor":55,"turns":9}],"seed_played":"-5742087891794733088","potions_obtained":[{"floor":5,"key":"Strength Potion"},{"floor":11,"key":"SteroidPotion"},{"floor":14,"key":"Fire Potion"},{"floor":16,"key":"FearPotion"},{"floor":21,"key":"Swift Potion"},{"floor":24,"key":"Poison Potion"},{"floor":29,"key":"Ancient Potion"},{"floor":31,"key":"SteroidPotion"},{"floor":33,"key":"SneckoOil"},{"floor":35,"key":"Fire Potion"},{"floor":36,"key":"Explosive Potion"}],"is_trial":false,"path_per_floor":["M","$","M","?","M","E","?","$","T","$","E","T","?","E","R","B",null,"M","$","?","M","?","E","M","R","T","M","M","E","M","M","R","B",null,"M","M","$","?","?","R","E","M","T","M","$","M","$","?","R","B",null,"R","$","E","B",null],"character_chosen":"DEFECT","items_purchased":["Storm","Apotheosis","Fire Potion","Glacier","Force Field","Loop","Medical Kit","Art of War","OrangePellets","Double Energy","Panacea","Enlightenment","Static Discharge+1"],"campfire_rested":5,"item_purchase_floors":[2,8,10,19,19,37,45,45,47,47,47,53,53],"current_hp_per_floor":[72,72,69,69,63,46,46,46,46,46,44,44,44,28,65,29,75,73,73,73,50,50,38,38,75,75,75,71,47,47,47,75,63,75,75,75,75,75,65,65,58,58,58,58,58,57,57,57,75,75,75,75,75,67,52],"gold":37,"neow_bonus":"BOSS_RELIC","is_prod":false,"is_daily":false,"chose_seed":false,"campfire_upgraded":0,"win_rate":0,"timestamp":1549416989,"path_taken":["M","$","M","?","M","E","?","$","T","?","E","?","?","E","R","BOSS","M","$","?","M","?","E","M","R","T","M","M","E","M","M","R","BOSS","M","?","$","?","?","R","E","M","T","M","?","?","$","?","R","BOSS","R","$","E","BOSS"],"build_version":"2019-01-23","purchased_purges":5,"victory":true,"max_hp_per_floor":[75,75,75,75,75,75,75,75,75,75,75,75,75,75,75,75,75,75,75,75,75,75,75,75,75,75,75,75,75,75,75,75,75,75,75,75,75,75,75,75,75,75,75,75,75,75,75,75,75,75,75,75,75,75,75],"card_choices":[{"not_picked":["Turbo","Go for the Eyes"],"picked":"Compile Driver","floor":1},{"not_picked":["Recycle","Beam Cell"],"picked":"Storm","floor":3},{"not_picked":["Redo","Thunder Strike"],"picked":"Ball Lightning","floor":5},{"not_picked":["Go for the Eyes","Heatsinks"],"picked":"Undo","floor":6},{"not_picked":["Meteor Strike","Heatsinks","Darkness"],"picked":"SKIP","floor":11},{"not_picked":["Barrage","Beam Cell"],"picked":"Defragment","floor":14},{"not_picked":["Fission","Meteor Strike"],"picked":"Seek","floor":16},{"not_picked":["Turbo+1","Barrage"],"picked":"Genetic Algorithm","floor":18},{"not_picked":["Lockon","Reinforced Body"],"picked":"Sweeping Beam+1","floor":21},{"not_picked":["Rebound","Steam"],"picked":"Doom and Gloom+1","floor":23},{"not_picked":["Barrage","Ball Lightning"],"picked":"Tempest","floor":24},{"not_picked":["Leap","Chaos"],"picked":"Fusion","floor":27},{"not_picked":["Compile Driver","Chaos"],"picked":"Undo+1","floor":28},{"not_picked":["Rip and Tear+1","Beam Cell+1"],"picked":"Reboot","floor":29},{"not_picked":["Conserve Battery","Compile Driver"],"picked":"Recycle","floor":30},{"not_picked":["Compile Driver","Blizzard+1","Barrage+1"],"picked":"SKIP","floor":31},{"not_picked":["All For One","Machine Learning"],"picked":"Seek","floor":33},{"not_picked":["Genetic Algorithm","Cold Snap","Chill"],"picked":"SKIP","floor":35},{"not_picked":["Cold Snap+1","Steam"],"picked":"Compile Driver+1","floor":36},{"not_picked":["Secret Weapon","Forethought"],"picked":"Master of Strategy","floor":39},{"not_picked":["Discovery","Good Instincts"],"picked":"Finesse","floor":39},{"not_picked":["Impatience","Master of Strategy"],"picked":"Dark Shackles","floor":39},{"not_picked":["Glacier+1","Force Field","Undo+1"],"picked":"SKIP","floor":41},{"not_picked":["Beam Cell+1","Stack"],"picked":"Capacitor+1","floor":42},{"not_picked":["Hologram","Sweeping Beam+1"],"picked":"Defragment+1","floor":44},{"not_picked":["Turbo","FTL","Recycle+1"],"picked":"SKIP","floor":46},{"not_picked":["Genetic Algorithm","Melter"],"picked":"Storm+1","floor":54}],"player_experience":683200,"relics_obtained":[{"floor":6,"key":"Regal Pillow"},{"floor":11,"key":"Bottled Lightning"},{"floor":12,"key":"Centennial Puzzle"},{"floor":14,"key":"Whetstone"},{"floor":23,"key":"Bag of Preparation"},{"floor":26,"key":"Oddly Smooth Stone"},{"floor":29,"key":"Vajra"},{"floor":41,"key":"Frozen Egg 2"},{"floor":43,"key":"DataDisk"},{"floor":54,"key":"Ice Cream"}],"event_choices":[{"damage_healed":0,"gold_gain":175,"player_choice":"AGREE","damage_taken":0,"max_hp_gain":0,"max_hp_loss":0,"event_name":"Liars Game","floor":4,"gold_loss":0,"cards_obtained":["Doubt"]},{"damage_healed":0,"gold_gain":0,"cards_transformed":["Strike_B"],"player_choice":"Change","damage_taken":0,"max_hp_gain":0,"max_hp_loss":0,"event_name":"Living Wall","floor":7,"gold_loss":0,"cards_obtained":["Core Surge"]},{"damage_healed":0,"gold_gain":0,"player_choice":"Left Gold","damage_taken":0,"max_hp_gain":0,"max_hp_loss":0,"event_name":"World of Goop","floor":13,"gold_loss":32},{"damage_healed":0,"gold_gain":0,"player_choice":"Ignored","damage_taken":0,"max_hp_gain":0,"max_hp_loss":0,"event_name":"Beggar","floor":20,"gold_loss":0},{"cards_removed":["Compile Driver"],"damage_healed":0,"gold_gain":0,"player_choice":"Purged","damage_taken":0,"max_hp_gain":0,"max_hp_loss":0,"event_name":"Purifier","floor":22,"gold_loss":0},{"damage_healed":0,"gold_gain":999,"player_choice":"Gold","damage_taken":0,"max_hp_gain":0,"max_hp_loss":0,"event_name":"MindBloom","floor":38,"gold_loss":0,"cards_obtained":["Normality","Normality"]},{"damage_healed":0,"gold_gain":0,"player_choice":"Memory 3","damage_taken":10,"max_hp_gain":0,"max_hp_loss":0,"event_name":"SensoryStone","floor":39,"gold_loss":0},{"damage_healed":0,"gold_gain":0,"player_choice":"Ignored","damage_taken":0,"max_hp_gain":0,"max_hp_loss":0,"event_name":"Mysterious Sphere","floor":48,"gold_loss":0}],"is_beta":false,"boss_relics":[{"not_picked":["Cursed Key","White Beast Statue"],"picked":"Astrolabe"},{"not_picked":["Runic Dome","Calling Bell"],"picked":"Philosopher\u0027s Stone"}],"items_purged_floors":[8,19,37,45,47],"is_endless":false,"potions_floor_spawned":[5,11,14,16,21,24,29,31,33,35,36,42],"ascension_level":0}