{"gold_per_floor":[117,131,151,76,76,76,111,124,124,147,159,246,273,89,89,89],"floor_reached":16,"playtime":761,"items_purged":[],"score":179,"play_id":"4ce1cff7-46ec-4955-a459-8b54aaa91dfd","local_time":"20190226083118","is_ascension_mode":true,"campfire_choices":[{"data":"True Grit","floor":6,"key":"SMITH"},{"data":"Metallicize","floor":11,"key":"SMITH"},{"floor":15,"key":"REST"}],"neow_cost":"NONE","seed_source_timestamp":520271298041991,"circlet_count":0,"master_deck":["AscendersBane","Strike_R","Strike_R","Strike_R","Strike_R","Defend_R","Defend_R","Defend_R","Defend_R","Bash","True Grit+1","Metallicize+1","Shockwave","Flame Barrier","Iron Wave","Shrug It Off"],"relics":["Burning Blood","NeowsBlessing","Boot","Strawberry","MawBank","Happy Flower"],"potions_floor_usage":[8],"damage_taken":[{"damage":0,"enemies":"Cultist","floor":1,"turns":1},{"damage":0,"enemies":"2 Louse","floor":2,"turns":1},{"damage":0,"enemies":"Jaw Worm","floor":3,"turns":1},{"damage":41,"enemies":"3 Sentries","floor":7,"turns":16},{"damage":15,"enemies":"Gremlin Gang","floor":8,"turns":9},{"damage":12,"enemies":"Large Slime","floor":10,"turns":11},{"damage":11,"enemies":"Exordium Wildlife","floor":13,"turns":7},{"damage":42,"enemies":"The Guardian","floor":16,"turns":16}],"seed_played":"-4868126527772867712","potions_obtained":[{"floor":7,"key":"AttackPotion"},{"floor":10,"key":"LiquidBronze"}],"is_trial":false,"path_per_floor":["M","M","M","?","T","R","E","M","T","M","R","?","M","$","R","B"],"character_chosen":"IRONCLAD","items_purchased":["Shrug It Off","Happy Flower"],"campfire_rested":1,"item_purchase_floors":[14,14],"current_hp_per_floor":[74,75,75,75,75,75,47,38,38,32,32,21,16,16,40,0],"gold":89,"neow_bonus":"THREE_ENEMY_KILL","is_prod":false,"is_daily":false,"chose_seed":false,"campfire_upgraded":2,"win_rate":0,"timestamp":1551198678,"path_taken":["M","M","?","?","?","R","E","?","T","M","R","?","M","$","R","BOSS"],"build_version":"2019-01-23","purchased_purges":0,"victory":false,"max_hp_per_floor":[75,75,75,75,75,75,82,82,82,82,82,82,82,82,82,82],"card_choices":[{"not_picked":["Pommel Strike","Warcry"],"picked":"True Grit","floor":1},{"not_picked":["True Grit","Thunderclap"],"picked":"Metallicize","floor":2},{"not_picked":["True Grit","Armaments"],"picked":"Shockwave","floor":3},{"not_picked":["Sword Boomerang","Anger"],"picked":"Flame Barrier","floor":7},{"not_picked":["Flex","Dual Wield"],"picked":"Iron Wave","floor":8},{"not_picked":["Anger","Pommel Strike","Wild Strike"],"picked":"SKIP","floor":10},{"not_picked":["Shockwave","Dual Wield","Cleave"],"picked":"SKIP","floor":13}],"player_experience":527360,"relics_obtained":[{"floor":5,"key":"Boot"},{"floor":7,"key":"Strawberry"},{"floor":9,"key":"MawBank"}],"event_choices":[{"cards_removed":["Strike_R"],"damage_healed":0,"gold_gain":0,"player_choice":"Card Removal","damage_taken":0,"max_hp_gain":0,"max_hp_loss":0,"event_name":"The Cleric","floor":4,"gold_loss":75},{"damage_healed":0,"gold_gain":75,"player_choice":"Gather Gold","damage_taken":11,"max_hp_gain":0,"max_hp_loss":0,"event_name":"World of Goop","floor":12,"gold_loss":0}],"is_beta":false,"boss_relics":[],"items_purged_floors":[],"is_endless":false,"potions_floor_spawned":[7,10],"killed_by":"The Guardian","ascension_level":15}