{"path_per_floor":["M","?","M","M","M","E","?","?","T","M","$","M","?","?","R"],"character_chosen":"IRONCLAD","items_purchased":["Singing Bowl"],"gold_per_floor":[118,118,143,158,176,212,212,291,291,305,79,94,94,94,94,94],"floor_reached":16,"campfire_rested":1,"playtime":679,"current_hp_per_floor":[80,60,66,72,61,56,56,28,28,25,25,29,22,22,46,0],"items_purged":["Normality"],"gold":94,"score":102,"play_id":"53a2101e-c0dc-4da4-ab1b-7fa32cc622b3","local_time":"20180421143827","is_prod":false,"is_daily":false,"chose_seed":false,"is_ascension_mode":false,"campfire_upgraded":0,"timestamp":1524346707,"path_taken":["M","?","M","M","M","E","?","?","T","M","$","M","?","?","R","BOSS"],"build_version":"2018-04-19","seed_source_timestamp":0,"purchased_purges":1,"victory":false,"master_deck":["Strike_R","Strike_R","Strike_R","Strike_R","Defend_R","Defend_R","Defend_R","Defend_R","Bash","Thunderclap","Flex","Shrug It Off","Seeing Red"],"max_hp_per_floor":[80,80,80,80,80,80,80,80,80,80,80,82,82,82,82,82],"relics":["Burning Blood","Golden Idol","Oddly Smooth Stone","Letter Opener","Calipers","Anchor","Singing Bowl","Pantograph"],"card_choices":[{"not_picked":["Pummel","Rupture"],"picked":"Thunderclap","floor":1.0},{"not_picked":["Thunderclap","Carnage"],"picked":"Flex","floor":3.0},{"not_picked":["Clothesline","Wild Strike"],"picked":"Shrug It Off","floor":4.0},{"not_picked":["Havoc","Wild Strike"],"picked":"Seeing Red","floor":5.0}],"player_experience":105017,"potions_floor_usage":[16],"damage_taken":[{"damage":5.0,"enemies":"Cultist","floor":1.0,"turns":4.0},{"damage":0.0,"enemies":"Jaw Worm","floor":3.0,"turns":4.0},{"damage":0.0,"enemies":"Small Slimes","floor":4.0,"turns":2.0},{"damage":17.0,"enemies":"Gremlin Gang","floor":5.0,"turns":5.0},{"damage":11.0,"enemies":"Gremlin Nob","floor":6.0,"turns":5.0},{"damage":34.0,"enemies":"Gremlin Nob","floor":8.0,"turns":5.0},{"damage":9.0,"enemies":"Exordium Wildlife","floor":10.0,"turns":4.0},{"damage":4.0,"enemies":"Looter","floor":12.0,"turns":3.0},{"damage":76,"enemies":"Slime Boss","floor":16,"turns":12}],"event_choices":[{"event_name":"Golden Idol","player_choice":"Take Damage","floor":2.0,"damage_taken":0.0},{"event_name":"Accursed Blacksmith","player_choice":"Rummage","floor":7.0,"damage_taken":0.0},{"event_name":"Dead Adventurer","player_choice":"Searched \u00272\u0027 times","floor":8.0,"damage_taken":0.0},{"event_name":"Scrap Ooze","player_choice":"success","floor":13.0,"damage_taken":7.0},{"event_name":"Living Wall","player_choice":"Forget","floor":14.0,"damage_taken":0.0}],"boss_relics":[],"potions_floor_spawned":[1,5,12],"seed_played":"6315553010140996317","killed_by":"Slime Boss","ascension_level":0,"is_trial":false}