{"gold_per_floor":[109,127,145,159,179,179,208,18,18,18,50,50,50,60,60,155,155,167,15,15,28,28,28,55,68,68,68,68,0,17,27,27,125,125,139,239,239,252,252,252,269,169,193,205,80,80,80,92,92,92],"floor_reached":50,"playtime":1902,"items_purged":["Strike_B","Pain","Parasite"],"score":686,"play_id":"5312d81a-14cf-4019-a09e-3e5b45fe739e","local_time":"20190207165607","is_ascension_mode":true,"campfire_choices":[{"data":"Chaos","floor":6,"key":"SMITH"},{"floor":10,"key":"REST"},{"floor":12,"key":"REST"},{"floor":15,"key":"REST"},{"floor":23,"key":"REST"},{"floor":28,"key":"REST"},{"floor":32,"key":"REST"},{"floor":40,"key":"REST"},{"floor":49,"key":"REST"}],"neow_cost":"NONE","seed_source_timestamp":24916722274024,"circlet_count":0,"master_deck":["Strike_B+1","Strike_B","Defend_B","Defend_B","Defend_B","Defend_B","Zap","Dualcast","Core Surge","Static Discharge","Coolheaded","Chaos+1","Gash","Gash","Capacitor","Consume","Thunder Strike+1","Heatsinks","Turbo","Electrodynamics","Leap","BootSequence","Ball Lightning","Steam","Creative AI","Hologram","Self Repair","Glacier","Static Discharge+1","Defragment","Injury","Lockon+1","Parasite"],"relics":["Cracked Core","Bronze Scales","Emotion Chip","Darkstone Periapt","Cursed Key","DataDisk","MutagenicStrength","Torii","Matryoshka","Orrery","Ginger","Pantograph","Whetstone","Boot","Smiling Mask"],"potions_floor_usage":[2,11,16,16,33,48],"damage_taken":[{"damage":1,"enemies":"Cultist","floor":1,"turns":3},{"damage":0,"enemies":"2 Louse","floor":2,"turns":1},{"damage":3,"enemies":"Small Slimes","floor":3,"turns":4},{"damage":9,"enemies":"3 Louse","floor":4,"turns":4},{"damage":10,"enemies":"2 Fungi Beasts","floor":5,"turns":4},{"damage":38,"enemies":"Lagavulin","floor":7,"turns":5},{"damage":20,"enemies":"Gremlin Nob","floor":11,"turns":5},{"damage":5,"enemies":"Blue Slaver","floor":14,"turns":3},{"damage":18,"enemies":"Hexaghost","floor":16,"turns":8},{"damage":7,"enemies":"Chosen","floor":18,"turns":4},{"damage":19,"enemies":"Shell Parasite","floor":21,"turns":3},{"damage":29,"enemies":"Slavers","floor":24,"turns":2},{"damage":9,"enemies":"Snake Plant","floor":25,"turns":2},{"damage":21,"enemies":"Shelled Parasite and Fungi","floor":30,"turns":4},{"damage":12,"enemies":"Snecko","floor":31,"turns":4},{"damage":37,"enemies":"Champ","floor":33,"turns":8},{"damage":4,"enemies":"3 Shapes","floor":35,"turns":6},{"damage":4,"enemies":"Mind Bloom Boss Battle","floor":36,"turns":7},{"damage":38,"enemies":"3 Darklings","floor":38,"turns":4},{"damage":12,"enemies":"Writhing Mass","floor":41,"turns":7},{"damage":14,"enemies":"Spire Growth","floor":44,"turns":4},{"damage":27,"enemies":"Transient","floor":48,"turns":5},{"damage":90,"enemies":"Awakened One","floor":50,"turns":6}],"seed_played":"-1153549392348357158","potions_obtained":[{"floor":1,"key":"Fire Potion"},{"floor":4,"key":"Energy Potion"},{"floor":11,"key":"Poison Potion"},{"floor":14,"key":"Block Potion"},{"floor":21,"key":"FearPotion"},{"floor":24,"key":"FocusPotion"},{"floor":33,"key":"Dexterity Potion"},{"floor":35,"key":"Strength Potion"},{"floor":44,"key":"Swift Potion"}],"is_trial":false,"path_per_floor":["M","M","M","M","M","R","E","$","T","R","E","R","?","M","R","B",null,"M","$","?","M","?","R","E","M","T","$","R","?","M","M","R","B",null,"M","?","?","M","?","R","M","$","T","M","$","$","T","M","R","B"],"character_chosen":"DEFECT","items_purchased":["Capacitor","Consume","DataDisk"],"campfire_rested":8,"item_purchase_floors":[8,8,19],"current_hp_per_floor":[67,67,64,55,45,45,7,7,7,29,9,31,31,26,48,30,64,57,57,57,38,38,60,31,22,28,28,52,52,31,19,43,6,62,58,61,61,30,30,54,55,55,61,47,47,47,53,33,61,0],"gold":92,"neow_bonus":"ONE_RANDOM_RARE_CARD","is_prod":false,"is_daily":false,"chose_seed":false,"campfire_upgraded":1,"win_rate":0,"timestamp":1549526167,"path_taken":["M","?","M","M","M","R","E","?","T","R","E","R","?","M","R","BOSS","M","?","?","M","?","R","E","M","T","$","R","?","M","M","R","BOSS","M","?","?","M","?","R","M","$","T","M","?","$","?","M","R","BOSS"],"build_version":"2019-01-23","purchased_purges":3,"victory":false,"max_hp_per_floor":[75,75,75,75,75,75,75,75,75,75,75,75,75,75,75,75,75,75,75,75,75,75,75,75,75,81,81,81,81,81,81,81,81,81,81,81,81,81,81,81,87,87,93,93,90,90,96,96,96,96],"card_choices":[{"not_picked":["Force Field","Stack"],"picked":"Static Discharge","floor":1},{"not_picked":["Cold Snap","Beam Cell"],"picked":"Coolheaded","floor":2},{"not_picked":["Stack","Turbo"],"picked":"Chaos","floor":3},{"not_picked":["Reboot","Chaos"],"picked":"Gash","floor":4},{"not_picked":["Undo","Aggregate"],"picked":"Cold Snap","floor":5},{"not_picked":["Loop","Turbo"],"picked":"Gash","floor":7},{"not_picked":["Go for the Eyes","Darkness"],"picked":"Thunder Strike","floor":11},{"not_picked":["Hologram","Streamline"],"picked":"Turbo","floor":14},{"not_picked":["Meteor Strike","Fission"],"picked":"Electrodynamics","floor":16},{"not_picked":["Heatsinks","Cold Snap","Barrage"],"picked":"SKIP","floor":18},{"not_picked":["Steam","Sweeping Beam"],"picked":"Leap","floor":21},{"not_picked":["Stack","FTL+1"],"picked":"BootSequence","floor":24},{"not_picked":["Multi-Cast","Beam Cell","Sweeping Beam"],"picked":"SKIP","floor":25},{"not_picked":["Redo","Darkness+1"],"picked":"Ball Lightning","floor":30},{"not_picked":["Sweeping Beam","FTL"],"picked":"Steam","floor":31},{"not_picked":["Core Surge","Amplify"],"picked":"Creative AI","floor":33},{"not_picked":["Barrage+1","Compile Driver+1"],"picked":"Hologram","floor":34},{"not_picked":["Hello World","Chaos"],"picked":"Self Repair","floor":34},{"not_picked":["Compile Driver","Sweeping Beam"],"picked":"Glacier","floor":34},{"not_picked":["Steam Power","Cold Snap"],"picked":"Static Discharge+1","floor":34},{"not_picked":["Ball Lightning+1","Cold Snap"],"picked":"Defragment","floor":35},{"not_picked":["Sunder+1","Coolheaded+1","Beam Cell+1"],"picked":"SKIP","floor":38},{"not_picked":["Meteor Strike","Undo","Consume"],"picked":"SKIP","floor":41},{"not_picked":["Streamline+1","Rebound+1"],"picked":"Lockon+1","floor":44},{"not_picked":["Rebound","Static Discharge+1","Melter+1"],"picked":"SKIP","floor":48}],"player_experience":277945,"relics_obtained":[{"floor":7,"key":"Bronze Scales"},{"floor":9,"key":"Emotion Chip"},{"floor":11,"key":"Darkstone Periapt"},{"floor":24,"key":"Torii"},{"floor":26,"key":"Matryoshka"},{"floor":36,"key":"Ginger"},{"floor":43,"key":"Pantograph"},{"floor":43,"key":"Whetstone"},{"floor":47,"key":"Boot"},{"floor":47,"key":"Smiling Mask"}],"event_choices":[{"damage_healed":0,"gold_gain":0,"cards_transformed":["Strike_B"],"player_choice":"Transformed","damage_taken":0,"max_hp_gain":0,"max_hp_loss":0,"event_name":"Transmorgrifier","floor":13,"gold_loss":0,"cards_obtained":["Heatsinks"]},{"damage_healed":0,"gold_gain":0,"player_choice":"Ignored","damage_taken":0,"max_hp_gain":0,"max_hp_loss":0,"event_name":"Vampires","floor":20,"gold_loss":0},{"damage_healed":0,"gold_gain":0,"player_choice":"Inject Mutagens","damage_taken":0,"relics_obtained":["MutagenicStrength"],"max_hp_gain":0,"max_hp_loss":0,"event_name":"Drug Dealer","floor":22,"gold_loss":0},{"damage_healed":0,"gold_gain":0,"player_choice":"Paid Fearfully","damage_taken":0,"max_hp_gain":0,"max_hp_loss":0,"event_name":"Masked Bandits","floor":29,"gold_loss":68},{"damage_healed":0,"gold_gain":0,"player_choice":"Fight","damage_taken":0,"max_hp_gain":0,"max_hp_loss":0,"event_name":"MindBloom","floor":36,"gold_loss":0},{"damage_healed":0,"gold_gain":0,"player_choice":"Ignored","damage_taken":0,"max_hp_gain":0,"max_hp_loss":0,"event_name":"Tomb of Lord Red Mask","floor":37,"gold_loss":0},{"cards_removed":["Cold Snap"],"damage_healed":0,"gold_gain":0,"player_choice":"Removed Attack","damage_taken":0,"max_hp_gain":0,"max_hp_loss":0,"event_name":"Falling","floor":39,"gold_loss":0}],"is_beta":false,"boss_relics":[{"not_picked":["Runic Pyramid","Coffee Dripper"],"picked":"Cursed Key"},{"not_picked":["Black Star","Philosopher\u0027s Stone"],"picked":"Orrery"}],"items_purged_floors":[8,42,45],"is_endless":false,"potions_floor_spawned":[1,4,11,14,21,24,33,35,41,44],"killed_by":"Awakened One","ascension_level":8}