{"gold_per_floor":[118,129,143,5,180,180,194,214,267,267,285,311,311,361,361,460,460,478,529,444,29,40,40,65,80,80,110,110,37,37,55,55,160,160,173,173,183,194,16,16,45,45,99,110,110],"floor_reached":45,"playtime":2282,"items_purged":["Doubt","Strike_B"],"score":584,"play_id":"ea6fd548-5479-458b-ae64-1b7fab2d80cb","local_time":"20190105100750","is_ascension_mode":true,"campfire_choices":[{"data":"Fission","floor":6,"key":"SMITH"},{"floor":13,"key":"REST"},{"data":"Doom and Gloom","floor":15,"key":"SMITH"},{"data":"Forethought","floor":23,"key":"SMITH"},{"data":"Loop","floor":28,"key":"SMITH"},{"data":"Consume","floor":30,"key":"SMITH"},{"data":"Darkness","floor":32,"key":"SMITH"},{"data":"Defragment","floor":40,"key":"SMITH"},{"floor":42,"key":"REST"}],"neow_cost":"NONE","seed_source_timestamp":1322152924348669,"circlet_count":0,"master_deck":["Strike_B","Strike_B","Defend_B","Defend_B","Defend_B","Defend_B","Zap","Dualcast","Conserve Battery","Glacier","Fission+1","Capacitor","Tempest","BootSequence","Doom and Gloom+1","Core Surge","Glacier","Magnetism","Forethought+1","Conserve Battery","Aggregate+1","Sunder","Loop+1","Consume+1","Darkness+1","Multi-Cast","Fission+1","Static Discharge","Sunder+1","Defragment+1","Reprogram+1","Doom and Gloom"],"relics":["Cracked Core","Tiny Chest","Bronze Scales","Oddly Smooth Stone","Philosopher\u0027s Stone","Centennial Puzzle","Blood Vial","Dodecahedron","Cables","Letter Opener","Snecko Eye","Ginger","Dream Catcher"],"potions_floor_usage":[12,16,16,16,24,33,33,33],"damage_taken":[{"damage":1,"enemies":"2 Louse","floor":1,"turns":3},{"damage":2,"enemies":"Jaw Worm","floor":2,"turns":3},{"damage":0,"enemies":"Cultist","floor":3,"turns":3},{"damage":9,"enemies":"Exordium Wildlife","floor":7,"turns":5},{"damage":0,"enemies":"Red Slaver","floor":8,"turns":5},{"damage":1,"enemies":"3 Louse","floor":11,"turns":3},{"damage":53,"enemies":"Gremlin Nob","floor":12,"turns":5},{"damage":15,"enemies":"Slime Boss","floor":16,"turns":8},{"damage":1,"enemies":"3 Byrds","floor":18,"turns":3},{"damage":0,"enemies":"Spheric Guardian","floor":22,"turns":2},{"damage":18,"enemies":"Slavers","floor":24,"turns":6},{"damage":1,"enemies":"Snecko","floor":25,"turns":5},{"damage":15,"enemies":"Gremlin Leader","floor":27,"turns":5},{"damage":9,"enemies":"Shelled Parasite and Fungi","floor":31,"turns":5},{"damage":31,"enemies":"Collector","floor":33,"turns":13},{"damage":1,"enemies":"Orb Walker","floor":35,"turns":3},{"damage":26,"enemies":"3 Darklings","floor":37,"turns":3},{"damage":1,"enemies":"Jaw Worm Horde","floor":38,"turns":2},{"damage":18,"enemies":"Reptomancer","floor":41,"turns":5},{"damage":12,"enemies":"Sphere and 2 Shapes","floor":44,"turns":3},{"damage":53,"enemies":"Nemesis","floor":45,"turns":8}],"seed_played":"-7710966163352910019","potions_obtained":[{"floor":2,"key":"EssenceOfSteel"},{"floor":7,"key":"EssenceOfSteel"},{"floor":10,"key":"PowerPotion"},{"floor":12,"key":"Fire Potion"},{"floor":25,"key":"SneckoOil"},{"floor":27,"key":"Fire Potion"},{"floor":31,"key":"LiquidBronze"},{"floor":38,"key":"SteroidPotion"},{"floor":41,"key":"EssenceOfSteel"}],"is_trial":false,"path_per_floor":["M","M","M","$","?","R","M","M","T","?","M","E","R","T","R","B",null,"M","T","?","$","M","R","E","M","T","E","R","$","R","M","R","B",null,"M","?","M","M","$","R","E","R","T","M","E"],"character_chosen":"DEFECT","items_purchased":["Capacitor","Tempest","Magnetism","Forethought","FocusPotion","Consume","Defragment"],"campfire_rested":2,"item_purchase_floors":[4,4,21,21,21,29,39],"current_hp_per_floor":[74,72,72,72,72,72,63,63,63,63,62,9,31,31,31,16,75,74,74,74,74,75,75,57,58,58,45,45,45,45,38,38,9,75,74,74,49,50,50,50,34,56,56,46,0],"gold":110,"neow_bonus":"REMOVE_CARD","is_prod":false,"is_daily":false,"chose_seed":false,"campfire_upgraded":7,"win_rate":0,"timestamp":1546700870,"path_taken":["M","M","M","$","?","R","M","M","T","?","?","E","R","?","R","BOSS","M","?","?","$","M","R","E","M","T","E","R","$","R","M","R","BOSS","M","?","?","M","$","R","E","R","T","M","E"],"build_version":"2019-01-03v4","purchased_purges":2,"victory":false,"max_hp_per_floor":[75,75,75,75,75,75,75,75,75,75,75,75,75,75,75,75,75,75,75,75,75,75,75,75,75,75,75,75,75,75,75,75,75,75,75,75,75,75,75,75,75,75,75,75,75],"card_choices":[{"not_picked":["Beam Cell","Leap"],"picked":"Conserve Battery","floor":1},{"not_picked":["Leap","Barrage"],"picked":"Glacier","floor":2},{"not_picked":["Conserve Battery","Rebound"],"picked":"Fission","floor":3},{"not_picked":["Turbo","Go for the Eyes"],"picked":"BootSequence","floor":7},{"not_picked":["Sweeping Beam","Cold Snap"],"picked":"Doom and Gloom","floor":8},{"not_picked":["Rebound","Steam Power","Compile Driver"],"picked":"SKIP","floor":11},{"not_picked":["Cold Snap","Hologram","Rebound"],"picked":"SKIP","floor":12},{"not_picked":["Creative AI","Amplify"],"picked":"Core Surge","floor":16},{"not_picked":["Turbo+1","Steam"],"picked":"Glacier","floor":18},{"not_picked":["Rebound","Hologram+1"],"picked":"Conserve Battery","floor":22},{"not_picked":["Beam Cell","Go for the Eyes+1"],"picked":"Aggregate+1","floor":24},{"not_picked":["Hologram","Go for the Eyes"],"picked":"Sunder","floor":25},{"not_picked":["Biased Cognition","Ball Lightning"],"picked":"Loop","floor":27},{"not_picked":["Glacier","Cold Snap"],"picked":"Darkness","floor":31},{"not_picked":["All For One","Reboot"],"picked":"Multi-Cast","floor":33},{"not_picked":["Go for the Eyes","Cold Snap","White Noise"],"picked":"SKIP","floor":35},{"not_picked":["Coolheaded+1","Streamline"],"picked":"Static Discharge","floor":37},{"not_picked":["Cold Snap","FTL+1"],"picked":"Sunder+1","floor":38},{"not_picked":["White Noise+1","FTL+1"],"picked":"Reprogram+1","floor":41},{"not_picked":["FTL","Stack"],"picked":"Doom and Gloom","floor":44}],"player_experience":318086,"relics_obtained":[{"floor":9,"key":"Tiny Chest"},{"floor":12,"key":"Bronze Scales"},{"floor":14,"key":"Oddly Smooth Stone"},{"floor":19,"key":"Centennial Puzzle"},{"floor":24,"key":"Dodecahedron"},{"floor":26,"key":"Cables"},{"floor":27,"key":"Letter Opener"},{"floor":41,"key":"Ginger"},{"floor":43,"key":"Dream Catcher"}],"event_choices":[{"damage_healed":0,"gold_gain":175,"player_choice":"AGREE","damage_taken":0,"max_hp_gain":0,"max_hp_loss":0,"event_name":"Liars Game","floor":5,"gold_loss":0,"cards_obtained":["Doubt"]},{"damage_healed":0,"gold_gain":0,"player_choice":"Got Potions","damage_taken":0,"max_hp_gain":0,"max_hp_loss":0,"event_name":"Lab","floor":10,"gold_loss":0},{"damage_healed":0,"gold_gain":0,"player_choice":"Obtained Relic","damage_taken":0,"relics_obtained":["Blood Vial"],"max_hp_gain":0,"max_hp_loss":0,"event_name":"Addict","floor":20,"gold_loss":85},{"damage_healed":0,"gold_gain":0,"player_choice":"Copied","damage_taken":0,"max_hp_gain":0,"max_hp_loss":0,"event_name":"Duplicator","floor":36,"gold_loss":0,"cards_obtained":["Fission"]}],"is_beta":false,"boss_relics":[{"not_picked":["Fusion Hammer","Lizard Tail"],"picked":"Philosopher\u0027s Stone"},{"not_picked":["Orrery","Coffee Dripper"],"picked":"Snecko Eye"}],"items_purged_floors":[21,39],"is_endless":false,"potions_floor_spawned":[2,7,12,25,27,31,38,41],"killed_by":"Nemesis","ascension_level":3}