{"gold_per_floor":[114,114,133,148,163,163,163,163,163,163,177,177,352,152,152,152],"floor_reached":16,"playtime":210,"items_purged":[],"score":90,"play_id":"ff5ee389-6662-4e12-93fd-02e2d0917955","local_time":"20190205173504","is_ascension_mode":false,"campfire_choices":[{"data":"Bash","floor":6,"key":"SMITH"},{"data":"Anger","floor":8,"key":"SMITH"},{"data":"Pommel Strike","floor":10,"key":"SMITH"},{"data":"Hemokinesis","floor":12,"key":"SMITH"},{"data":"Headbutt","floor":15,"key":"SMITH"}],"neow_cost":"NONE","seed_source_timestamp":1617451680519889,"circlet_count":0,"master_deck":["Strike_R","Strike_R","Strike_R","Strike_R","Strike_R+1","Defend_R","Defend_R","Defend_R","Defend_R+1","Bash+1","Pommel Strike","Anger+1","Headbutt+1","Pommel Strike+1","Hemokinesis+1","Doubt"],"relics":["Eternal Feather","Charon\u0027s Ashes","Self Forming Clay","Lee\u0027s Waffle"],"potions_floor_usage":[],"damage_taken":[{"damage":1,"enemies":"Jaw Worm","floor":1,"turns":3},{"damage":6,"enemies":"2 Louse","floor":3,"turns":2},{"damage":0,"enemies":"Cultist","floor":4,"turns":2},{"damage":4,"enemies":"2 Fungi Beasts","floor":5,"turns":3},{"damage":13,"enemies":"Red Slaver","floor":11,"turns":2},{"damage":0,"enemies":"Hexaghost","floor":16,"turns":1}],"seed_played":"8654376167121234079","potions_obtained":[{"floor":1,"key":"SteroidPotion"}],"is_trial":false,"path_per_floor":["M","?","M","M","M","R","T","R","T","R","M","R","?","$","R","B"],"character_chosen":"IRONCLAD","items_purchased":["Lee\u0027s Waffle"],"campfire_rested":0,"item_purchase_floors":[14],"current_hp_per_floor":[79,63,57,57,53,59,59,65,65,71,58,67,67,87,87,87],"gold":152,"neow_bonus":"BOSS_RELIC","is_prod":false,"is_daily":false,"chose_seed":false,"campfire_upgraded":5,"win_rate":0,"timestamp":1549406104,"path_taken":["M","?","M","M","M","R","?","R","T","R","M","R","?","?","R","BOSS"],"build_version":"2019-01-23","purchased_purges":0,"victory":false,"max_hp_per_floor":[80,80,80,80,80,80,80,80,80,80,80,80,80,87,87,87],"card_choices":[{"not_picked":["Power Through","Rage"],"picked":"Pommel Strike","floor":1},{"not_picked":["Cleave","Pommel Strike"],"picked":"Anger","floor":3},{"not_picked":["Spot Weakness","Shockwave"],"picked":"Headbutt","floor":4},{"not_picked":["Clash","Combust"],"picked":"Pommel Strike","floor":5},{"not_picked":["Headbutt","Havoc"],"picked":"Hemokinesis","floor":11}],"player_experience":682713,"relics_obtained":[{"floor":7,"key":"Charon\u0027s Ashes"},{"floor":9,"key":"Self Forming Clay"}],"event_choices":[{"damage_healed":0,"gold_gain":0,"player_choice":"Entered Light","damage_taken":16,"max_hp_gain":0,"max_hp_loss":0,"event_name":"Shining Light","floor":2,"gold_loss":0,"cards_upgraded":["Defend_R","Strike_R"]},{"damage_healed":0,"gold_gain":175,"player_choice":"AGREE","damage_taken":0,"max_hp_gain":0,"max_hp_loss":0,"event_name":"Liars Game","floor":13,"gold_loss":0,"cards_obtained":["Doubt"]}],"is_beta":false,"boss_relics":[],"items_purged_floors":[],"is_endless":false,"potions_floor_spawned":[1],"killed_by":"Hexaghost","ascension_level":0}