{"gold_per_floor":[115,35,49,49,49,49,70,106,156,177,195,195,188,188],"floor_reached":14,"playtime":414,"items_purged":[],"score":92,"play_id":"a7991e60-8620-489e-8bb1-204d42c2629a","local_time":"20181024140146","is_ascension_mode":false,"campfire_choices":[{"data":"Reflex","floor":6,"key":"SMITH"},{"floor":12,"key":"REST"}],"neow_cost":"NONE","seed_source_timestamp":764287186904596,"circlet_count":0,"master_deck":["Defend_G","Defend_G","Defend_G","Defend_G","Defend_G","Strike_G","Strike_G","Strike_G","Strike_G","Strike_G","Survivor","Neutralize","Flying Knee","Reflex+1","Reflex","Injury","Pain","Blur","Doppelganger","Flying Knee","All Out Attack","Acrobatics"],"relics":["Ring of the Snake","NeowsBlessing","Golden Idol","WarpedTongs","Snake Skull","Bag of Preparation"],"potions_floor_usage":[10,14],"damage_taken":[{"damage":0,"enemies":"Cultist","floor":1,"turns":1},{"damage":0,"enemies":"Small Slimes","floor":3,"turns":1},{"damage":0,"enemies":"2 Louse","floor":7,"turns":1},{"damage":46,"enemies":"Gremlin Nob","floor":8,"turns":6},{"damage":11,"enemies":"Red Slaver","floor":10,"turns":6},{"damage":10,"enemies":"Looter","floor":11,"turns":4},{"damage":14,"enemies":"Exordium Thugs","floor":13,"turns":4},{"damage":28,"enemies":"Gremlin Gang","floor":14,"turns":3}],"seed_played":"8648161973233135698","potions_obtained":[{"floor":10,"key":"Fruit Juice"},{"floor":11,"key":"PowerPotion"},{"floor":13,"key":"PowerPotion"}],"is_trial":false,"path_per_floor":["M","$","M","?","?","R","M","E","T","M","M","R","M"],"character_chosen":"THE_SILENT","items_purchased":["Reflex"],"campfire_rested":1,"item_purchase_floors":[2],"current_hp_per_floor":[70,70,70,70,70,70,70,24,24,18,8,30,16,0],"gold":188,"neow_bonus":"THREE_ENEMY_KILL","is_prod":false,"is_daily":false,"chose_seed":false,"campfire_upgraded":1,"win_rate":0,"timestamp":1540404106,"path_taken":["M","?","M","?","?","R","M","E","T","?","M","R","M","M"],"build_version":"2018-10-18","purchased_purges":0,"victory":false,"max_hp_per_floor":[70,70,70,70,70,70,70,70,70,75,75,75,75,75],"card_choices":[{"not_picked":["Deflect","Flechettes"],"picked":"Flying Knee","floor":1},{"not_picked":["Skewer","Caltrops"],"picked":"Reflex","floor":3},{"not_picked":["Expertise","Deflect"],"picked":"Blur","floor":7},{"not_picked":["Tools of the Trade","Sucker Punch"],"picked":"Doppelganger","floor":8},{"not_picked":["Deadly Poison","Terror"],"picked":"Flying Knee","floor":10},{"not_picked":["Finisher","Outmaneuver"],"picked":"All Out Attack","floor":11},{"not_picked":["Cloak And Dagger","PiercingWail"],"picked":"Acrobatics","floor":13}],"player_experience":229026,"relics_obtained":[{"floor":8,"key":"Snake Skull"},{"floor":9,"key":"Bag of Preparation"}],"event_choices":[{"damage_healed":0,"gold_gain":0,"player_choice":"Take Wound","damage_taken":0,"relics_obtained":["Golden Idol"],"max_hp_gain":0,"max_hp_loss":0,"event_name":"Golden Idol","floor":4,"gold_loss":0,"cards_obtained":["Injury"]},{"damage_healed":0,"gold_gain":0,"player_choice":"Rummage","damage_taken":0,"relics_obtained":["WarpedTongs"],"max_hp_gain":0,"max_hp_loss":0,"event_name":"Accursed Blacksmith","floor":5,"gold_loss":0,"cards_obtained":["Pain"]}],"is_beta":false,"boss_relics":[],"items_purged_floors":[],"is_endless":false,"potions_floor_spawned":[10,11,13],"killed_by":"Gremlin Gang","ascension_level":0}