{"gold_per_floor":[118,137,137,137,148,148,50,60,115,133,148,166,166,26,26,128,128,138,151,163,179,196,196,57,57],"floor_reached":25,"playtime":2674,"items_purged":["Strike_G","Defend_G"],"score":199,"play_id":"fa36016e-496d-4dcc-910d-46325b5ae6ce","local_time":"20190103170324","is_ascension_mode":false,"campfire_choices":[{"data":"Neutralize","floor":6,"key":"SMITH"},{"data":"Adrenaline","floor":13,"key":"SMITH"},{"data":"Well Laid Plans","floor":15,"key":"SMITH"},{"data":"Envenom","floor":23,"key":"SMITH"}],"neow_cost":"NONE","seed_source_timestamp":23925702192565,"circlet_count":0,"master_deck":["Defend_G","Defend_G","Defend_G","Defend_G","Strike_G","Strike_G","Strike_G","Survivor","Neutralize+1","Blur","Dagger Spray","All Out Attack","Predator","Deflect","Backflip","Infinite Blades","Deadly Poison","Adrenaline+1","Well Laid Plans+1","Envenom+1","Crippling Poison","Blade Dance","Leg Sweep","Blade Dance","Accuracy","Bane","Backstab","Dagger Spray","Finisher","Dodge and Roll","Malaise"],"relics":["Ring of the Snake","NeowsBlessing","Pen Nib","Orrery"],"potions_floor_usage":[16],"damage_taken":[{"damage":0,"enemies":"Small Slimes","floor":1,"turns":1},{"damage":0,"enemies":"Jaw Worm","floor":2,"turns":1},{"damage":0,"enemies":"Cultist","floor":5,"turns":1},{"damage":0,"enemies":"Exordium Thugs","floor":8,"turns":4},{"damage":0,"enemies":"Lots of Slimes","floor":10,"turns":1},{"damage":0,"enemies":"Blue Slaver","floor":11,"turns":4},{"damage":1,"enemies":"2 Fungi Beasts","floor":12,"turns":2},{"damage":41,"enemies":"Hexaghost","floor":16,"turns":8},{"damage":12,"enemies":"3 Byrds","floor":18,"turns":6},{"damage":0,"enemies":"Chosen","floor":19,"turns":5},{"damage":25,"enemies":"Snake Plant","floor":20,"turns":6},{"damage":2,"enemies":"Cultist and Chosen","floor":21,"turns":5},{"damage":14,"enemies":"Snecko","floor":22,"turns":5},{"damage":13,"enemies":"Shelled Parasite and Fungi","floor":25,"turns":5}],"seed_played":"-6715924004567312712","potions_obtained":[{"floor":2,"key":"Dexterity Potion"},{"floor":8,"key":"Energy Potion"},{"floor":11,"key":"Dexterity Potion"},{"floor":20,"key":"EssenceOfSteel"}],"is_trial":false,"path_per_floor":["M","M","?","?","M","R","$","M","T","M","M","M","R","$","R","B",null,"M","M","M","M","M","R","$","M"],"character_chosen":"THE_SILENT","items_purchased":["Deflect","Well Laid Plans","Malaise"],"campfire_rested":0,"item_purchase_floors":[7,14,24],"current_hp_per_floor":[70,70,70,70,70,70,70,70,70,70,70,69,69,69,69,28,70,58,58,33,31,17,17,17,4],"gold":57,"neow_bonus":"THREE_ENEMY_KILL","is_prod":false,"is_daily":false,"chose_seed":false,"campfire_upgraded":4,"win_rate":0.0,"timestamp":1546502604,"path_taken":["M","M","?","?","M","R","$","M","T","M","M","?","R","?","R","BOSS","M","M","M","M","M","R","?","M"],"build_version":"2018-12-20","purchased_purges":2,"victory":false,"max_hp_per_floor":[70,70,70,70,70,70,70,70,70,70,70,70,70,70,70,70,70,70,70,70,70,70,70,70,70],"card_choices":[{"not_picked":["Flying Knee","Deadly Poison"],"picked":"Blur","floor":1},{"not_picked":["Quick Slash","Acrobatics"],"picked":"Dagger Spray","floor":2},{"not_picked":["Dodge and Roll","Finisher"],"picked":"Predator","floor":5},{"not_picked":["Reflex","Dagger Spray"],"picked":"Backflip","floor":8},{"not_picked":["Riddle With Holes","Dagger Throw"],"picked":"Infinite Blades","floor":10},{"not_picked":["Distraction","Prepared"],"picked":"Deadly Poison","floor":11},{"not_picked":["Prepared","Dagger Spray"],"picked":"Adrenaline","floor":12},{"not_picked":["Storm of Steel","Phantasmal Killer"],"picked":"Envenom","floor":16},{"not_picked":["Quick Slash","Deadly Poison"],"picked":"Crippling Poison","floor":17},{"not_picked":["Backflip","Dagger Spray"],"picked":"Blade Dance","floor":17},{"not_picked":["Flying Knee","Caltrops"],"picked":"Leg Sweep","floor":17},{"not_picked":["Leg Sweep","Sucker Punch"],"picked":"Blade Dance","floor":17},{"not_picked":["Deflect","Dagger Throw"],"picked":"Accuracy","floor":17},{"not_picked":["Sucker Punch","Noxious Fumes"],"picked":"Bane","floor":18},{"not_picked":["Acrobatics","Sucker Punch+1"],"picked":"Backstab","floor":19},{"not_picked":["Quick Slash","Die Die Die"],"picked":"Dagger Spray","floor":20},{"not_picked":["Dodge and Roll","Blade Dance"],"picked":"Finisher","floor":21},{"not_picked":["Sucker Punch","Dagger Throw+1"],"picked":"Dodge and Roll","floor":22}],"player_experience":62998,"relics_obtained":[{"floor":9,"key":"Pen Nib"}],"event_choices":[{"damage_healed":0,"gold_gain":0,"player_choice":"Ignored","damage_taken":0,"max_hp_gain":0,"max_hp_loss":0,"event_name":"Golden Idol","floor":3,"gold_loss":0},{"damage_healed":0,"gold_gain":0,"cards_transformed":["Strike_G"],"player_choice":"Transformed","damage_taken":0,"max_hp_gain":0,"max_hp_loss":0,"event_name":"Transmorgrifier","floor":4,"gold_loss":0,"cards_obtained":["All Out Attack"]}],"is_beta":false,"boss_relics":[{"not_picked":["Ring of the Serpent","Black Star"],"picked":"Orrery"}],"items_purged_floors":[7,14],"is_endless":false,"potions_floor_spawned":[2,8,11,20,21],"killed_by":"Shelled Parasite and Fungi","ascension_level":0}