{"gold_per_floor":[111,127,146,96,112,142,152,152,152,165,41,41,56,70,70,167,167,167,167,167,167,167,167,167,167,167,167,167,167,167,167,167,167],"floor_reached":33,"playtime":2154,"items_purged":["Injury"],"score":341,"play_id":"5b00e71f-e603-4265-ba0e-7e21279ea772","local_time":"20190125203053","is_ascension_mode":true,"campfire_choices":[{"floor":8,"key":"REST"},{"data":"Concentrate","floor":15,"key":"SMITH"},{"data":"After Image","floor":23,"key":"SMITH"},{"data":"Neutralize","floor":25,"key":"SMITH"},{"floor":32,"key":"REST"}],"neow_cost":"NONE","seed_source_timestamp":675560765824832,"circlet_count":0,"master_deck":["Defend_G+1","Defend_G+1","Defend_G+1","Defend_G+1","Defend_G+1","Strike_G+1","Strike_G+1","Strike_G+1","Strike_G+1","Survivor","Neutralize+1","Skewer+1","Expertise","Finisher","Predator","PiercingWail","Acrobatics","Dagger Throw","Underhanded Strike","Concentrate+1","After Image+1","Eviscerate","Prepared+1","Regret","Backstab","After Image","Dagger Throw","RitualDagger","All Out Attack"],"relics":["Cursed Key","Lantern","Meat on the Bone","Ectoplasm","Pear","Omamori"],"potions_floor_usage":[16,16,27,33,33],"damage_taken":[{"damage":3,"enemies":"2 Louse","floor":1,"turns":3},{"damage":0,"enemies":"Small Slimes","floor":2,"turns":3},{"damage":0,"enemies":"Cultist","floor":3,"turns":3},{"damage":0,"enemies":"2 Fungi Beasts","floor":5,"turns":3},{"damage":50,"enemies":"Lagavulin","floor":6,"turns":7},{"damage":0,"enemies":"Red Slaver","floor":7,"turns":4},{"damage":3,"enemies":"Blue Slaver","floor":10,"turns":3},{"damage":13,"enemies":"Large Slime","floor":13,"turns":11},{"damage":11,"enemies":"Lots of Slimes","floor":14,"turns":3},{"damage":12,"enemies":"Hexaghost","floor":16,"turns":5},{"damage":6,"enemies":"Spheric Guardian","floor":18,"turns":3},{"damage":14,"enemies":"3 Byrds","floor":19,"turns":3},{"damage":9,"enemies":"Cultist and Chosen","floor":21,"turns":5},{"damage":9,"enemies":"Slavers","floor":27,"turns":8},{"damage":0,"enemies":"Centurion and Healer","floor":28,"turns":4},{"damage":10,"enemies":"Sentry and Sphere","floor":29,"turns":4},{"damage":15,"enemies":"Snecko","floor":31,"turns":6},{"damage":70,"enemies":"Collector","floor":33,"turns":9}],"seed_played":"5868296121029156572","potions_obtained":[{"floor":5,"key":"Dexterity Potion"},{"floor":7,"key":"Strength Potion"},{"floor":10,"key":"Poison Potion"},{"floor":13,"key":"GhostInAJar"},{"floor":16,"key":"LiquidBronze"},{"floor":21,"key":"Poison Potion"},{"floor":28,"key":"Strength Potion"}],"is_trial":false,"path_per_floor":["M","M","M","?","M","E","M","R","T","M","$","?","M","M","R","B",null,"M","M","$","M","?","R","?","R","T","E","M","M","?","M","R","B"],"character_chosen":"THE_SILENT","items_purchased":["Strength Potion"],"campfire_rested":2,"item_purchase_floors":[11],"current_hp_per_floor":[67,67,67,67,67,17,17,38,38,47,47,47,46,47,47,47,64,58,44,44,47,47,47,57,57,57,48,48,50,44,41,65,0],"gold":167,"neow_bonus":"BOSS_RELIC","is_prod":false,"is_daily":false,"chose_seed":false,"campfire_upgraded":3,"win_rate":0,"timestamp":1548466253,"path_taken":["M","M","M","?","M","E","M","R","T","M","$","?","M","M","R","BOSS","M","M","$","M","?","R","?","R","T","E","?","M","?","M","R","BOSS"],"build_version":"2019-01-23","purchased_purges":1,"victory":false,"max_hp_per_floor":[70,70,70,70,70,70,70,70,70,70,70,70,70,70,70,70,70,70,70,70,70,70,70,80,80,80,80,80,80,80,80,80,80],"card_choices":[{"not_picked":["Underhanded Strike","Flying Knee"],"picked":"Skewer","floor":1},{"not_picked":["Blade Dance","Caltrops"],"picked":"Expertise","floor":2},{"not_picked":["Blade Dance","Acrobatics"],"picked":"Finisher","floor":3},{"not_picked":["Catalyst","Quick Slash"],"picked":"Predator","floor":5},{"not_picked":["Infinite Blades","Crippling Poison"],"picked":"PiercingWail","floor":6},{"not_picked":["Sucker Punch","Unload"],"picked":"Acrobatics","floor":7},{"not_picked":["Noxious Fumes","Quick Slash"],"picked":"Dagger Throw","floor":10},{"not_picked":["Skewer","Poisoned Stab"],"picked":"Underhanded Strike","floor":13},{"not_picked":["Deflect","Distraction"],"picked":"Concentrate","floor":14},{"not_picked":["Unload","Envenom"],"picked":"After Image","floor":16},{"not_picked":["Dagger Throw+1","Prepared+1"],"picked":"Eviscerate","floor":18},{"not_picked":["Bane","Sucker Punch","Quick Slash"],"picked":"SKIP","floor":19},{"not_picked":["Dodge and Roll+1","Blade Dance"],"picked":"Prepared+1","floor":21},{"not_picked":["Deflect","Concentrate"],"picked":"Backstab","floor":27},{"not_picked":["Dagger Spray","Deflect"],"picked":"After Image","floor":28},{"not_picked":["Bane","Blur"],"picked":"Dagger Throw","floor":29},{"not_picked":["Sucker Punch","Deadly Poison"],"picked":"All Out Attack","floor":31}],"player_experience":457280,"relics_obtained":[{"floor":6,"key":"Lantern"},{"floor":9,"key":"Meat on the Bone"},{"floor":27,"key":"Omamori"}],"event_choices":[{"cards_removed":["Strike_G"],"damage_healed":0,"gold_gain":0,"player_choice":"Card Removal","damage_taken":0,"max_hp_gain":0,"max_hp_loss":0,"event_name":"The Cleric","floor":4,"gold_loss":50},{"damage_healed":0,"gold_gain":0,"player_choice":"Forge","damage_taken":0,"max_hp_gain":0,"max_hp_loss":0,"event_name":"Accursed Blacksmith","floor":12,"gold_loss":0,"cards_upgraded":["Skewer"]},{"damage_healed":0,"gold_gain":0,"player_choice":"Simplicity","damage_taken":0,"max_hp_gain":0,"max_hp_loss":0,"event_name":"Back to Basics","floor":22,"gold_loss":0,"cards_upgraded":["Defend_G","Defend_G","Defend_G","Defend_G","Defend_G","Strike_G","Strike_G","Strike_G","Strike_G"]},{"damage_healed":0,"gold_gain":0,"player_choice":"Gave Potion","damage_taken":0,"relics_obtained":["Pear"],"max_hp_gain":0,"max_hp_loss":0,"event_name":"WeMeetAgain","floor":24,"gold_loss":0},{"damage_healed":0,"gold_gain":0,"player_choice":"Joined the Cult","damage_taken":6,"max_hp_gain":0,"max_hp_loss":0,"event_name":"Nest","floor":30,"gold_loss":0,"cards_obtained":["RitualDagger"]}],"is_beta":false,"boss_relics":[{"not_picked":["Runic Dome","Tiny House"],"picked":"Ectoplasm"}],"items_purged_floors":[11],"is_endless":false,"potions_floor_spawned":[5,7,10,13,16,21,28],"killed_by":"Collector","ascension_level":5}