{"gold_per_floor":[109,70,245,264,264,264,291,291,314,314,341,341,359,376,376,473,473,483,501,161,161,180,180],"floor_reached":23,"playtime":1046,"items_purged":["Doubt"],"score":336,"play_id":"bfd44444-68dc-4ff6-8c7b-29c0eac41713","local_time":"20190217084515","is_ascension_mode":true,"campfire_choices":[{"data":"Zap","floor":6,"key":"SMITH"},{"data":"Dualcast","floor":10,"key":"SMITH"},{"data":"Consume","floor":12,"key":"SMITH"},{"floor":15,"key":"REST"}],"neow_cost":"NONE","seed_source_timestamp":221504310721812,"circlet_count":0,"master_deck":["AscendersBane","Strike_B","Strike_B","Strike_B","Defend_B","Defend_B","Defend_B","Defend_B","Zap+1","Dualcast+1","Self Repair","Consume+1","Undo+1","Conserve Battery+1","Creative AI","Coolheaded","FTL","Recycle"],"relics":["Cracked Core","NeowsBlessing","Dead Branch","Mummified Hand","Bag of Marbles","Bottled Lightning","Busted Crown","War Paint"],"potions_floor_usage":[11,16,16,18,19,23],"damage_taken":[{"damage":0,"enemies":"Cultist","floor":1,"turns":1},{"damage":0,"enemies":"Small Slimes","floor":4,"turns":1},{"damage":0,"enemies":"Lagavulin","floor":7,"turns":1},{"damage":30,"enemies":"3 Sentries","floor":11,"turns":7},{"damage":0,"enemies":"2 Louse","floor":13,"turns":3},{"damage":22,"enemies":"Gremlin Gang","floor":14,"turns":5},{"damage":22,"enemies":"Hexaghost","floor":16,"turns":9},{"damage":19,"enemies":"Shell Parasite","floor":18,"turns":7},{"damage":4,"enemies":"Spheric Guardian","floor":19,"turns":4},{"damage":11,"enemies":"Cultist and Chosen","floor":22,"turns":6},{"damage":59,"enemies":"Slavers","floor":23,"turns":3}],"seed_played":"-7600359322639588680","potions_obtained":[{"floor":4,"key":"Weak Potion"},{"floor":7,"key":"Fire Potion"},{"floor":8,"key":"LiquidBronze"},{"floor":13,"key":"Block Potion"},{"floor":16,"key":"Block Potion"},{"floor":18,"key":"Weak Potion"}],"is_trial":false,"path_per_floor":["M","$","?","M","?","R","E","?","T","R","E","R","M","M","R","B",null,"M","M","$","?","M","E"],"character_chosen":"DEFECT","items_purchased":["Consume","Coolheaded","FTL","War Paint"],"campfire_rested":1,"item_purchase_floors":[2,20,20,20],"current_hp_per_floor":[68,68,68,68,50,50,50,50,50,50,27,27,27,12,34,19,61,49,52,52,52,48,0],"gold":180,"neow_bonus":"THREE_ENEMY_KILL","is_prod":false,"is_daily":false,"chose_seed":false,"campfire_upgraded":3,"win_rate":0,"timestamp":1550421915,"path_taken":["M","$","?","M","?","R","E","?","T","R","E","R","M","?","R","BOSS","M","M","$","?","?","E"],"build_version":"2019-01-23","purchased_purges":1,"victory":false,"max_hp_per_floor":[75,75,75,75,75,75,75,75,75,75,75,75,75,75,75,75,75,75,75,75,75,75,75],"card_choices":[{"not_picked":["Beam Cell","Tempest"],"picked":"Self Repair","floor":1},{"not_picked":["Compile Driver","Hello World","Chaos"],"picked":"SKIP","floor":4},{"not_picked":["Self Repair","Thunder Strike","Leap"],"picked":"SKIP","floor":7},{"not_picked":["Self Repair","Double Energy"],"picked":"Undo","floor":11},{"not_picked":["Storm","Barrage","Steam Power"],"picked":"SKIP","floor":13},{"not_picked":["Heatsinks","Redo"],"picked":"Conserve Battery","floor":14},{"not_picked":["Biased Cognition","Reboot"],"picked":"Creative AI","floor":16},{"not_picked":["Sweeping Beam"],"picked":"SKIP","floor":18},{"not_picked":["Compile Driver"],"picked":"SKIP","floor":19},{"not_picked":["Steam+1"],"picked":"SKIP","floor":22}],"player_experience":410942,"relics_obtained":[{"floor":7,"key":"Mummified Hand"},{"floor":9,"key":"Bag of Marbles"},{"floor":11,"key":"Bottled Lightning"}],"event_choices":[{"damage_healed":0,"gold_gain":175,"player_choice":"AGREE","damage_taken":0,"max_hp_gain":0,"max_hp_loss":0,"event_name":"Liars Game","floor":3,"gold_loss":0,"cards_obtained":["Doubt"]},{"damage_healed":0,"gold_gain":0,"player_choice":"Success","damage_taken":18,"relics_obtained":["Dead Branch"],"max_hp_gain":0,"max_hp_loss":0,"event_name":"Scrap Ooze","floor":5,"gold_loss":0},{"damage_healed":0,"gold_gain":0,"player_choice":"Got Potions","damage_taken":0,"max_hp_gain":0,"max_hp_loss":0,"event_name":"Lab","floor":8,"gold_loss":0},{"damage_healed":0,"gold_gain":0,"cards_transformed":["Strike_B"],"player_choice":"Transformed","damage_taken":0,"max_hp_gain":0,"max_hp_loss":0,"event_name":"Transmorgrifier","floor":21,"gold_loss":0,"cards_obtained":["Recycle"]}],"is_beta":false,"boss_relics":[{"not_picked":["Astrolabe","Orrery"],"picked":"Busted Crown"}],"items_purged_floors":[20],"is_endless":false,"potions_floor_spawned":[4,7,13,16,18],"killed_by":"Slavers","ascension_level":10}