{"gold_per_floor":[210,110,129,144,163,193,193,222,222,236,247,264,277,277,277,374,374,389,43,66,66,66,66,98,98,121,136,136,155,155,167,167,167],"floor_reached":33,"playtime":1312,"items_purged":["Strike_B","Strike_B"],"score":293,"play_id":"f38b9ff2-a883-4801-93b0-7d3128b57d53","local_time":"20190105130718","is_ascension_mode":true,"campfire_choices":[{"data":"Static Discharge","floor":7,"key":"SMITH"},{"floor":15,"key":"REST"},{"floor":23,"key":"REST"},{"floor":28,"key":"REST"},{"floor":30,"key":"REST"},{"data":"Thunder Strike","floor":32,"key":"SMITH"}],"neow_cost":"NONE","seed_source_timestamp":8071438435167,"circlet_count":0,"master_deck":["Strike_B","Strike_B","Defend_B","Defend_B","Defend_B","Defend_B","Zap","Dualcast","Compile Driver","Leap","Go for the Eyes","Sweeping Beam","Static Discharge+1","Streamline","Barrage","Steam","Doom and Gloom","Genetic Algorithm","Fission","Consume","Electrodynamics","Dark Shackles","Hologram","Zap","Conserve Battery","Thunder Strike+1"],"relics":["Cracked Core","Lantern","Bottled Tornado","Boot","Inserter","Ancient Tea Set","Bronze Scales","Centennial Puzzle"],"potions_floor_usage":[6,6,33,33,33],"damage_taken":[{"damage":0,"enemies":"Cultist","floor":1,"turns":4},{"damage":0,"enemies":"2 Louse","floor":3,"turns":2},{"damage":5,"enemies":"Small Slimes","floor":4,"turns":4},{"damage":0,"enemies":"Red Slaver","floor":5,"turns":3},{"damage":27,"enemies":"Lagavulin","floor":6,"turns":8},{"damage":17,"enemies":"3 Sentries","floor":8,"turns":5},{"damage":5,"enemies":"Lots of Slimes","floor":10,"turns":3},{"damage":1,"enemies":"Large Slime","floor":11,"turns":4},{"damage":5,"enemies":"3 Louse","floor":12,"turns":2},{"damage":9,"enemies":"Exordium Wildlife","floor":13,"turns":2},{"damage":17,"enemies":"Hexaghost","floor":16,"turns":7},{"damage":22,"enemies":"2 Thieves","floor":18,"turns":3},{"damage":24,"enemies":"Gremlin Leader","floor":24,"turns":6},{"damage":10,"enemies":"Chosen","floor":27,"turns":3},{"damage":22,"enemies":"Snake Plant","floor":29,"turns":3},{"damage":16,"enemies":"Cultist and Chosen","floor":31,"turns":4},{"damage":52,"enemies":"Automaton","floor":33,"turns":6}],"seed_played":"-6752641793780541128","potions_obtained":[{"floor":1,"key":"Poison Potion"},{"floor":3,"key":"Explosive Potion"},{"floor":6,"key":"Strength Potion"},{"floor":10,"key":"Ancient Potion"},{"floor":13,"key":"Poison Potion"},{"floor":18,"key":"Energy Potion"}],"is_trial":false,"path_per_floor":["M","$","M","M","M","E","R","E","T","M","M","M","M","?","R","B",null,"M","$","T","?","$","R","E","?","T","M","R","M","R","M","R","B"],"character_chosen":"DEFECT","items_purchased":["Leap","Electrodynamics","Dark Shackles"],"campfire_rested":4,"item_purchase_floors":[2,19,19],"current_hp_per_floor":[75,75,75,70,70,43,43,26,26,21,20,15,6,6,28,11,75,53,53,53,39,39,63,39,39,39,29,53,31,55,39,39,0],"gold":167,"neow_bonus":"HUNDRED_GOLD","is_prod":false,"is_daily":false,"chose_seed":false,"campfire_upgraded":2,"win_rate":0,"timestamp":1546661238,"path_taken":["M","$","M","M","M","E","R","E","T","M","?","M","M","?","R","BOSS","M","$","?","?","$","R","E","?","T","M","R","?","R","M","R","BOSS"],"build_version":"2019-01-03v4","purchased_purges":2,"victory":false,"max_hp_per_floor":[75,75,75,75,75,75,75,75,75,75,75,75,75,75,75,75,75,75,75,75,80,80,80,80,80,80,80,80,80,80,80,80,80],"card_choices":[{"not_picked":["White Noise","Stack"],"picked":"Compile Driver","floor":1},{"not_picked":["Force Field","Darkness"],"picked":"Go for the Eyes","floor":3},{"not_picked":["Rebound","Heatsinks"],"picked":"Sweeping Beam","floor":4},{"not_picked":["Sweeping Beam","Turbo"],"picked":"Static Discharge","floor":5},{"not_picked":["Reboot","Chaos"],"picked":"Streamline","floor":6},{"not_picked":["Gash","Loop"],"picked":"Barrage","floor":8},{"not_picked":["Coolheaded","Sweeping Beam"],"picked":"Steam","floor":10},{"not_picked":["Lockon","Coolheaded"],"picked":"Doom and Gloom","floor":11},{"not_picked":["Scrape","Coolheaded"],"picked":"Genetic Algorithm","floor":12},{"not_picked":["Lockon","Sweeping Beam"],"picked":"Coolheaded","floor":13},{"not_picked":["Meteor Strike","Amplify"],"picked":"Fission","floor":16},{"not_picked":["Compile Driver+1","Coolheaded"],"picked":"Consume","floor":18},{"not_picked":["Amplify","Sweeping Beam"],"picked":"Hologram","floor":24},{"not_picked":["Beam Cell+1","Sweeping Beam"],"picked":"Conserve Battery","floor":27},{"not_picked":["Sweeping Beam+1","Coolheaded","Barrage+1"],"picked":"SKIP","floor":29},{"not_picked":["Tempest","Redo"],"picked":"Thunder Strike","floor":31}],"player_experience":104031,"relics_obtained":[{"floor":6,"key":"Lantern"},{"floor":8,"key":"Bottled Tornado"},{"floor":20,"key":"Ancient Tea Set"},{"floor":24,"key":"Bronze Scales"},{"floor":26,"key":"Centennial Puzzle"}],"event_choices":[{"cards_removed":["Coolheaded"],"damage_healed":0,"gold_gain":0,"player_choice":"Gave Card","damage_taken":0,"relics_obtained":["Boot"],"max_hp_gain":0,"max_hp_loss":0,"event_name":"WeMeetAgain","floor":14,"gold_loss":0},{"damage_healed":0,"gold_gain":0,"player_choice":"Shed Blood","damage_taken":19,"max_hp_gain":5,"max_hp_loss":0,"event_name":"Forgotten Altar","floor":21,"gold_loss":0},{"damage_healed":0,"gold_gain":0,"player_choice":"1 cards matched","damage_taken":0,"max_hp_gain":0,"max_hp_loss":0,"event_name":"Match and Keep!","floor":25,"gold_loss":0,"cards_obtained":["Zap"]}],"is_beta":false,"boss_relics":[{"not_picked":["Astrolabe","Coffee Dripper"],"picked":"Inserter"}],"items_purged_floors":[2,19],"is_endless":false,"potions_floor_spawned":[1,3,6,10,13,18,24],"killed_by":"Automaton","ascension_level":1}