{"path_per_floor":["M","?","?","?","$","R","M","M","T","R","?","M","E","T","R","B",null,"M","M","$","?","M","R","M","T","T","R","M","M","M"],"character_chosen":"DEFECT","items_purchased":["Conserve Battery","Go for the Eyes","Hello World","Force Field","Cold Snap"],"gold_per_floor":[115,115,115,115,39,39,56,66,119,119,119,139,172,172,172,274,274,285,302,51,51,64,64,78,104,104,104,120,131,148,148],"floor_reached":31,"campfire_rested":0,"playtime":1879,"item_purchase_floors":[5,5,20,20,20],"current_hp_per_floor":[74,71,76,76,76,76,76,76,76,76,76,70,62,62,62,37,80,78,73,73,73,59,59,43,43,43,43,18,17,2,0],"items_purged":["Strike_B"],"gold":148,"score":237,"play_id":"ffe84a56-8268-4cf2-821d-ed9b385ca1df","local_time":"20180601085920","is_prod":false,"is_daily":false,"chose_seed":false,"is_ascension_mode":false,"campfire_upgraded":5,"win_rate":0.0,"timestamp":1527868760,"campfire_choices":[{"data":"Zap","floor":6,"key":"SMITH"},{"data":"Dualcast","floor":10,"key":"SMITH"},{"data":"Defragment","floor":15,"key":"SMITH"},{"data":"Electrodynamics","floor":23,"key":"SMITH"},{"data":"Self Repair","floor":27,"key":"SMITH"}],"path_taken":["M","?","?","?","$","R","M","?","T","R","?","?","E","?","R","BOSS","M","M","$","?","M","R","M","?","T","R","M","M","M","E"],"build_version":"2018-05-31","seed_source_timestamp":861774481283557,"purchased_purges":1,"victory":false,"master_deck":["Strike_B","Strike_B","Strike_B","Defend_B","Defend_B","Defend_B","Defend_B","Zap+1","Dualcast+1","Defragment+1","Conserve Battery","Go for the Eyes+1","Ball Lightning","Sweeping Beam","Ball Lightning","BootSequence","Electrodynamics+1","Scrape","Beam Cell","Redo","Beam Cell","Hello World","Force Field","Cold Snap","Fusion+1","Cold Snap","Self Repair+1","Heatsinks+1","Static Discharge","Self Repair","Hologram+1"],"max_hp_per_floor":[75,75,80,80,80,80,80,80,80,80,80,80,80,80,80,80,80,80,80,80,80,80,80,80,80,80,80,80,80,80,80],"relics":["Cracked Core","Mummified Hand","Tiny Chest","Prayer Wheel","Sundial","White Beast Statue","Vajra","Bottled Flame"],"card_choices":[{"not_picked":["Aggregate","Rip and Tear"],"picked":"Defragment","floor":1},{"not_picked":["Lockon","Go for the Eyes"],"picked":"Ball Lightning","floor":7},{"not_picked":["BootSequence","Hologram"],"picked":"Sweeping Beam","floor":8},{"not_picked":["Stack","Compile Driver"],"picked":"Ball Lightning","floor":12},{"not_picked":["Steam","Blizzard"],"picked":"BootSequence","floor":13},{"not_picked":["Multi-Cast","Buffer"],"picked":"Electrodynamics","floor":16},{"not_picked":["Auto Shields","Gash"],"picked":"Scrape","floor":18},{"not_picked":["Conserve Battery","Leap"],"picked":"Beam Cell","floor":18},{"not_picked":["Leap","Stack"],"picked":"Redo","floor":19},{"not_picked":["Scrape","Ball Lightning"],"picked":"Beam Cell","floor":19},{"not_picked":["Hello World","Skim"],"picked":"Fusion+1","floor":22},{"not_picked":["Conserve Battery+1","Force Field","Fission"],"picked":"SKIP","floor":22},{"not_picked":["Ball Lightning","Scrape"],"picked":"Cold Snap","floor":24},{"not_picked":["Hello World+1","Reinforced Body"],"picked":"Self Repair","floor":24},{"not_picked":["Conserve Battery","BootSequence"],"picked":"Heatsinks+1","floor":28},{"not_picked":["Redo","Leap"],"picked":"Static Discharge","floor":28},{"not_picked":["Hologram+1","Sweeping Beam"],"picked":"Self Repair","floor":29},{"not_picked":["Gash","Beam Cell"],"picked":"Hologram+1","floor":29},{"not_picked":["Amplify","Leap","Conserve Battery"],"picked":"SKIP","floor":30},{"not_picked":["Steam","Leap","Cold Snap+1"],"picked":"SKIP","floor":30}],"player_experience":180746,"potions_floor_usage":[24,29,29,31],"damage_taken":[{"damage":1,"enemies":"Cultist","floor":1,"turns":4},{"damage":0,"enemies":"2 Louse","floor":7,"turns":2},{"damage":0,"enemies":"Small Slimes","floor":8,"turns":2},{"damage":6,"enemies":"3 Louse","floor":12,"turns":2},{"damage":8,"enemies":"Gremlin Nob","floor":13,"turns":3},{"damage":25,"enemies":"The Guardian","floor":16,"turns":8},{"damage":2,"enemies":"2 Thieves","floor":18,"turns":2},{"damage":5,"enemies":"Shell Parasite","floor":19,"turns":3},{"damage":14,"enemies":"Sentry and Sphere","floor":22,"turns":5},{"damage":16,"enemies":"Snake Plant","floor":24,"turns":4},{"damage":25,"enemies":"Snecko","floor":28,"turns":5},{"damage":11,"enemies":"Centurion and Healer","floor":29,"turns":4},{"damage":15,"enemies":"Snake Plant","floor":30,"turns":3},{"damage":2,"enemies":"Slavers","floor":31,"turns":1}],"relics_obtained":[{"floor":9,"key":"Tiny Chest"},{"floor":13,"key":"Prayer Wheel"},{"floor":14,"key":"Sundial"},{"floor":25,"key":"Vajra"},{"floor":26,"key":"Bottled Flame"}],"event_choices":[{"event_name":"Scrap Ooze","player_choice":"success","floor":2,"damage_taken":3},{"event_name":"Big Fish","player_choice":"Donut","floor":3,"damage_taken":0},{"event_name":"The Lab","player_choice":"Got Potions","floor":4,"damage_taken":0},{"event_name":"Living Wall","player_choice":"Grow","floor":11,"damage_taken":0},{"event_name":"Ghosts","player_choice":"Ignored","floor":21,"damage_taken":0}],"boss_relics":[{"not_picked":["Snecko Eye","Runic Pyramid"],"picked":"White Beast Statue"}],"items_purged_floors":[20],"potions_floor_spawned":[1,7,16,18,19,22,24,28,29,30],"seed_played":"-987151393548314792","killed_by":"Slavers","ascension_level":0,"potions_obtained":[{"floor":1,"key":"Ancient Potion"},{"floor":4,"key":"SmokeBomb"},{"floor":4,"key":"Weak Potion"},{"floor":7,"key":"FocusPotion"},{"floor":18,"key":"Regen Potion"},{"floor":24,"key":"Strength Potion"},{"floor":29,"key":"Energy Potion"},{"floor":30,"key":"Poison Potion"}],"is_trial":false}