{"gold_per_floor":[115,115,127,144,159,159,188,188,234,234,249,27,27,55,55,153,153,173,184,184,201,218,249,174,207,207,257,257,60,79,93,93,196,196,208,208,208],"floor_reached":37,"playtime":1510,"items_purged":["Strike_R"],"score":444,"play_id":"38546a94-a8df-4fa3-b43c-615377836794","local_time":"20190222102320","is_ascension_mode":false,"campfire_choices":[{"data":"Bash","floor":6.0,"key":"SMITH"},{"data":"Pommel Strike","floor":8.0,"key":"SMITH"},{"data":"Pommel Strike","floor":10.0,"key":"SMITH"},{"floor":13.0,"key":"REST"},{"data":"Bandage Up","floor":15.0,"key":"SMITH"},{"floor":28.0,"key":"REST"},{"data":"Double Tap","floor":32.0,"key":"SMITH"}],"neow_cost":"NONE","seed_source_timestamp":811982458394124,"circlet_count":0,"master_deck":["Strike_R","Defend_R","Defend_R","Defend_R","Defend_R","Bash+1","Offering","Bandage Up+1","Pommel Strike+1","Pommel Strike+1","Double Tap+1","Spot Weakness","Shrug It Off","Whirlwind+1","Shrug It Off","Reaper+1"],"special_seed":0,"relics":["Burning Blood","Ornamental Fan","Anchor","Vajra","PreservedInsect","Empty Cage","Mercury Hourglass","Bag of Marbles","Molten Egg 2","Brimstone","Busted Crown"],"potions_floor_usage":[37],"damage_taken":[{"damage":9.0,"enemies":"Jaw Worm","floor":1.0,"turns":3.0},{"damage":9.0,"enemies":"Cultist","floor":3.0,"turns":4.0},{"damage":7.0,"enemies":"2 Louse","floor":4.0,"turns":3.0},{"damage":18.0,"enemies":"Exordium Thugs","floor":5.0,"turns":6.0},{"damage":37.0,"enemies":"3 Sentries","floor":7.0,"turns":9.0},{"damage":6.0,"enemies":"Gremlin Gang","floor":11.0,"turns":3.0},{"damage":6.0,"enemies":"Gremlin Nob","floor":14.0,"turns":2.0},{"damage":17.0,"enemies":"Slime Boss","floor":16.0,"turns":8.0},{"damage":12.0,"enemies":"Spheric Guardian","floor":18.0,"turns":3.0},{"damage":12.0,"enemies":"Shell Parasite","floor":19.0,"turns":3.0},{"damage":22.0,"enemies":"Centurion and Healer","floor":21.0,"turns":5.0},{"damage":36.0,"enemies":"Sentry and Sphere","floor":22.0,"turns":4.0},{"damage":29.0,"enemies":"Gremlin Leader","floor":23.0,"turns":3.0},{"damage":22.0,"enemies":"Book of Stabbing","floor":25.0,"turns":4.0},{"damage":18.0,"enemies":"3 Cultists","floor":30.0,"turns":4.0},{"damage":2.0,"enemies":"Chosen and Byrds","floor":31.0,"turns":4.0},{"damage":48.0,"enemies":"Champ","floor":33.0,"turns":9.0},{"damage":6.0,"enemies":"3 Darklings","floor":35.0,"turns":2.0},{"damage":99,"enemies":"Awakened One","floor":37,"turns":6}],"seed_played":"-8721473487855438452","potions_obtained":[{"floor":3.0,"key":"EssenceOfSteel"},{"floor":7.0,"key":"Strength Potion"},{"floor":14.0,"key":"Fire Potion"},{"floor":19.0,"key":"BloodPotion"},{"floor":23.0,"key":"SpeedPotion"}],"is_trial":false,"path_per_floor":["M","?","M","M","M","R","E","R","T","R","M","$","R","E","R","B",null,"M","M","?","M","M","E","?","E","T","?","R","$","M","M","R","B",null,"M","?","B"],"character_chosen":"IRONCLAD","items_purchased":["Vajra","Brimstone"],"campfire_rested":2,"item_purchase_floors":[12,29],"current_hp_per_floor":[77,77,77,80,72,72,45,45,45,45,49,49,73,77,77,72,80,80,80,80,70,46,37,37,27,27,27,51,51,45,55,55,19,80,80,80,0],"gold":208,"neow_bonus":"ONE_RANDOM_RARE_CARD","is_prod":false,"is_daily":false,"chose_seed":false,"campfire_upgraded":5,"win_rate":0,"timestamp":1550849000,"path_taken":["M","?","M","?","M","R","E","R","T","R","M","$","R","E","R","BOSS","M","M","?","?","M","E","?","E","T","?","R","$","M","M","R","BOSS","M","?","BOSS"],"build_version":"2019-01-23","purchased_purges":1,"victory":false,"max_hp_per_floor":[80,80,80,80,80,80,80,80,80,80,80,80,80,80,80,80,80,80,80,80,80,80,80,80,80,80,80,80,80,80,80,80,80,80,80,80,80],"card_choices":[{"not_picked":["Body Slam","Thunderclap","Heavy Blade"],"picked":"SKIP","floor":1.0},{"not_picked":["Clash","Clothesline","Sentinel"],"picked":"SKIP","floor":3.0},{"not_picked":["Wild Strike","Warcry"],"picked":"Pommel Strike","floor":4.0},{"not_picked":["Sword Boomerang","Cleave","Anger"],"picked":"SKIP","floor":5.0},{"not_picked":["Perfected Strike","Sentinel"],"picked":"Pommel Strike","floor":7.0},{"not_picked":["Ghostly Armor","Iron Wave","Wild Strike"],"picked":"SKIP","floor":11.0},{"not_picked":["Fire Breathing","Combust","Feel No Pain"],"picked":"SKIP","floor":14.0},{"not_picked":["Exhume","Berserk"],"picked":"Double Tap","floor":16.0},{"not_picked":["Iron Wave+1","Cleave","Havoc"],"picked":"SKIP","floor":18.0},{"not_picked":["Flex","Body Slam","Seeing Red"],"picked":"SKIP","floor":19.0},{"not_picked":["Twin Strike","True Grit+1"],"picked":"Spot Weakness","floor":21.0},{"not_picked":["Ghostly Armor","Entrench+1","Heavy Blade"],"picked":"SKIP","floor":22.0},{"not_picked":["Headbutt","Perfected Strike"],"picked":"Shrug It Off","floor":23.0},{"not_picked":["Anger+1","Burning Pact+1","Armaments"],"picked":"SKIP","floor":25.0},{"not_picked":["Thunderclap+1","Evolve+1"],"picked":"Whirlwind+1","floor":30.0},{"not_picked":["Perfected Strike+1","Sentinel+1"],"picked":"Shrug It Off","floor":31.0},{"not_picked":["Barricade","Double Tap"],"picked":"Reaper+1","floor":33.0},{"not_picked":["Flex+1"],"picked":"SKIP","floor":35.0}],"player_experience":476897,"relics_obtained":[{"floor":7.0,"key":"Ornamental Fan"},{"floor":9.0,"key":"Anchor"},{"floor":14.0,"key":"PreservedInsect"},{"floor":23.0,"key":"Mercury Hourglass"},{"floor":25.0,"key":"Bag of Marbles"},{"floor":26.0,"key":"Molten Egg 2"}],"event_choices":[{"damage_healed":0.0,"max_hp_gain":0.0,"max_hp_loss":0.0,"gold_gain":0.0,"event_name":"Match and Keep!","player_choice":"1 cards matched","floor":2.0,"gold_loss":0.0,"damage_taken":0.0,"cards_obtained":["Bandage Up"]},{"damage_healed":0.0,"max_hp_gain":0.0,"max_hp_loss":0.0,"gold_gain":0.0,"event_name":"Match and Keep!","player_choice":"0 cards matched","floor":20.0,"gold_loss":0.0,"damage_taken":0.0,"cards_obtained":[]},{"cards_removed":["Strike_R"],"damage_healed":0.0,"max_hp_gain":0.0,"max_hp_loss":0.0,"gold_gain":0.0,"event_name":"Beggar","player_choice":"Gave Gold","floor":24.0,"gold_loss":75.0,"damage_taken":0.0},{"damage_healed":0.0,"max_hp_gain":0.0,"max_hp_loss":0.0,"gold_gain":100.0,"event_name":"The Joust","player_choice":"Bet on Murderer","floor":27.0,"gold_loss":50.0,"damage_taken":0.0},{"damage_healed":0.0,"max_hp_gain":0.0,"max_hp_loss":0.0,"gold_gain":0.0,"event_name":"SecretPortal","player_choice":"Took Portal","floor":36.0,"gold_loss":0.0,"damage_taken":0.0}],"is_beta":false,"boss_relics":[{"not_picked":["Calling Bell","Black Blood"],"picked":"Empty Cage"},{"not_picked":["Snecko Eye","Black Star"],"picked":"Busted Crown"}],"items_purged_floors":[12],"is_endless":false,"potions_floor_spawned":[3,7,14,19,21,23],"killed_by":"Awakened One","ascension_level":0}