{"gold_per_floor":[116,131,3,3,19,19,19,34,57,5,20,20,20,33,33,130,130,150,150,150,6,24,24,35,35,35,35,35,50,50,82,82,180,180,193,193,193,45,0,0,12,46,46,46,46,79,91,110,110,110],"floor_reached":51,"playtime":1193,"items_purged":["Strike_R","Strike_R"],"score":738,"play_id":"43b43647-0854-423b-9250-9695f3c3e6b7","local_time":"20190304011924","is_ascension_mode":false,"campfire_choices":[{"data":"Intimidate","floor":6,"key":"SMITH"},{"floor":13,"key":"REST"},{"data":"Uppercut","floor":15,"key":"SMITH"},{"data":"Whirlwind","floor":23,"key":"SMITH"},{"data":"Immolate","floor":27,"key":"SMITH"},{"data":"Spot Weakness","floor":30,"key":"SMITH"},{"data":"Bash","floor":32,"key":"SMITH"},{"data":"Bludgeon","floor":40,"key":"SMITH"},{"data":"Heavy Blade","floor":44,"key":"SMITH"},{"data":"Sadistic Nature","floor":49,"key":"SMITH"}],"neow_cost":"NONE","seed_source_timestamp":36207275598047,"circlet_count":0,"master_deck":["Strike_R","Strike_R","Defend_R","Defend_R+1","Defend_R","Defend_R","Bash+1","Twin Strike","Spot Weakness+1","Thunderclap","Intimidate+1","Thunderclap+1","Shrug It Off","Headbutt","Iron Wave","Uppercut+1","Immolate+1","Corruption","Sever Soul","Whirlwind+1","Shrug It Off+1","Blood for Blood+1","Bludgeon+1","Battle Trance+1","Metamorphosis","Sadistic Nature+1","Heavy Blade+1","Flame Barrier+1","Uppercut+1"],"relics":["Burning Blood","Centennial Puzzle","Bronze Scales","Oddly Smooth Stone","Snecko Eye","Sundial","Gambling Chip","Velvet Choker","Red Mask","Darkstone Periapt","Blood Vial","Unceasing Top","Thread and Needle"],"potions_floor_usage":[16,31,42,50,50],"damage_taken":[{"damage":0,"enemies":"Small Slimes","floor":1,"turns":3},{"damage":1,"enemies":"2 Louse","floor":2,"turns":3},{"damage":3,"enemies":"Jaw Worm","floor":5,"turns":2},{"damage":11,"enemies":"Large Slime","floor":8,"turns":5},{"damage":6,"enemies":"Blue Slaver","floor":11,"turns":3},{"damage":0,"enemies":"3 Louse","floor":14,"turns":2},{"damage":19,"enemies":"Slime Boss","floor":16,"turns":7},{"damage":0,"enemies":"Shell Parasite","floor":18,"turns":3},{"damage":0,"enemies":"3 Byrds","floor":22,"turns":2},{"damage":0,"enemies":"Sentry and Sphere","floor":24,"turns":3},{"damage":11,"enemies":"Snake Plant","floor":29,"turns":4},{"damage":1,"enemies":"Gremlin Leader","floor":31,"turns":3},{"damage":7,"enemies":"Collector","floor":33,"turns":5},{"damage":0,"enemies":"Orb Walker","floor":35,"turns":2},{"damage":7,"enemies":"3 Shapes","floor":41,"turns":2},{"damage":12,"enemies":"Giant Head","floor":42,"turns":5},{"damage":6,"enemies":"Nemesis","floor":46,"turns":3},{"damage":0,"enemies":"Spire Growth","floor":47,"turns":4},{"damage":8,"enemies":"3 Darklings","floor":48,"turns":1},{"damage":2,"enemies":"Time Eater","floor":50,"turns":7}],"seed_played":"6829072487059894954","potions_obtained":[{"floor":8,"key":"AttackPotion"},{"floor":14,"key":"Weak Potion"},{"floor":20,"key":"SteroidPotion"},{"floor":20,"key":"Regen Potion"},{"floor":24,"key":"SkillPotion"},{"floor":33,"key":"FearPotion"},{"floor":35,"key":"Poison Potion"},{"floor":48,"key":"Ancient Potion"}],"is_trial":false,"path_per_floor":["M","M","$","?","M","R","?","M","T","$","M","?","R","M","R","B",null,"M","?","?","$","M","R","M","$","T","R","?","M","R","E","R","B",null,"M","?","?","$","?","R","M","E","T","R","T","E","M","M","R","B",null],"character_chosen":"IRONCLAD","items_purchased":["Thunderclap","Intimidate","Headbutt","Whirlwind","Heavy Blade"],"campfire_rested":1,"item_purchase_floors":[3,3,10,21,38],"current_hp_per_floor":[80,80,80,55,58,58,42,37,37,37,37,30,54,60,60,47,80,80,80,80,80,80,80,80,80,80,80,80,75,75,80,80,79,80,80,80,70,70,70,70,69,63,63,63,63,65,73,73,73,79],"gold":110,"neow_bonus":"RANDOM_COMMON_RELIC","is_prod":false,"is_daily":false,"chose_seed":false,"campfire_upgraded":9,"win_rate":0,"timestamp":1551683964,"path_taken":["M","M","$","?","M","R","?","M","T","?","M","?","R","M","R","BOSS","M","?","?","$","?","R","M","?","T","R","?","M","R","E","R","BOSS","M","?","?","?","?","R","M","E","T","R","?","E","?","?","R","BOSS"],"build_version":"2019-01-23","purchased_purges":2,"victory":true,"max_hp_per_floor":[80,80,80,80,80,80,80,80,80,80,80,80,80,80,80,80,80,80,80,80,80,80,80,80,80,80,80,80,80,80,80,80,80,80,80,80,80,80,80,80,80,80,80,80,80,80,80,80,80,80],"card_choices":[{"not_picked":["Sword Boomerang","Rage"],"picked":"Twin Strike","floor":1},{"not_picked":["Havoc","Heavy Blade"],"picked":"Spot Weakness","floor":2},{"not_picked":["Body Slam","True Grit"],"picked":"Thunderclap","floor":5},{"not_picked":["Infernal Blade","Thunderclap"],"picked":"Shrug It Off","floor":8},{"not_picked":["Wild Strike","Rupture"],"picked":"Iron Wave","floor":11},{"not_picked":["Clothesline","Iron Wave"],"picked":"Uppercut","floor":14},{"not_picked":["Dark Embrace","Brutality"],"picked":"Immolate","floor":16},{"not_picked":["Shockwave+1","Perfected Strike"],"picked":"Corruption","floor":18},{"not_picked":["Cleave","Sword Boomerang"],"picked":"Shrug It Off+1","floor":22},{"not_picked":["Warcry","Evolve","Twin Strike"],"picked":"SKIP","floor":24},{"not_picked":["Warcry+1","Battle Trance","Twin Strike"],"picked":"SKIP","floor":29},{"not_picked":["Evolve","Entrench+1"],"picked":"Blood for Blood+1","floor":31},{"not_picked":["Double Tap","Barricade"],"picked":"Bludgeon","floor":33},{"not_picked":["Dropkick","Pommel Strike+1"],"picked":"Battle Trance+1","floor":35},{"not_picked":["Mind Blast","Violence"],"picked":"Metamorphosis","floor":37},{"not_picked":["Flash of Steel","Impatience"],"picked":"Sadistic Nature","floor":37},{"not_picked":["Pummel","Pommel Strike+1","Twin Strike+1"],"picked":"SKIP","floor":41},{"not_picked":["Fire Breathing+1","Metallicize+1"],"picked":"Flame Barrier+1","floor":42},{"not_picked":["Reckless Charge+1","Impervious"],"picked":"Uppercut+1","floor":46},{"not_picked":["Anger+1","Shrug It Off","Body Slam"],"picked":"SKIP","floor":47},{"not_picked":["Pommel Strike+1","Pummel+1","Headbutt"],"picked":"SKIP","floor":48}],"player_experience":980445,"relics_obtained":[{"floor":9,"key":"Oddly Smooth Stone"},{"floor":26,"key":"Sundial"},{"floor":31,"key":"Gambling Chip"},{"floor":42,"key":"Darkstone Periapt"},{"floor":43,"key":"Blood Vial"},{"floor":45,"key":"Unceasing Top"},{"floor":46,"key":"Thread and Needle"}],"event_choices":[{"damage_healed":0,"gold_gain":0,"player_choice":"Success","damage_taken":25,"relics_obtained":["Bronze Scales"],"max_hp_gain":0,"max_hp_loss":0,"event_name":"Scrap Ooze","floor":4,"gold_loss":0},{"damage_healed":0,"gold_gain":0,"player_choice":"Entered Light","damage_taken":16,"max_hp_gain":0,"max_hp_loss":0,"event_name":"Shining Light","floor":7,"gold_loss":0,"cards_upgraded":["Defend_R","Thunderclap"]},{"cards_removed":["Strike_R"],"damage_healed":0,"gold_gain":0,"player_choice":"Card Removal","damage_taken":7,"max_hp_gain":0,"max_hp_loss":0,"event_name":"Golden Wing","floor":12,"gold_loss":0},{"damage_healed":0,"gold_gain":0,"player_choice":"Read","damage_taken":0,"max_hp_gain":0,"max_hp_loss":0,"event_name":"The Library","floor":19,"gold_loss":0,"cards_obtained":["Sever Soul"]},{"damage_healed":0,"gold_gain":0,"player_choice":"Got Potions","damage_taken":0,"max_hp_gain":0,"max_hp_loss":0,"event_name":"Lab","floor":20,"gold_loss":0},{"damage_healed":0,"gold_gain":0,"player_choice":"Ignored","damage_taken":0,"max_hp_gain":0,"max_hp_loss":0,"event_name":"NoteForYourself","floor":28,"gold_loss":0},{"damage_healed":0,"gold_gain":0,"player_choice":"Ignored","damage_taken":0,"max_hp_gain":0,"max_hp_loss":0,"event_name":"Mysterious Sphere","floor":36,"gold_loss":0},{"damage_healed":0,"gold_gain":0,"player_choice":"Memory 3","damage_taken":10,"max_hp_gain":0,"max_hp_loss":0,"event_name":"SensoryStone","floor":37,"gold_loss":0},{"damage_healed":0,"gold_gain":0,"player_choice":"Paid","damage_taken":0,"relics_obtained":["Red Mask"],"max_hp_gain":0,"max_hp_loss":0,"event_name":"Tomb of Lord Red Mask","floor":39,"gold_loss":45}],"is_beta":false,"boss_relics":[{"not_picked":["Philosopher\u0027s Stone","Black Star"],"picked":"Snecko Eye"},{"not_picked":["White Beast Statue","Runic Pyramid"],"picked":"Velvet Choker"}],"items_purged_floors":[21,38],"is_endless":false,"potions_floor_spawned":[8,14,24,33,35,48],"ascension_level":0}