{"gold_per_floor":[18,18,18,35,62,90,90,104,131,131,165,183,183,183,183,288,288,305,1,1,1,20,20,355,372,372,386,386,414,414,513,513,609,639,656,671,686,686,700,700,710,6,33,33,33,68,68,68,68,68],"floor_reached":51,"playtime":2456,"items_purged":["Normality"],"score":1174,"play_id":"01156990-81be-43d4-9527-6c681a945612","local_time":"20190201111106","is_ascension_mode":true,"campfire_choices":[{"floor":7,"key":"REST"},{"data":"Chill","floor":10,"key":"SMITH"},{"floor":13,"key":"REST"},{"floor":15,"key":"DIG"},{"data":"Storm","floor":23,"key":"SMITH"},{"floor":30,"key":"DIG"},{"data":"Defragment","floor":32,"key":"SMITH"},{"floor":40,"key":"REST"},{"data":"Regret","floor":44,"key":"PURGE"},{"data":"Buffer","floor":47,"key":"SMITH"},{"floor":49,"key":"REST"}],"neow_cost":"NO_GOLD","seed_source_timestamp":1246528851229211,"circlet_count":0,"master_deck":["AscendersBane","Defend_B","Defend_B+1","Zap","Dualcast","Genetic Algorithm","Chill+1","Loop+1","Storm+1","Undo","Blizzard","Echo Form","Capacitor","Bite","Bite+1","Bite","Bite","Bite","Dark Shackles","Thunder Strike","Tempest","Defragment+1","Lockon","Sweeping Beam","Cold Snap","Buffer+1","Parasite","Core Surge+1","Recycle+1","Biased Cognition","Auto Shields","Self Repair","Hologram+1","Flash of Steel"],"relics":["Cracked Core","Shovel","Orichalcum","Happy Flower","Strawberry","Centennial Puzzle","Bronze Scales","PreservedInsect","Sozu","Emotion Chip","Old Coin","Peace Pipe","Smiling Mask","DataDisk","Calling Bell","Tiny Chest","The Courier","Ginger","OrangePellets","War Paint","Letter Opener","Bag of Preparation","Whetstone","Art of War"],"potions_floor_usage":[6,11,12,16],"damage_taken":[{"damage":2,"enemies":"2 Louse","floor":1,"turns":2},{"damage":15,"enemies":"Small Slimes","floor":4,"turns":4},{"damage":38,"enemies":"3 Sentries","floor":6,"turns":9},{"damage":5,"enemies":"Jaw Worm","floor":8,"turns":4},{"damage":23,"enemies":"Lagavulin","floor":11,"turns":8},{"damage":0,"enemies":"Exordium Thugs","floor":12,"turns":5},{"damage":14,"enemies":"The Guardian","floor":16,"turns":13},{"damage":14,"enemies":"Shell Parasite","floor":18,"turns":5},{"damage":11,"enemies":"Chosen","floor":22,"turns":7},{"damage":23,"enemies":"Gremlin Leader","floor":24,"turns":8},{"damage":0,"enemies":"Snake Plant","floor":25,"turns":4},{"damage":3,"enemies":"Chosen and Byrds","floor":27,"turns":5},{"damage":23,"enemies":"Book of Stabbing","floor":29,"turns":5},{"damage":23,"enemies":"Champ","floor":33,"turns":9},{"damage":6,"enemies":"Orb Walker","floor":35,"turns":4},{"damage":3,"enemies":"3 Shapes","floor":36,"turns":6},{"damage":34,"enemies":"Spire Growth","floor":37,"turns":5},{"damage":22,"enemies":"Sphere and 2 Shapes","floor":39,"turns":6},{"damage":13,"enemies":"Maw","floor":41,"turns":5},{"damage":5,"enemies":"Giant Head","floor":46,"turns":7},{"damage":10,"enemies":"Time Eater","floor":50,"turns":7}],"seed_played":"5451370728783998359","potions_obtained":[{"floor":4,"key":"SkillPotion"},{"floor":6,"key":"Dexterity Potion"},{"floor":11,"key":"FocusPotion"},{"floor":12,"key":"Block Potion"}],"is_trial":false,"path_per_floor":["M","?","?","M","T","E","R","M","T","R","E","M","R","?","R","B",null,"M","$","?","?","M","R","E","M","T","M","?","E","R","?","R","B",null,"M","M","M","?","M","R","M","$","T","R","$","E","R","?","R","B",null],"character_chosen":"DEFECT","items_purchased":["Emotion Chip","OrangePellets","War Paint","Letter Opener","Bag of Preparation","Self Repair"],"campfire_rested":4,"item_purchase_floors":[19,42,42,42,42,42],"current_hp_per_floor":[66,54,54,39,39,8,32,27,27,27,4,4,28,28,28,14,65,51,51,51,51,51,51,44,54,54,57,57,40,40,40,40,45,54,54,54,24,24,10,26,19,19,19,19,19,30,30,30,46,42],"gold":68,"neow_bonus":"ONE_RARE_RELIC","is_prod":false,"is_daily":false,"chose_seed":false,"campfire_upgraded":4,"win_rate":0,"timestamp":1549037466,"path_taken":["M","?","?","M","?","E","R","?","T","R","E","M","R","?","R","BOSS","M","$","?","?","?","R","E","M","T","M","?","E","R","?","R","BOSS","M","M","M","?","M","R","M","$","T","R","$","E","R","?","R","BOSS"],"build_version":"2019-01-23","purchased_purges":1,"victory":true,"max_hp_per_floor":[75,75,75,75,75,82,82,82,82,82,82,82,82,82,82,82,82,82,82,57,57,57,57,57,57,57,57,57,57,57,57,57,57,57,57,57,57,54,54,54,54,54,54,54,54,54,54,54,54,54],"card_choices":[{"not_picked":["Barrage","Fusion"],"picked":"Genetic Algorithm","floor":1},{"not_picked":["Sweeping Beam","Ball Lightning"],"picked":"Chill","floor":4},{"not_picked":["Gash","Core Surge"],"picked":"Loop","floor":6},{"not_picked":["Steam Power","Sweeping Beam"],"picked":"Storm","floor":8},{"not_picked":["Leap","Turbo"],"picked":"Undo","floor":11},{"not_picked":["Gash","Go for the Eyes"],"picked":"Blizzard","floor":12},{"not_picked":["All For One","Amplify"],"picked":"Echo Form","floor":16},{"not_picked":["Sweeping Beam","Leap"],"picked":"Capacitor","floor":18},{"not_picked":["Darkness","Double Energy"],"picked":"Tempest","floor":22},{"not_picked":["Gash","Barrage","Streamline"],"picked":"SKIP","floor":24},{"not_picked":["BootSequence","Tempest"],"picked":"Defragment","floor":25},{"not_picked":["Barrage","Compile Driver","Tempest"],"picked":"SKIP","floor":27},{"not_picked":["Ball Lightning","Chill"],"picked":"Cold Snap","floor":29},{"not_picked":["Thunder Strike","Biased Cognition"],"picked":"Buffer","floor":33},{"not_picked":["Stack","Ball Lightning","Leap"],"picked":"SKIP","floor":35},{"not_picked":["Go for the Eyes","Ball Lightning"],"picked":"Core Surge","floor":36},{"not_picked":["Beam Cell","Gash"],"picked":"Recycle","floor":37},{"not_picked":["Barrage+1","Reinforced Body"],"picked":"Biased Cognition","floor":39},{"not_picked":["Cold Snap","Streamline+1"],"picked":"Auto Shields","floor":41},{"not_picked":["Streamline+1","Doom and Gloom"],"picked":"Hologram+1","floor":46},{"not_picked":["Magnetism","Madness"],"picked":"Flash of Steel","floor":48}],"player_experience":619814,"relics_obtained":[{"floor":5,"key":"Happy Flower"},{"floor":6,"key":"Strawberry"},{"floor":9,"key":"Centennial Puzzle"},{"floor":11,"key":"Bronze Scales"},{"floor":15,"key":"PreservedInsect"},{"floor":24,"key":"Old Coin"},{"floor":26,"key":"Peace Pipe"},{"floor":29,"key":"Smiling Mask"},{"floor":30,"key":"DataDisk"},{"floor":34,"key":"Tiny Chest"},{"floor":34,"key":"The Courier"},{"floor":34,"key":"Ginger"},{"floor":43,"key":"Whetstone"},{"floor":46,"key":"Art of War"}],"event_choices":[{"damage_healed":0,"gold_gain":0,"player_choice":"Success","damage_taken":12,"relics_obtained":["Orichalcum"],"max_hp_gain":0,"max_hp_loss":0,"event_name":"Scrap Ooze","floor":2,"gold_loss":0},{"damage_healed":0,"gold_gain":0,"player_choice":"Leave","damage_taken":0,"max_hp_gain":0,"max_hp_loss":0,"event_name":"The Cleric","floor":3,"gold_loss":0},{"damage_healed":0,"gold_gain":0,"player_choice":"Upgraded","damage_taken":0,"max_hp_gain":0,"max_hp_loss":0,"event_name":"Upgrade Shrine","floor":14,"gold_loss":0,"cards_upgraded":["Loop"]},{"damage_healed":0,"gold_gain":0,"player_choice":"Became a vampire","damage_taken":0,"max_hp_gain":0,"max_hp_loss":25,"event_name":"Vampires","floor":20,"gold_loss":0,"cards_obtained":["Bite","Bite","Bite","Bite","Bite"]},{"damage_healed":0,"gold_gain":0,"player_choice":"2 cards matched","damage_taken":0,"max_hp_gain":0,"max_hp_loss":0,"event_name":"Match and Keep!","floor":21,"gold_loss":0,"cards_obtained":["Dark Shackles","Thunder Strike"]},{"damage_healed":0,"gold_gain":0,"cards_transformed":["Defend_B","Defend_B"],"player_choice":"Became Test Subject","damage_taken":0,"max_hp_gain":0,"max_hp_loss":0,"event_name":"Drug Dealer","floor":28,"gold_loss":0,"cards_obtained":["Lockon","Sweeping Beam"]},{"damage_healed":0,"gold_gain":99,"player_choice":"Stole From Cult","damage_taken":0,"max_hp_gain":0,"max_hp_loss":0,"event_name":"Nest","floor":31,"gold_loss":0},{"damage_healed":0,"gold_gain":0,"player_choice":"Max HP","damage_taken":0,"max_hp_gain":0,"max_hp_loss":3,"event_name":"Winding Halls","floor":38,"gold_loss":0},{"damage_healed":0,"gold_gain":0,"player_choice":"Memory 1","damage_taken":0,"max_hp_gain":0,"max_hp_loss":0,"event_name":"SensoryStone","floor":48,"gold_loss":0}],"is_beta":false,"boss_relics":[{"not_picked":["FrozenCore","White Beast Statue"],"picked":"Sozu"},{"not_picked":["Eternal Feather","Velvet Choker"],"picked":"Calling Bell"}],"items_purged_floors":[42],"is_endless":false,"potions_floor_spawned":[4,6,11,12,18,25,27,36,39],"ascension_level":12}