{"gold_per_floor":[117,132,145,165,178,213,213,8,8,8,8],"floor_reached":11,"playtime":422,"items_purged":[],"score":143,"play_id":"d9a1ef15-7064-414a-bb11-425fbdc05224","local_time":"20190213020326","is_ascension_mode":true,"campfire_choices":[{"data":"Glacier","floor":7,"key":"SMITH"}],"neow_cost":"NONE","seed_source_timestamp":12691333632823,"circlet_count":0,"master_deck":["AscendersBane","Strike_B","Strike_B","Strike_B","Strike_B","Defend_B","Defend_B","Defend_B","Defend_B","Zap","Dualcast","Leap","Melter","Gash","Fusion","Cold Snap","Glacier+1","Apotheosis","Injury"],"special_seed":0,"relics":["Cracked Core","NeowsBlessing","Bottled Lightning","Juzu Bracelet","Golden Idol"],"potions_floor_usage":[6],"damage_taken":[{"damage":0.0,"enemies":"2 Louse","floor":1.0,"turns":1.0},{"damage":0.0,"enemies":"Small Slimes","floor":2.0,"turns":1.0},{"damage":0.0,"enemies":"Cultist","floor":3.0,"turns":1.0},{"damage":24.0,"enemies":"Large Slime","floor":4.0,"turns":5.0},{"damage":7.0,"enemies":"Lots of Slimes","floor":5.0,"turns":6.0},{"damage":28,"enemies":"Lagavulin","floor":6,"turns":10},{"damage":10,"enemies":"Exordium Thugs","floor":11,"turns":1}],"seed_played":"-7275200466172223505","potions_obtained":[{"floor":2.0,"key":"Ancient Potion"},{"floor":3.0,"key":"Energy Potion"},{"floor":6,"key":"Ancient Potion"}],"is_trial":false,"path_per_floor":["M","M","M","M","M","E","R","$","T","?","M"],"character_chosen":"DEFECT","items_purchased":["Apotheosis"],"campfire_rested":0,"item_purchase_floors":[8],"current_hp_per_floor":[64,64,64,40,33,5,5,5,5,5,0],"gold":8,"neow_bonus":"THREE_ENEMY_KILL","is_prod":false,"is_daily":false,"chose_seed":false,"campfire_upgraded":1,"win_rate":0,"timestamp":1550019806,"path_taken":["M","M","M","M","M","E","R","$","T","?","M"],"build_version":"2019-01-23","purchased_purges":0,"victory":false,"max_hp_per_floor":[71,71,71,71,71,71,71,71,71,71,71],"card_choices":[{"not_picked":["Ball Lightning","Streamline"],"picked":"Leap","floor":1.0},{"not_picked":["BootSequence","Sweeping Beam"],"picked":"Melter","floor":2.0},{"not_picked":["Rip and Tear","Loop"],"picked":"Gash","floor":3.0},{"not_picked":["Streamline","Leap"],"picked":"Fusion","floor":4.0},{"not_picked":["Barrage","Aggregate"],"picked":"Cold Snap","floor":5.0},{"not_picked":["Darkness","Reinforced Body"],"picked":"Glacier","floor":6}],"player_experience":670710,"relics_obtained":[{"floor":6,"key":"Bottled Lightning"},{"floor":9,"key":"Juzu Bracelet"}],"event_choices":[{"damage_healed":0,"gold_gain":0,"player_choice":"Take Wound","damage_taken":0,"relics_obtained":["Golden Idol"],"max_hp_gain":0,"max_hp_loss":0,"event_name":"Golden Idol","floor":10,"gold_loss":0,"cards_obtained":["Injury"]}],"is_beta":false,"boss_relics":[],"items_purged_floors":[],"is_endless":false,"potions_floor_spawned":[2,3,6],"killed_by":"Exordium Thugs","ascension_level":18}