{"gold_per_floor":[118,14,28,28,28,54,54,80,80,100,0,0,10,25,25,99,99,114,39,55,67,77,77,109,109,136,8,8],"floor_reached":28,"playtime":1119,"items_purged":["Strike_R","Strike_R"],"score":519,"play_id":"1b3e7105-7a5b-450b-ab2b-aa67331d5ef9","local_time":"20190127121643","is_ascension_mode":true,"campfire_choices":[{"data":"Shockwave","floor":7,"key":"SMITH"},{"data":"Bash","floor":15,"key":"SMITH"},{"data":"Berserk","floor":23,"key":"SMITH"},{"floor":25,"key":"REST"}],"neow_cost":"NONE","seed_source_timestamp":819766828563852,"circlet_count":0,"master_deck":["AscendersBane","Strike_R","Strike_R","Defend_R+1","Defend_R","Defend_R","Defend_R","Bash+1","Shockwave+1","Headbutt+1","Cleave","Sword Boomerang","Berserk+1","Shrug It Off","Whirlwind","Brutality","Rupture","Shrug It Off","Uppercut"],"relics":["Burning Blood","NeowsBlessing","Shuriken","Gambling Chip","Sozu","Peace Pipe","Bronze Scales"],"potions_floor_usage":[8,16,16,22],"damage_taken":[{"damage":0,"enemies":"2 Louse","floor":1,"turns":1},{"damage":0,"enemies":"Jaw Worm","floor":3,"turns":1},{"damage":0,"enemies":"Gremlin Nob","floor":6,"turns":1},{"damage":32,"enemies":"3 Sentries","floor":8,"turns":5},{"damage":0,"enemies":"Cultist","floor":10,"turns":2},{"damage":0,"enemies":"Exordium Wildlife","floor":13,"turns":3},{"damage":2,"enemies":"Red Slaver","floor":14,"turns":4},{"damage":10,"enemies":"Hexaghost","floor":16,"turns":8},{"damage":9,"enemies":"3 Byrds","floor":18,"turns":3},{"damage":2,"enemies":"Chosen","floor":20,"turns":3},{"damage":22,"enemies":"Centurion and Healer","floor":21,"turns":4},{"damage":13,"enemies":"3 Cultists","floor":22,"turns":4},{"damage":17,"enemies":"Gremlin Leader","floor":24,"turns":5},{"damage":63,"enemies":"Slavers","floor":28,"turns":4}],"seed_played":"6851438448251433917","potions_obtained":[{"floor":1,"key":"SteroidPotion"},{"floor":8,"key":"Ancient Potion"},{"floor":10,"key":"Swift Potion"},{"floor":16,"key":"Block Potion"}],"is_trial":false,"path_per_floor":["M","$","M","?","?","E","R","E","T","M","$","$","M","M","R","B",null,"M","?","M","M","M","R","E","R","T","$","E"],"character_chosen":"IRONCLAD","items_purchased":["Headbutt","Shrug It Off","Uppercut"],"campfire_rested":1,"item_purchase_floors":[2,27,27],"current_hp_per_floor":[74,74,75,75,52,58,58,32,32,38,38,38,44,48,48,44,67,64,64,68,52,45,45,34,56,56,56,0],"gold":8,"neow_bonus":"THREE_ENEMY_KILL","is_prod":false,"is_daily":false,"chose_seed":false,"campfire_upgraded":3,"win_rate":0,"timestamp":1548609403,"path_taken":["M","$","M","?","?","E","R","E","T","?","?","$","M","M","R","BOSS","M","?","M","M","M","R","E","R","T","$","E"],"build_version":"2019-01-23","purchased_purges":2,"victory":false,"max_hp_per_floor":[75,75,75,75,75,75,75,75,75,75,75,75,75,75,75,75,75,75,75,75,75,75,75,75,75,75,75,75],"card_choices":[{"not_picked":["Rage","Dropkick"],"picked":"Shockwave","floor":1},{"not_picked":["Dual Wield","Headbutt"],"picked":"Cleave","floor":3},{"not_picked":["Feel No Pain","Burning Pact"],"picked":"Sword Boomerang","floor":6},{"not_picked":["Perfected Strike","Sword Boomerang"],"picked":"Berserk","floor":8},{"not_picked":["Clash","Power Through"],"picked":"Shrug It Off","floor":10},{"not_picked":["Headbutt","Bloodletting","Wild Strike"],"picked":"SKIP","floor":13},{"not_picked":["Sword Boomerang","Warcry"],"picked":"Whirlwind","floor":14},{"not_picked":["Juggernaut","Demon Form"],"picked":"Brutality","floor":16},{"not_picked":["Havoc","Pommel Strike","Anger"],"picked":"SKIP","floor":18},{"not_picked":["Headbutt","Heavy Blade","Entrench"],"picked":"SKIP","floor":20},{"not_picked":["Reckless Charge","Dropkick","Power Through"],"picked":"SKIP","floor":21},{"not_picked":["Intimidate","Second Wind"],"picked":"Rupture","floor":22},{"not_picked":["Demon Form","Headbutt","Wild Strike"],"picked":"SKIP","floor":24}],"player_experience":504428,"relics_obtained":[{"floor":6,"key":"Shuriken"},{"floor":8,"key":"Gambling Chip"},{"floor":24,"key":"Peace Pipe"},{"floor":26,"key":"Bronze Scales"}],"event_choices":[{"damage_healed":0,"gold_gain":0,"player_choice":"Leave","damage_taken":0,"max_hp_gain":0,"max_hp_loss":0,"event_name":"The Cleric","floor":4,"gold_loss":0},{"damage_healed":0,"gold_gain":0,"player_choice":"Entered Light","damage_taken":23,"max_hp_gain":0,"max_hp_loss":0,"event_name":"Shining Light","floor":5,"gold_loss":0,"cards_upgraded":["Headbutt","Defend_R"]},{"cards_removed":["Strike_R"],"damage_healed":0,"gold_gain":0,"player_choice":"Gave Gold","damage_taken":0,"max_hp_gain":0,"max_hp_loss":0,"event_name":"Beggar","floor":19,"gold_loss":75}],"is_beta":false,"boss_relics":[{"not_picked":["Tiny House","Coffee Dripper"],"picked":"Sozu"}],"items_purged_floors":[2,11],"is_endless":false,"potions_floor_spawned":[1,8,10,16,20,21,22],"killed_by":"Slavers","ascension_level":18}