{"gold_per_floor":[16,166,177,177,191,191,226,226,304,367,380,400,420,440,440,514,514,531,531,531,542,561,561,571,571,571,72,72,90,90,10,10,84,84,97,97,97,112,124,139,139,168,168,202,202,227,274,23,23,23,23,23,23,23],"floor_reached":54,"playtime":4361,"items_purged":["Doubt"],"score":1460,"play_id":"2289f204-67af-4abe-9241-b1b3354f3339","local_time":"20190129100721","is_ascension_mode":true,"campfire_choices":[{"data":"Zap","floor":6.0,"key":"SMITH"},{"data":"Conserve Battery","floor":8.0,"key":"SMITH"},{"floor":15.0,"key":"REST"},{"data":"Sunder","floor":23.0,"key":"SMITH"},{"data":"Conserve Battery","floor":25.0,"key":"SMITH"},{"data":"Chrysalis","floor":28.0,"key":"SMITH"},{"data":"Glacier","floor":32.0,"key":"SMITH"},{"floor":41.0,"key":"RECALL"},{"data":"Thunder Strike","floor":49.0,"key":"SMITH"},{"data":"Defragment","floor":52.0,"key":"SMITH"}],"neow_cost":"NO_GOLD","seed_source_timestamp":0,"circlet_count":0,"master_deck":["AscendersBane","Defend_B","Defend_B","Zap+1","Dualcast","Rebound","Coolheaded","Conserve Battery+1","Melter","Leap","Conserve Battery+1","Reprogram","Sunder+1","FTL","Echo Form","Barrage","Stack","Hologram","Leap","Multi-Cast","Cold Snap","Bite","Bite","Bite","Bite","Bite","Ghostly+1","Ghostly","Ghostly","Conserve Battery+1","Streamline","Thunder Strike+1","Chrysalis+1","Gash+1","Glacier+1","Defragment+1","Seek","Beam Cell+1","Defragment","Compile Driver","Coolheaded","Parasite","Gash","Seek","FTL","Cold Snap+1","Go for the Eyes"],"special_seed":0,"relics":["Cracked Core","FossilizedHelix","Vajra","Bottled Flame","Tiny Chest","Orrery","Lantern","Runic Capacitor","Black Star","War Paint","Potion Belt","Ancient Tea Set","Bottled Tornado","Boot","Juzu Bracelet","MawBank","Strange Spoon"],"potions_floor_usage":[],"damage_taken":[{"damage":0.0,"enemies":"Small Slimes","floor":1.0,"turns":3.0},{"damage":12.0,"enemies":"Jaw Worm","floor":3.0,"turns":5.0},{"damage":0.0,"enemies":"2 Louse","floor":5.0,"turns":2.0},{"damage":21.0,"enemies":"Lagavulin","floor":7.0,"turns":10.0},{"damage":14.0,"enemies":"Gremlin Nob","floor":10.0,"turns":4.0},{"damage":8.0,"enemies":"Blue Slaver","floor":11.0,"turns":3.0},{"damage":0.0,"enemies":"Large Slime","floor":12.0,"turns":6.0},{"damage":0.0,"enemies":"3 Louse","floor":13.0,"turns":3.0},{"damage":0.0,"enemies":"Exordium Thugs","floor":14.0,"turns":5.0},{"damage":16.0,"enemies":"Slime Boss","floor":16.0,"turns":10.0},{"damage":16.0,"enemies":"3 Byrds","floor":18.0,"turns":5.0},{"damage":3.0,"enemies":"Shell Parasite","floor":21.0,"turns":7.0},{"damage":20.0,"enemies":"Shelled Parasite and Fungi","floor":22.0,"turns":8.0},{"damage":0.0,"enemies":"Centurion and Healer","floor":24.0,"turns":8.0},{"damage":8.0,"enemies":"Snake Plant","floor":29.0,"turns":4.0},{"damage":18.0,"enemies":"Automaton","floor":33.0,"turns":15.0},{"damage":1.0,"enemies":"3 Shapes","floor":35.0,"turns":11.0},{"damage":2.0,"enemies":"Orb Walker","floor":38.0,"turns":5.0},{"damage":0.0,"enemies":"Transient","floor":39.0,"turns":6.0},{"damage":9.0,"enemies":"Writhing Mass","floor":40.0,"turns":10.0},{"damage":15.0,"enemies":"Reptomancer","floor":42.0,"turns":9.0},{"damage":0.0,"enemies":"Nemesis","floor":44.0,"turns":11.0},{"damage":0.0,"enemies":"Reptomancer","floor":46.0,"turns":9.0},{"damage":3.0,"enemies":"Awakened One","floor":50.0,"turns":22.0},{"damage":26,"enemies":"Shield and Spear","floor":54,"turns":3}],"seed_played":"-7596362776952985508","potions_obtained":[{"floor":1.0,"key":"GamblersBrew"},{"floor":5.0,"key":"Poison Potion"},{"floor":11.0,"key":"SkillPotion"},{"floor":12.0,"key":"Dexterity Potion"},{"floor":16.0,"key":"Strength Potion"},{"floor":18.0,"key":"AttackPotion"},{"floor":22.0,"key":"Poison Potion"},{"floor":38.0,"key":"EssenceOfSteel"},{"floor":40.0,"key":"Ancient Potion"},{"floor":42.0,"key":"SpeedPotion"},{"floor":44.0,"key":"LiquidBronze"}],"is_trial":false,"path_per_floor":["M","?","M","?","M","R","E","R","T","E","M","M","M","M","R","B",null,"M","?","?","M","M","R","M","R","T","$","R","M","?","$","R","B",null,"M","?","?","M","M","M","R","E","T","E","?","E","T","$","R","B",null,"R","$","E"],"character_chosen":"DEFECT","items_purchased":["Runic Capacitor","Chrysalis","Defragment","Strange Spoon","Go for the Eyes"],"campfire_rested":1,"item_purchase_floors":[27,27,31,48,48],"current_hp_per_floor":[64,64,52,45,45,45,24,24,24,10,2,2,2,2,23,7,55,39,39,24,24,20,20,24,24,24,24,24,16,16,16,16,6,20,24,24,24,22,24,21,21,17,17,23,23,24,24,24,24,24,24,24,24,0],"gold":23,"neow_bonus":"ONE_RARE_RELIC","is_prod":false,"is_daily":false,"chose_seed":false,"campfire_upgraded":8,"win_rate":0,"timestamp":1548752841,"path_taken":["M","?","M","?","M","R","E","R","T","E","M","M","M","M","R","BOSS","M","?","?","M","M","R","M","R","T","$","R","M","?","?","R","BOSS","M","?","?","?","M","M","R","E","T","E","?","E","?","$","R","BOSS","R","$","E"],"build_version":"2019-01-23","purchased_purges":1,"victory":false,"max_hp_per_floor":[71,71,71,71,71,71,71,71,71,71,71,71,71,71,71,71,71,71,49,24,24,24,24,24,24,24,24,24,24,24,24,24,24,24,24,24,24,24,24,24,24,24,24,24,24,24,24,24,24,24,24,24,24,24],"card_choices":[{"not_picked":["Blizzard","Hologram"],"picked":"Rebound","floor":1.0},{"not_picked":["Heatsinks","Ball Lightning"],"picked":"Coolheaded","floor":3.0},{"not_picked":["Stack","Consume"],"picked":"Conserve Battery","floor":5.0},{"not_picked":["FTL","Recycle"],"picked":"Melter","floor":7.0},{"not_picked":["Sweeping Beam","Go for the Eyes"],"picked":"Leap","floor":10.0},{"not_picked":["Barrage","Compile Driver"],"picked":"Conserve Battery","floor":11.0},{"not_picked":["Compile Driver","Stack"],"picked":"Reprogram","floor":12.0},{"not_picked":["Go for the Eyes","Seek"],"picked":"Sunder","floor":13.0},{"not_picked":["Conserve Battery","Sunder"],"picked":"FTL","floor":14.0},{"not_picked":["Seek","Machine Learning"],"picked":"Echo Form","floor":16.0},{"not_picked":["Storm","Steam"],"picked":"Barrage","floor":17.0},{"not_picked":["Steam Power","Barrage"],"picked":"Stack","floor":17.0},{"not_picked":["Streamline","Coolheaded"],"picked":"Hologram","floor":17.0},{"not_picked":["Cold Snap","Recycle"],"picked":"Leap","floor":17.0},{"not_picked":["Hologram","Go for the Eyes"],"picked":"Multi-Cast","floor":17.0},{"not_picked":["Redo","Ball Lightning"],"picked":"Cold Snap","floor":18.0},{"not_picked":["Doom and Gloom","Stack"],"picked":"Conserve Battery","floor":21.0},{"not_picked":["Genetic Algorithm","Cold Snap"],"picked":"Streamline","floor":22.0},{"not_picked":["Ball Lightning","Melter"],"picked":"Thunder Strike","floor":24.0},{"not_picked":["Ball Lightning","Scrape+1"],"picked":"Gash+1","floor":29.0},{"not_picked":["Amplify","Multi-Cast"],"picked":"Seek","floor":33.0},{"not_picked":["Barrage","Sweeping Beam"],"picked":"Beam Cell+1","floor":35.0},{"not_picked":["Storm+1","Steam"],"picked":"Compile Driver","floor":38.0},{"not_picked":["Streamline","Recycle"],"picked":"Coolheaded","floor":39.0},{"not_picked":["Coolheaded","Hyperbeam"],"picked":"Gash","floor":40.0},{"not_picked":["Steam Power","Rebound"],"picked":"Seek","floor":42.0},{"not_picked":["Melter","Reprogram"],"picked":"FTL","floor":44.0},{"not_picked":["Defragment","Turbo"],"picked":"Cold Snap+1","floor":46.0}],"player_experience":633476,"relics_obtained":[{"floor":7.0,"key":"Vajra"},{"floor":9.0,"key":"Bottled Flame"},{"floor":10.0,"key":"Tiny Chest"},{"floor":26.0,"key":"Lantern"},{"floor":42.0,"key":"War Paint"},{"floor":42.0,"key":"Potion Belt"},{"floor":44.0,"key":"Ancient Tea Set"},{"floor":44.0,"key":"Bottled Tornado"},{"floor":46.0,"key":"Boot"},{"floor":46.0,"key":"Juzu Bracelet"},{"floor":47.0,"key":"MawBank"}],"event_choices":[{"damage_healed":0.0,"max_hp_gain":0.0,"max_hp_loss":0.0,"gold_gain":150.0,"event_name":"Liars Game","player_choice":"AGREE","floor":2.0,"gold_loss":0.0,"damage_taken":0.0,"cards_obtained":["Doubt"]},{"cards_removed":["Defend_B"],"damage_healed":0.0,"max_hp_gain":0.0,"max_hp_loss":0.0,"gold_gain":0.0,"event_name":"Golden Wing","player_choice":"Card Removal","floor":4.0,"gold_loss":0.0,"damage_taken":7.0},{"damage_healed":0.0,"max_hp_gain":0.0,"max_hp_loss":22.0,"gold_gain":0.0,"event_name":"Vampires","player_choice":"Became a vampire","floor":19.0,"gold_loss":0.0,"damage_taken":0.0,"cards_obtained":["Bite","Bite","Bite","Bite","Bite"]},{"damage_healed":0.0,"max_hp_gain":0.0,"max_hp_loss":25.0,"gold_gain":0.0,"event_name":"Ghosts","player_choice":"Became a Ghost","floor":20.0,"gold_loss":0.0,"damage_taken":0.0,"cards_obtained":["Ghostly","Ghostly","Ghostly"]},{"damage_healed":0.0,"max_hp_gain":0.0,"max_hp_loss":0.0,"gold_gain":0.0,"event_name":"The Library","player_choice":"Read","floor":30.0,"gold_loss":0.0,"damage_taken":0.0,"cards_obtained":["Glacier"]},{"damage_healed":0.0,"max_hp_gain":0.0,"max_hp_loss":0.0,"gold_gain":0.0,"event_name":"Mysterious Sphere","player_choice":"Ignored","floor":36.0,"gold_loss":0.0,"damage_taken":0.0},{"damage_healed":0.0,"max_hp_gain":0.0,"max_hp_loss":0.0,"gold_gain":0.0,"cards_transformed":["Defend_B"],"event_name":"Transmorgrifier","player_choice":"Transformed","floor":37.0,"gold_loss":0.0,"damage_taken":0.0,"cards_obtained":["Defragment"]},{"damage_healed":0.0,"max_hp_gain":0.0,"max_hp_loss":0.0,"gold_gain":0.0,"event_name":"Tomb of Lord Red Mask","player_choice":"Ignored","floor":45.0,"gold_loss":0.0,"damage_taken":0.0}],"is_beta":false,"boss_relics":[{"not_picked":["Tiny House","Snecko Eye"],"picked":"Orrery"},{"not_picked":["Empty Cage","Eternal Feather"],"picked":"Black Star"}],"items_purged_floors":[27],"is_endless":false,"potions_floor_spawned":[1,5,11,12,16,18,22,33,38,39,40,42,44],"killed_by":"Shield and Spear","ascension_level":17}