{"gold_per_floor":[118,118,43,57,57,57,75,88,88,117,132,7,7,26,26,122,122,133,33,33,33,45,45,64,64,139,139,157,185,185,196,196,294,294,304,314,35,46,100,100,116,0,0,0,0,14,14,25,25,25],"floor_reached":51,"playtime":2903,"items_purged":["Defend_R","Defend_R","Doubt","Strike_R"],"score":721,"play_id":"cf8c048d-2bcc-47b1-992a-444870724c14","local_time":"20190228202548","is_ascension_mode":false,"campfire_choices":[{"data":"Shrug It Off","floor":6,"key":"SMITH"},{"floor":13,"key":"REST"},{"data":"Defend_R","floor":15,"key":"PURGE"},{"data":"Writhe","floor":23,"key":"PURGE"},{"floor":25,"key":"REST"},{"data":"Injury","floor":27,"key":"PURGE"},{"floor":30,"key":"REST"},{"data":"Demon Form","floor":32,"key":"SMITH"},{"data":"Bash","floor":40,"key":"PURGE"},{"data":"Strike_R","floor":47,"key":"PURGE"},{"floor":49,"key":"REST"}],"neow_cost":"NONE","seed_source_timestamp":810258644373252,"circlet_count":0,"master_deck":["Shrug It Off+1","Shrug It Off","Demon Form+1","Barricade","Heavy Blade"],"relics":["Empty Cage","Meat on the Bone","Sundial","Peace Pipe","Calling Bell","Orichalcum","The Courier","Bird Faced Urn","Gremlin Horn","Ancient Tea Set","Sozu","Lantern","PreservedInsect","Red Mask","FossilizedHelix"],"potions_floor_usage":[16,21,24,28,29,29,29,31,36],"damage_taken":[{"damage":11,"enemies":"Jaw Worm","floor":1,"turns":2},{"damage":1,"enemies":"2 Louse","floor":4,"turns":4},{"damage":6,"enemies":"Cultist","floor":7,"turns":3},{"damage":2,"enemies":"Red Slaver","floor":8,"turns":5},{"damage":23,"enemies":"Lagavulin","floor":10,"turns":9},{"damage":22,"enemies":"Large Slime","floor":11,"turns":6},{"damage":8,"enemies":"2 Fungi Beasts","floor":14,"turns":8},{"damage":36,"enemies":"Slime Boss","floor":16,"turns":24},{"damage":16,"enemies":"Chosen","floor":18,"turns":6},{"damage":0,"enemies":"2 Thieves","floor":21,"turns":1},{"damage":28,"enemies":"Snake Plant","floor":22,"turns":5},{"damage":25,"enemies":"Cultist and Chosen","floor":24,"turns":7},{"damage":7,"enemies":"3 Cultists","floor":28,"turns":6},{"damage":48,"enemies":"Slavers","floor":29,"turns":7},{"damage":0,"enemies":"Chosen and Byrds","floor":31,"turns":7},{"damage":14,"enemies":"Automaton","floor":33,"turns":10},{"damage":27,"enemies":"3 Darklings","floor":35,"turns":6},{"damage":9,"enemies":"Orb Walker","floor":36,"turns":3},{"damage":25,"enemies":"Sphere and 2 Shapes","floor":38,"turns":6},{"damage":0,"enemies":"Maw","floor":41,"turns":8},{"damage":0,"enemies":"Writhing Mass","floor":46,"turns":8},{"damage":0,"enemies":"3 Darklings","floor":48,"turns":5},{"damage":0,"enemies":"Awakened One","floor":50,"turns":17}],"seed_played":"2214767937406233948","potions_obtained":[{"floor":7,"key":"FairyPotion"},{"floor":10,"key":"SneckoOil"},{"floor":11,"key":"SmokeBomb"},{"floor":14,"key":"SteroidPotion"},{"floor":16,"key":"Ancient Potion"},{"floor":18,"key":"Block Potion"},{"floor":22,"key":"EntropicBrew"},{"floor":24,"key":"PowerPotion"},{"floor":29,"key":"FearPotion"}],"is_trial":false,"path_per_floor":["M","?","$","M","?","R","M","M","T","E","M","$","R","M","R","B",null,"M","$","?","M","M","R","M","R","T","R","M","E","R","M","R","B",null,"M","M","$","M","T","R","M","?","T","?","?","M","R","M","R","B",null],"character_chosen":"IRONCLAD","items_purchased":["Shrug It Off","Lantern","Heavy Blade"],"campfire_rested":4,"item_purchase_floors":[12,37,37],"current_hp_per_floor":[69,62,62,61,54,54,48,46,46,35,25,25,49,41,41,17,80,66,66,66,68,42,42,31,55,55,55,52,18,42,46,46,48,80,55,48,48,39,39,39,43,43,43,43,43,47,47,51,75,79],"gold":25,"neow_bonus":"BOSS_RELIC","is_prod":false,"is_daily":false,"chose_seed":false,"campfire_upgraded":2,"win_rate":0,"timestamp":1551403548,"path_taken":["M","?","$","M","?","R","M","M","T","E","M","$","R","M","R","BOSS","M","$","?","M","M","R","M","R","T","R","?","E","R","M","R","BOSS","M","M","$","M","?","R","M","?","T","?","?","M","R","M","R","BOSS"],"build_version":"2019-01-23","purchased_purges":4,"victory":true,"max_hp_per_floor":[80,80,80,80,80,80,80,80,80,80,80,80,80,80,80,80,80,80,80,80,80,80,80,80,80,80,80,80,80,80,80,80,80,80,80,80,80,80,80,80,80,80,80,80,80,80,80,80,80,80],"card_choices":[{"not_picked":["Warcry","Wild Strike"],"picked":"Shrug It Off","floor":1},{"not_picked":["Perfected Strike","Whirlwind","Twin Strike"],"picked":"SKIP","floor":4},{"not_picked":["Burning Pact","Headbutt","Sever Soul"],"picked":"SKIP","floor":7},{"not_picked":["Battle Trance","Carnage","Clothesline"],"picked":"SKIP","floor":8},{"not_picked":["Cleave","Warcry","Perfected Strike"],"picked":"SKIP","floor":10},{"not_picked":["Twin Strike","Havoc","Blood for Blood"],"picked":"SKIP","floor":11},{"not_picked":["Disarm","Cleave","Blood for Blood"],"picked":"SKIP","floor":14},{"not_picked":["Impervious","Bludgeon"],"picked":"Demon Form","floor":16},{"not_picked":["Headbutt+1","Twin Strike","Iron Wave"],"picked":"SKIP","floor":18},{"not_picked":["Rupture","Dual Wield","Clothesline"],"picked":"SKIP","floor":22},{"not_picked":["Rampage","Sword Boomerang","Carnage"],"picked":"SKIP","floor":24},{"not_picked":["Fiend Fire","Cleave+1","Dropkick"],"picked":"SKIP","floor":28},{"not_picked":["Fire Breathing+1","Rampage"],"picked":"Barricade","floor":29},{"not_picked":["Armaments","Burning Pact+1","Carnage+1"],"picked":"SKIP","floor":31},{"not_picked":["Iron Wave+1","Cleave+1","Sever Soul"],"picked":"SKIP","floor":35},{"not_picked":["Iron Wave+1","Entrench+1","Cleave"],"picked":"SKIP","floor":36},{"not_picked":["Fire Breathing","Clash","Clothesline"],"picked":"SKIP","floor":38},{"not_picked":["Clash","Cleave+1","Intimidate+1"],"picked":"SKIP","floor":41},{"not_picked":["Perfected Strike","Infernal Blade+1","Power Through+1"],"picked":"SKIP","floor":46},{"not_picked":["Hemokinesis","Exhume","Combust"],"picked":"SKIP","floor":48}],"player_experience":854134,"relics_obtained":[{"floor":9,"key":"Sundial"},{"floor":10,"key":"Peace Pipe"},{"floor":17,"key":"Orichalcum"},{"floor":17,"key":"The Courier"},{"floor":17,"key":"Bird Faced Urn"},{"floor":26,"key":"Gremlin Horn"},{"floor":29,"key":"Ancient Tea Set"},{"floor":39,"key":"PreservedInsect"},{"floor":43,"key":"FossilizedHelix"}],"event_choices":[{"damage_healed":0,"gold_gain":0,"player_choice":"Success","damage_taken":7,"relics_obtained":["Meat on the Bone"],"max_hp_gain":0,"max_hp_loss":0,"event_name":"Scrap Ooze","floor":2,"gold_loss":0},{"cards_removed":["Defend_R"],"damage_healed":0,"gold_gain":0,"player_choice":"Card Removal","damage_taken":7,"max_hp_gain":0,"max_hp_loss":0,"event_name":"Golden Wing","floor":5,"gold_loss":0},{"damage_healed":0,"gold_gain":0,"player_choice":"0 cards matched","damage_taken":0,"max_hp_gain":0,"max_hp_loss":0,"event_name":"Match and Keep!","floor":20,"gold_loss":0,"cards_obtained":[]},{"damage_healed":0,"gold_gain":0,"player_choice":"Paid","damage_taken":0,"relics_obtained":["Red Mask"],"max_hp_gain":0,"max_hp_loss":0,"event_name":"Tomb of Lord Red Mask","floor":42,"gold_loss":116},{"damage_healed":0,"gold_gain":0,"player_choice":"Ignored","damage_taken":0,"max_hp_gain":0,"max_hp_loss":0,"event_name":"Mysterious Sphere","floor":44,"gold_loss":0},{"cards_removed":["Strike_R"],"damage_healed":0,"gold_gain":0,"player_choice":"Removed Attack","damage_taken":0,"max_hp_gain":0,"max_hp_loss":0,"event_name":"Falling","floor":45,"gold_loss":0}],"is_beta":false,"boss_relics":[{"not_picked":["Lizard Tail","Runic Pyramid"],"picked":"Calling Bell"},{"not_picked":["Velvet Choker","Eternal Feather"],"picked":"Sozu"}],"items_purged_floors":[3,12,19,37],"is_endless":false,"potions_floor_spawned":[7,10,11,14,16,18,22,24,29,35,38,46],"ascension_level":0}