{"gold_per_floor":[112,128,141,151,162,189,208,208,232,249,122,122,122,134,134,208,208,228,79,94,108,108,120,158,170,182,224,236,266,278,290,302,393,405,431,459,471,493,518,557,589,614,650,118,131,131,146,146,146,146],"floor_reached":50,"playtime":2851,"items_purged":["Strike_B","Strike_B","Strike_B"],"score":941,"play_id":"fb2cad3a-3842-4b79-aaeb-d61b279eec5f","local_time":"20190302120113","is_ascension_mode":true,"campfire_choices":[{"data":"Genetic Algorithm","floor":8.0,"key":"SMITH"},{"data":"Dualcast","floor":12.0,"key":"SMITH"},{"floor":15.0,"key":"REST"},{"data":"Loop","floor":23.0,"key":"SMITH"},{"data":"Self Repair","floor":25.0,"key":"SMITH"},{"data":"Seek","floor":28.0,"key":"SMITH"},{"data":"Reinforced Body","floor":30.0,"key":"SMITH"},{"data":"Loop","floor":32.0,"key":"SMITH"},{"floor":46.0,"key":"REST"},{"floor":49,"key":"REST"}],"neow_cost":"NONE","seed_source_timestamp":32573501943576,"circlet_count":0,"master_deck":["AscendersBane","Strike_B","Defend_B","Defend_B","Defend_B","Defend_B","Zap+1","Dualcast+1","Doom and Gloom","Genetic Algorithm+1","Conserve Battery","Reinforced Body+1","Self Repair+1","Cold Snap","Seek+1","Loop+1","Sweeping Beam","Go for the Eyes","Lockon","Loop+1","Buffer","BootSequence","Conserve Battery+1","Defragment","Loop"],"special_seed":0,"relics":["Cracked Core","Gambling Chip","Orichalcum","NlothsMask","Velvet Choker","MawBank","Vajra","Juzu Bracelet","Sozu","Blue Candle","DataDisk","Art of War","Toolbox"],"potions_floor_usage":[],"damage_taken":[{"damage":1.0,"enemies":"Small Slimes","floor":1.0,"turns":4.0},{"damage":1.0,"enemies":"Cultist","floor":2.0,"turns":3.0},{"damage":2.0,"enemies":"Jaw Worm","floor":3.0,"turns":4.0},{"damage":16.0,"enemies":"Exordium Wildlife","floor":4.0,"turns":4.0},{"damage":15.0,"enemies":"3 Louse","floor":5.0,"turns":2.0},{"damage":25.0,"enemies":"Gremlin Nob","floor":6.0,"turns":5.0},{"damage":0.0,"enemies":"Large Slime","floor":7.0,"turns":5.0},{"damage":0.0,"enemies":"Looter","floor":10.0,"turns":3.0},{"damage":10.0,"enemies":"Exordium Wildlife","floor":14.0,"turns":6.0},{"damage":20.0,"enemies":"Hexaghost","floor":16.0,"turns":12.0},{"damage":10.0,"enemies":"Chosen","floor":18.0,"turns":5.0},{"damage":0.0,"enemies":"Shell Parasite","floor":20.0,"turns":6.0},{"damage":13.0,"enemies":"Centurion and Healer","floor":21.0,"turns":6.0},{"damage":14.0,"enemies":"Book of Stabbing","floor":24.0,"turns":5.0},{"damage":0.0,"enemies":"Gremlin Leader","floor":27.0,"turns":6.0},{"damage":14.0,"enemies":"Snake Plant","floor":29.0,"turns":4.0},{"damage":29.0,"enemies":"Automaton","floor":33.0,"turns":11.0},{"damage":0.0,"enemies":"3 Darklings","floor":35.0,"turns":9.0},{"damage":10.0,"enemies":"Orb Walker","floor":36.0,"turns":5.0},{"damage":13.0,"enemies":"Transient","floor":38.0,"turns":5.0},{"damage":13.0,"enemies":"4 Shapes","floor":39.0,"turns":7.0},{"damage":55.0,"enemies":"Giant Head","floor":40.0,"turns":9.0},{"damage":4.0,"enemies":"Spire Growth","floor":41.0,"turns":5.0},{"damage":11.0,"enemies":"3 Darklings","floor":42.0,"turns":6.0},{"damage":7.0,"enemies":"Writhing Mass","floor":45.0,"turns":7.0},{"damage":20,"enemies":"Jaw Worm Horde","floor":47,"turns":4},{"damage":51,"enemies":"Time Eater","floor":50,"turns":6}],"seed_played":"7505517905690389233","potions_obtained":[{"floor":1.0,"key":"Dexterity Potion"},{"floor":3.0,"key":"SneckoOil"},{"floor":6.0,"key":"Strength Potion"},{"floor":21.0,"key":"PowerPotion"},{"floor":24.0,"key":"Swift Potion"},{"floor":29.0,"key":"PowerPotion"}],"is_trial":false,"path_per_floor":["M","M","M","M","M","E","M","R","T","M","$","R","?","M","R","B",null,"M","$","M","M","?","R","E","R","T","E","R","M","R","?","R","B",null,"M","M","$","M","M","E","M","M","T","$","M","R","M","?","R","B"],"character_chosen":"DEFECT","items_purchased":["Cold Snap","Explosive Potion","Defragment","Art of War","Toolbox"],"campfire_rested":3,"item_purchase_floors":[11,19,44,44,44],"current_hp_per_floor":[67,66,64,48,33,8,15,15,15,22,22,22,22,19,41,28,63,60,60,67,61,61,61,54,54,54,64,64,60,60,60,60,41,67,75,75,75,72,69,24,20,19,19,19,12,34,14,14,36,0],"gold":146,"neow_bonus":"UPGRADE_CARD","is_prod":false,"is_daily":false,"chose_seed":false,"campfire_upgraded":7,"win_rate":0,"timestamp":1551524473,"path_taken":["M","M","M","M","M","E","M","R","T","M","$","R","?","M","R","BOSS","M","$","M","?","?","R","E","R","T","E","R","M","R","?","R","BOSS","M","M","$","M","M","E","M","M","T","$","M","R","M","?","R","BOSS"],"build_version":"2019-01-23","purchased_purges":3,"victory":false,"max_hp_per_floor":[75,75,75,75,75,75,75,75,75,75,75,75,75,75,75,75,75,75,75,75,75,75,75,75,75,75,75,75,75,75,75,75,75,75,75,75,75,75,75,75,75,75,75,75,75,75,75,75,75,75],"card_choices":[{"not_picked":["FTL","Stack"],"picked":"Doom and Gloom","floor":1.0},{"not_picked":["Cold Snap","Storm"],"picked":"Genetic Algorithm","floor":2.0},{"not_picked":["Ball Lightning","FTL"],"picked":"Conserve Battery","floor":3.0},{"not_picked":["Double Energy","Hologram"],"picked":"Reinforced Body","floor":4.0},{"not_picked":["Streamline","Barrage","Ball Lightning"],"picked":"SKIP","floor":5.0},{"not_picked":["All For One","Cold Snap"],"picked":"Self Repair","floor":6.0},{"not_picked":["Compile Driver","Reinforced Body","Stack"],"picked":"SKIP","floor":7.0},{"not_picked":["Go for the Eyes","Streamline","Auto Shields"],"picked":"SKIP","floor":10.0},{"not_picked":["Barrage","Storm","Cold Snap"],"picked":"SKIP","floor":14.0},{"not_picked":["Biased Cognition","Electrodynamics"],"picked":"Seek","floor":16.0},{"not_picked":["Gash","Barrage"],"picked":"Loop","floor":18.0},{"not_picked":["Undo","Stack","Aggregate"],"picked":"SKIP","floor":20.0},{"not_picked":["Compile Driver","Melter+1"],"picked":"Sweeping Beam","floor":21.0},{"not_picked":["Force Field","Gash"],"picked":"Go for the Eyes","floor":24.0},{"not_picked":["Go for the Eyes","Rebound"],"picked":"Lockon","floor":27.0},{"not_picked":["Reprogram","BootSequence"],"picked":"Loop","floor":29.0},{"not_picked":["Meteor Strike","Hyperbeam"],"picked":"Buffer","floor":33.0},{"not_picked":["Turbo","Leap","Ball Lightning+1"],"picked":"SKIP","floor":35.0},{"not_picked":["Steam+1","Compile Driver","Sweeping Beam+1"],"picked":"SKIP","floor":36.0},{"not_picked":["Conserve Battery","Sweeping Beam+1","Rebound"],"picked":"SKIP","floor":38.0},{"not_picked":["Tempest","Rebound","Heatsinks"],"picked":"SKIP","floor":39.0},{"not_picked":["Doom and Gloom","Fission","Barrage+1"],"picked":"SKIP","floor":40.0},{"not_picked":["Tempest","Gash"],"picked":"BootSequence","floor":41.0},{"not_picked":["Go for the Eyes+1","Beam Cell"],"picked":"Conserve Battery+1","floor":42.0},{"not_picked":["Fusion","Coolheaded+1"],"picked":"Loop","floor":45.0},{"not_picked":["Hologram","Capacitor","Rebound+1"],"picked":"SKIP","floor":47}],"player_experience":699957,"relics_obtained":[{"floor":6.0,"key":"Gambling Chip"},{"floor":9.0,"key":"Orichalcum"},{"floor":24.0,"key":"Vajra"},{"floor":27.0,"key":"Juzu Bracelet"},{"floor":40.0,"key":"Blue Candle"},{"floor":43.0,"key":"DataDisk"}],"event_choices":[{"damage_healed":0.0,"max_hp_gain":0.0,"max_hp_loss":0.0,"gold_gain":0.0,"event_name":"FaceTrader","player_choice":"Trade","floor":13.0,"gold_loss":0.0,"damage_taken":0.0,"relics_obtained":["NlothsMask"]},{"damage_healed":0.0,"max_hp_gain":0.0,"max_hp_loss":0.0,"gold_gain":0.0,"event_name":"WeMeetAgain","player_choice":"Gave Potion","floor":22.0,"gold_loss":0.0,"damage_taken":0.0,"relics_obtained":["MawBank"]},{"damage_healed":0.0,"max_hp_gain":0.0,"max_hp_loss":0.0,"gold_gain":0.0,"event_name":"Ghosts","player_choice":"Ignored","floor":31.0,"gold_loss":0.0,"damage_taken":0.0},{"damage_healed":0,"gold_gain":0,"player_choice":"Ignored","damage_taken":0,"max_hp_gain":0,"max_hp_loss":0,"event_name":"Mysterious Sphere","floor":48,"gold_loss":0}],"is_beta":false,"boss_relics":[{"not_picked":["Nuclear Battery","Snecko Eye"],"picked":"Velvet Choker"},{"not_picked":["White Beast Statue","Tiny House"],"picked":"Sozu"}],"items_purged_floors":[11,19,44],"is_endless":false,"potions_floor_spawned":[1,3,6,7,14,21,24,29,35,36,40,45,47],"killed_by":"Time Eater","ascension_level":13}