{"gold_per_floor":[365,540,490,4,18,49,69,87,111,121,121,71,71,86,86,86],"floor_reached":16,"playtime":469,"items_purged":["Writhe","Strike_B"],"score":122,"play_id":"ffdbb387-592f-4a81-822c-d702181dc078","local_time":"20190107171117","is_ascension_mode":true,"campfire_choices":[{"data":"Defragment","floor":11,"key":"SMITH"},{"data":"Self Repair","floor":15,"key":"SMITH"}],"neow_cost":"CURSE","seed_source_timestamp":1522136322391372,"circlet_count":0,"master_deck":["Strike_B","Strike_B","Defend_B","Defend_B","Defend_B","Defend_B","Zap","Dualcast","Self Repair+1","Storm","Defragment+1","Rip and Tear+1","Doom and Gloom+1","Storm"],"relics":["Cracked Core","Molten Egg 2","Vajra","Smiling Mask"],"potions_floor_usage":[16],"damage_taken":[{"damage":0,"enemies":"2 Louse","floor":1,"turns":2},{"damage":9,"enemies":"Jaw Worm","floor":5,"turns":4},{"damage":32,"enemies":"Lagavulin","floor":6,"turns":7},{"damage":0,"enemies":"Small Slimes","floor":7,"turns":2},{"damage":13,"enemies":"Exordium Wildlife","floor":8,"turns":2},{"damage":0,"enemies":"Gremlin Gang","floor":10,"turns":1},{"damage":10,"enemies":"2 Fungi Beasts","floor":14,"turns":3},{"damage":34,"enemies":"The Guardian","floor":16,"turns":7}],"seed_played":"9077258900090429785","potions_obtained":[{"floor":1,"key":"SneckoOil"},{"floor":5,"key":"Swift Potion"}],"is_trial":false,"path_per_floor":["M","?","?","$","M","E","M","M","T","M","R","$","?","M","R","B"],"character_chosen":"DEFECT","items_purchased":["Molten Egg 2","Explosive Potion","Explosive Potion","Storm"],"campfire_rested":0,"item_purchase_floors":[4,4,4,4],"current_hp_per_floor":[75,75,75,75,73,48,55,42,42,42,42,42,35,32,32,0],"gold":86,"neow_bonus":"TWO_FIFTY_GOLD","is_prod":false,"is_daily":false,"chose_seed":false,"campfire_upgraded":2,"win_rate":0,"timestamp":1546899077,"path_taken":["M","?","?","$","M","E","M","M","T","M","R","$","?","M","R","BOSS"],"build_version":"2019-01-03v4","purchased_purges":2,"victory":false,"max_hp_per_floor":[75,75,75,75,75,75,75,75,75,75,75,75,75,75,75,75],"card_choices":[{"not_picked":["Beam Cell","Ball Lightning"],"picked":"Self Repair","floor":1},{"not_picked":["Beam Cell+1","Conserve Battery"],"picked":"Defragment","floor":5},{"not_picked":["Sweeping Beam+1","Barrage+1"],"picked":"Rip and Tear+1","floor":6},{"not_picked":["Recycle","Capacitor"],"picked":"Doom and Gloom+1","floor":7},{"not_picked":["Turbo","Leap","Compile Driver+1"],"picked":"SKIP","floor":8},{"not_picked":["Cold Snap+1","Ball Lightning+1"],"picked":"Storm","floor":10},{"not_picked":["Compile Driver+1","Go for the Eyes+1","Stack"],"picked":"SKIP","floor":14}],"player_experience":333509,"relics_obtained":[{"floor":6,"key":"Vajra"},{"floor":9,"key":"Smiling Mask"}],"event_choices":[{"damage_healed":0,"gold_gain":175,"player_choice":"AGREE","damage_taken":0,"max_hp_gain":0,"max_hp_loss":0,"event_name":"Liars Game","floor":2,"gold_loss":0,"cards_obtained":["Doubt"]},{"cards_removed":["Doubt"],"damage_healed":0,"gold_gain":0,"player_choice":"Card Removal","damage_taken":0,"max_hp_gain":0,"max_hp_loss":0,"event_name":"The Cleric","floor":3,"gold_loss":50},{"cards_removed":["Strike_B"],"damage_healed":0,"gold_gain":0,"player_choice":"Card Removal","damage_taken":7,"max_hp_gain":0,"max_hp_loss":0,"event_name":"Golden Wing","floor":13,"gold_loss":0}],"is_beta":false,"boss_relics":[],"items_purged_floors":[4,12],"is_endless":false,"potions_floor_spawned":[1,5,10],"killed_by":"The Guardian","ascension_level":4}