{"gold_per_floor":[111,39,52,52,52,52,86,86,109,109,119,119,32,67,67,170,170,183,183,201,89,103,103,103,117,202,202,228,228,228,228,228,328,328,342,113,113,113,213,213,239,254,254,9,9,9,37,37,37,37,37,37,37,37],"floor_reached":54,"playtime":3595,"items_purged":["Shame"],"score":1080,"play_id":"73f6dee8-17e9-4b52-b5ce-c960a43e77a2","local_time":"20190218083639","is_ascension_mode":true,"campfire_choices":[{"data":"Dualcast","floor":6.0,"key":"SMITH"},{"data":"Reinforced Body","floor":8.0,"key":"SMITH"},{"data":"Cold Snap","floor":12.0,"key":"SMITH"},{"data":"Go for the Eyes","floor":15.0,"key":"SMITH"},{"data":"Glacier","floor":23.0,"key":"SMITH"},{"floor":24.0,"key":"REST"},{"data":"Echo Form","floor":27.0,"key":"SMITH"},{"floor":29.0,"key":"REST"},{"data":"Conserve Battery","floor":32.0,"key":"SMITH"},{"floor":40,"key":"RECALL"},{"floor":46,"key":"REST"},{"data":"Barrage","floor":49,"key":"SMITH"},{"data":"Strike_B","floor":52,"key":"SMITH"}],"neow_cost":"NONE","seed_source_timestamp":0,"circlet_count":0,"master_deck":["AscendersBane","Strike_B+1","Strike_B","Strike_B","Strike_B+1","Defend_B","Defend_B","Defend_B","Defend_B","Zap+1","Dualcast+1","Loop+1","Reinforced Body+1","Cold Snap+1","Glacier+1","Go for the Eyes+1","Echo Form+1","Defragment+1","Conserve Battery+1","Defragment+1","Capacitor+1","Madness","Madness","All For One+1","Barrage+1"],"special_seed":0,"relics":["Cracked Core","NeowsBlessing","WingedGreaves","Strawberry","Ice Cream","Potion Belt","Busted Crown","Frozen Egg 2","Tiny Chest","Juzu Bracelet","Eternal Feather","DataDisk","Thread and Needle","Happy Flower","Ancient Tea Set"],"potions_floor_usage":[48,48,54],"damage_taken":[{"damage":0.0,"enemies":"Cultist","floor":1.0,"turns":1.0},{"damage":0.0,"enemies":"Jaw Worm","floor":3.0,"turns":1.0},{"damage":0.0,"enemies":"Lagavulin","floor":7.0,"turns":1.0},{"damage":0.0,"enemies":"Small Slimes","floor":11.0,"turns":3.0},{"damage":7.0,"enemies":"3 Sentries","floor":14.0,"turns":8.0},{"damage":28.0,"enemies":"Slime Boss","floor":16.0,"turns":22.0},{"damage":11.0,"enemies":"Spheric Guardian","floor":18.0,"turns":4.0},{"damage":39.0,"enemies":"3 Byrds","floor":20.0,"turns":7.0},{"damage":7.0,"enemies":"Snake Plant","floor":22.0,"turns":5.0},{"damage":2.0,"enemies":"Cultist and Chosen","floor":25.0,"turns":7.0},{"damage":46.0,"enemies":"Collector","floor":33.0,"turns":24.0},{"damage":0.0,"enemies":"Orb Walker","floor":35.0,"turns":7.0},{"damage":0,"enemies":"Mind Bloom Boss Battle","floor":39,"turns":11},{"damage":3,"enemies":"Nemesis","floor":41,"turns":13},{"damage":26,"enemies":"3 Darklings","floor":42,"turns":10},{"damage":0,"enemies":"Giant Head","floor":47,"turns":12},{"damage":0,"enemies":"Sphere and 2 Shapes","floor":48,"turns":3},{"damage":59,"enemies":"Time Eater","floor":50,"turns":13},{"damage":88,"enemies":"Shield and Spear","floor":54,"turns":6}],"seed_played":"-9095315162007005055","potions_obtained":[{"floor":3.0,"key":"Strength Potion"},{"floor":7.0,"key":"EssenceOfSteel"},{"floor":11.0,"key":"SmokeBomb"},{"floor":22.0,"key":"SneckoOil"},{"floor":42,"key":"Energy Potion"}],"is_trial":false,"path_per_floor":["M","$","M","?","?","R","E","R","T","?","M","R","$","E","R","B",null,"M","?","M","$","M","R","R","M","T","R","T","R","?","?","R","B",null,"M","$","$","?","?","R","E","M","T","$","?","R","E","M","R","B",null,"R","$","E"],"character_chosen":"DEFECT","items_purchased":["Loop","Glacier","Go for the Eyes","Defragment+1","Capacitor+1","DataDisk","All For One","Barrage","Explosive Potion"],"campfire_rested":3,"item_purchase_floors":[2,13,13,21,36,36,44,44,44],"current_hp_per_floor":[68,68,68,53,53,53,53,53,60,57,57,57,57,50,50,22,67,56,56,17,17,10,10,34,32,32,32,32,56,56,56,56,10,64,64,64,64,54,54,66,63,37,37,37,37,76,76,76,82,23,67,82,82,0],"gold":37,"neow_bonus":"THREE_ENEMY_KILL","is_prod":false,"is_daily":false,"chose_seed":false,"campfire_upgraded":9,"win_rate":0,"timestamp":1550507799,"path_taken":["M","$","M","?","?","R","E","R","T","?","M","R","$","E","R","BOSS","M","?","M","$","M","R","R","M","T","R","?","R","?","?","R","BOSS","M","?","$","?","?","R","E","M","T","?","?","R","E","M","R","BOSS","R","$","E"],"build_version":"2019-01-23","purchased_purges":1,"victory":false,"max_hp_per_floor":[75,75,75,75,75,75,75,75,82,82,82,82,82,82,82,82,82,82,82,82,82,82,82,82,82,82,82,82,82,82,82,82,82,82,82,82,82,82,82,82,82,82,82,82,82,82,82,82,82,82,82,82,82,82],"card_choices":[{"not_picked":["Sweeping Beam","Chaos","Rip and Tear"],"picked":"SKIP","floor":1.0},{"not_picked":["Reprogram","Beam Cell"],"picked":"Reinforced Body","floor":3.0},{"not_picked":["Turbo","Compile Driver","Reinforced Body"],"picked":"SKIP","floor":7.0},{"not_picked":["Lockon","Steam"],"picked":"Cold Snap","floor":11.0},{"not_picked":["Steam Power","Sweeping Beam","Melter"],"picked":"SKIP","floor":14.0},{"not_picked":["Thunder Strike","Hyperbeam"],"picked":"Echo Form","floor":16.0},{"not_picked":["Go for the Eyes"],"picked":"SKIP","floor":18.0},{"not_picked":["Aggregate"],"picked":"SKIP","floor":20.0},{"not_picked":[],"picked":"Conserve Battery","floor":22.0},{"not_picked":["Compile Driver+1"],"picked":"SKIP","floor":25.0},{"not_picked":["Genetic Algorithm"],"picked":"SKIP","floor":35.0},{"not_picked":["Scrape+1"],"picked":"SKIP","floor":41},{"not_picked":["Ball Lightning"],"picked":"SKIP","floor":42},{"not_picked":["Melter+1"],"picked":"SKIP","floor":47}],"player_experience":416688,"relics_obtained":[{"floor":7.0,"key":"WingedGreaves"},{"floor":9.0,"key":"Strawberry"},{"floor":14.0,"key":"Potion Belt"},{"floor":26.0,"key":"Tiny Chest"},{"floor":28.0,"key":"Juzu Bracelet"},{"floor":39,"key":"Thread and Needle"},{"floor":41,"key":"Happy Flower"},{"floor":47,"key":"Ancient Tea Set"}],"event_choices":[{"damage_healed":0.0,"max_hp_gain":0.0,"max_hp_loss":0.0,"gold_gain":0.0,"event_name":"Shining Light","player_choice":"Entered Light","floor":4.0,"gold_loss":0.0,"damage_taken":15.0,"cards_upgraded":["Strike_B","Loop"]},{"damage_healed":0.0,"max_hp_gain":0.0,"max_hp_loss":0.0,"gold_gain":0.0,"event_name":"Living Wall","player_choice":"Grow","floor":5.0,"gold_loss":0.0,"damage_taken":0.0,"cards_upgraded":["Zap"]},{"damage_healed":0.0,"max_hp_gain":0.0,"max_hp_loss":0.0,"gold_gain":0.0,"event_name":"Scrap Ooze","player_choice":"Success","floor":10.0,"gold_loss":0.0,"damage_taken":3.0,"relics_obtained":["Ice Cream"]},{"damage_healed":0.0,"max_hp_gain":0.0,"max_hp_loss":0.0,"gold_gain":0.0,"event_name":"Addict","player_choice":"Stole Relic","floor":19.0,"gold_loss":0.0,"damage_taken":0.0,"relics_obtained":["Frozen Egg 2"],"cards_obtained":["Shame"]},{"damage_healed":0.0,"max_hp_gain":0.0,"max_hp_loss":0.0,"gold_gain":0.0,"event_name":"Ghosts","player_choice":"Ignored","floor":30.0,"gold_loss":0.0,"damage_taken":0.0},{"damage_healed":0.0,"max_hp_gain":0.0,"max_hp_loss":0.0,"gold_gain":0.0,"event_name":"Duplicator","player_choice":"Copied","floor":31.0,"gold_loss":0.0,"damage_taken":0.0,"cards_obtained":["Defragment"]},{"damage_healed":0.0,"max_hp_gain":0.0,"max_hp_loss":0.0,"gold_gain":0.0,"event_name":"Winding Halls","player_choice":"Embrace Madness","floor":38.0,"gold_loss":0.0,"damage_taken":10.0,"cards_obtained":["Madness","Madness"]},{"damage_healed":0,"gold_gain":0,"player_choice":"Fight","damage_taken":0,"max_hp_gain":0,"max_hp_loss":0,"event_name":"MindBloom","floor":39,"gold_loss":0},{"damage_healed":0,"gold_gain":0,"player_choice":"Upgraded","damage_taken":0,"max_hp_gain":0,"max_hp_loss":0,"event_name":"Upgrade Shrine","floor":45,"gold_loss":0,"cards_upgraded":["All For One"]}],"is_beta":false,"boss_relics":[{"not_picked":["Black Star","Astrolabe"],"picked":"Busted Crown"},{"not_picked":["Philosopher\u0027s Stone","Lizard Tail"],"picked":"Eternal Feather"}],"items_purged_floors":[21],"is_endless":false,"potions_floor_spawned":[3,7,11,22,42,48],"killed_by":"Shield and Spear","ascension_level":10}