{"gold_per_floor":[214,139,159,171,171,171,201,201,201,52,63,80,80,99,99,194,194,205,80,91,104,124,124,124,143,195,195,214,224,224,74,74,74],"floor_reached":33,"playtime":1525,"items_purged":["Strike_R","Strike_R","Defend_R","Defend_R"],"score":427,"play_id":"55d8a0c2-9697-4d6e-946c-0469d7cd4f32","local_time":"20190116193115","is_ascension_mode":true,"campfire_choices":[{"data":"Iron Wave","floor":6,"key":"SMITH"},{"data":"Bash","floor":8,"key":"SMITH"},{"data":"Iron Wave","floor":13,"key":"SMITH"},{"data":"Shrug It Off","floor":15,"key":"SMITH"},{"data":"Searing Blow","floor":23,"key":"SMITH"},{"data":"Double Tap","floor":27,"key":"SMITH"},{"floor":32,"key":"REST"}],"neow_cost":"NONE","seed_source_timestamp":609521842078452,"circlet_count":0,"master_deck":["AscendersBane","Defend_R","Bash+1","Shrug It Off+1","Iron Wave+1","Battle Trance","Iron Wave+1","Double Tap+1","Searing Blow+1","RitualDagger","Bite","Bite","Bite","Bite","Bite"],"relics":["Burning Blood","Pocketwatch","Gambling Chip","Busted Crown","Pen Nib"],"potions_floor_usage":[16,16,22,33],"damage_taken":[{"damage":6,"enemies":"Cultist","floor":1,"turns":4},{"damage":7,"enemies":"Jaw Worm","floor":3,"turns":5},{"damage":1,"enemies":"2 Louse","floor":4,"turns":3},{"damage":21,"enemies":"Gremlin Nob","floor":7,"turns":4},{"damage":31,"enemies":"Exordium Thugs","floor":11,"turns":6},{"damage":0,"enemies":"2 Fungi Beasts","floor":12,"turns":4},{"damage":1,"enemies":"Blue Slaver","floor":14,"turns":3},{"damage":28,"enemies":"Hexaghost","floor":16,"turns":13},{"damage":3,"enemies":"3 Byrds","floor":18,"turns":7},{"damage":1,"enemies":"Spheric Guardian","floor":20,"turns":4},{"damage":26,"enemies":"Snake Plant","floor":21,"turns":5},{"damage":11,"enemies":"3 Cultists","floor":22,"turns":7},{"damage":13,"enemies":"Chosen and Byrds","floor":25,"turns":6},{"damage":3,"enemies":"Snecko","floor":28,"turns":3},{"damage":24,"enemies":"Snake Plant","floor":29,"turns":3},{"damage":75,"enemies":"Champ","floor":33,"turns":8}],"seed_played":"3597438157749314464","potions_obtained":[{"floor":3,"key":"Fire Potion"},{"floor":11,"key":"Block Potion"},{"floor":16,"key":"Weak Potion"},{"floor":20,"key":"PowerPotion"}],"is_trial":false,"path_per_floor":["M","$","M","M","?","R","E","R","T","$","M","M","R","M","R","B",null,"M","$","M","M","M","R","?","M","T","R","M","M","?","$","R","B"],"character_chosen":"IRONCLAD","items_purchased":["Iron Wave"],"campfire_rested":1,"item_purchase_floors":[10],"current_hp_per_floor":[72,72,71,76,76,76,61,61,61,61,36,42,42,47,47,25,66,69,69,74,54,49,49,43,36,36,36,39,21,21,21,37,0],"gold":74,"neow_bonus":"HUNDRED_GOLD","is_prod":false,"is_daily":false,"chose_seed":false,"campfire_upgraded":6,"win_rate":0,"timestamp":1547685075,"path_taken":["M","$","M","M","?","R","E","R","T","$","?","M","R","M","R","BOSS","M","$","M","M","M","R","?","M","T","R","M","M","?","$","R","BOSS"],"build_version":"2019-01-10","purchased_purges":4,"victory":false,"max_hp_per_floor":[80,80,80,80,80,80,80,80,80,80,80,80,80,80,80,80,80,80,80,80,80,80,80,80,80,80,80,80,80,56,56,56,56],"card_choices":[{"not_picked":["Thunderclap","Armaments"],"picked":"Shrug It Off","floor":1},{"not_picked":["Clothesline","True Grit"],"picked":"Iron Wave","floor":3},{"not_picked":["Flex","Clothesline"],"picked":"Battle Trance","floor":4},{"not_picked":["Power Through","Dual Wield","Juggernaut"],"picked":"SKIP","floor":7},{"not_picked":["Headbutt","Shrug It Off","Second Wind"],"picked":"SKIP","floor":11},{"not_picked":["Shrug It Off","Pommel Strike","Thunderclap"],"picked":"SKIP","floor":12},{"not_picked":["Fire Breathing","Power Through","Battle Trance"],"picked":"SKIP","floor":14},{"not_picked":["Dark Embrace","Juggernaut"],"picked":"Double Tap","floor":16},{"not_picked":["Havoc"],"picked":"SKIP","floor":18},{"not_picked":["Wild Strike+1"],"picked":"SKIP","floor":20},{"not_picked":[],"picked":"Searing Blow","floor":21},{"not_picked":["Whirlwind"],"picked":"SKIP","floor":22},{"not_picked":["Flex"],"picked":"SKIP","floor":25},{"not_picked":["Heavy Blade"],"picked":"SKIP","floor":28},{"not_picked":["Warcry"],"picked":"SKIP","floor":29}],"player_experience":393392,"relics_obtained":[{"floor":7,"key":"Pocketwatch"},{"floor":9,"key":"Gambling Chip"},{"floor":26,"key":"Pen Nib"}],"event_choices":[{"cards_removed":["Defend_R"],"damage_healed":0,"gold_gain":0,"player_choice":"Offered Basic","damage_taken":0,"max_hp_gain":0,"max_hp_loss":0,"event_name":"Bonfire Elementals","floor":5,"gold_loss":0},{"damage_healed":0,"gold_gain":0,"player_choice":"Joined the Cult","damage_taken":6,"max_hp_gain":0,"max_hp_loss":0,"event_name":"Nest","floor":24,"gold_loss":0,"cards_obtained":["RitualDagger"]},{"damage_healed":0,"gold_gain":0,"player_choice":"Became a vampire","damage_taken":0,"max_hp_gain":0,"max_hp_loss":24,"event_name":"Vampires","floor":30,"gold_loss":0,"cards_obtained":["Bite","Bite","Bite","Bite","Bite"]}],"is_beta":false,"boss_relics":[{"not_picked":["Calling Bell","Black Star"],"picked":"Busted Crown"}],"items_purged_floors":[2,10,19,31],"is_endless":false,"potions_floor_spawned":[3,11,12,16,20,21],"killed_by":"Champ","ascension_level":12}