{"gold_per_floor":[109,109,34,46,221,221,221,236,288,319,337,337,352,363,363,363],"floor_reached":16,"playtime":880,"items_purged":["Strike_G"],"score":102,"play_id":"dffca552-ec23-4d5a-b4d5-4d5c7a43ab1e","local_time":"20181024151125","is_ascension_mode":false,"campfire_choices":[{"data":"Neutralize","floor":6,"key":"SMITH"},{"data":"Tactician","floor":12,"key":"SMITH"},{"data":"Grand Finale","floor":15,"key":"SMITH"}],"neow_cost":"NONE","seed_source_timestamp":768000513371100,"circlet_count":0,"master_deck":["Defend_G","Defend_G","Defend_G","Defend_G","Defend_G","Strike_G","Strike_G","Strike_G","Survivor","Neutralize+1","Dagger Throw","Dagger Throw","Doubt","Well Laid Plans","Prepared","Tactician+1","Grand Finale+1"],"relics":["Ring of the Snake","Anchor","Gremlin Horn"],"potions_floor_usage":[10],"damage_taken":[{"damage":0,"enemies":"Small Slimes","floor":1,"turns":5},{"damage":0,"enemies":"Cultist","floor":4,"turns":4},{"damage":0,"enemies":"Jaw Worm","floor":8,"turns":4},{"damage":23,"enemies":"Lagavulin","floor":10,"turns":8},{"damage":0,"enemies":"Large Slime","floor":11,"turns":8},{"damage":2,"enemies":"Looter","floor":13,"turns":3},{"damage":11,"enemies":"Exordium Thugs","floor":14,"turns":6},{"damage":36,"enemies":"Hexaghost","floor":16,"turns":14}],"seed_played":"-2575014612560640204","potions_obtained":[{"floor":2,"key":"LiquidBronze"},{"floor":2,"key":"Energy Potion"},{"floor":2,"key":"Block Potion"},{"floor":4,"key":"LiquidBronze"},{"floor":10,"key":"SpeedPotion"},{"floor":13,"key":"Dexterity Potion"}],"is_trial":false,"path_per_floor":["M","?","$","M","?","R","?","M","T","E","M","R","M","M","R"],"character_chosen":"THE_SILENT","items_purchased":[],"campfire_rested":0,"item_purchase_floors":[],"current_hp_per_floor":[70,70,70,70,70,70,70,70,70,47,47,47,45,34,34,0],"gold":363,"neow_bonus":"REMOVE_CARD","is_prod":false,"is_daily":false,"chose_seed":false,"campfire_upgraded":3,"win_rate":0,"timestamp":1540408285,"path_taken":["M","?","$","M","?","R","?","M","T","E","M","R","M","M","R","BOSS"],"build_version":"2018-10-18","purchased_purges":1,"victory":false,"max_hp_per_floor":[70,70,70,70,70,70,70,70,70,70,70,70,70,70,70,70],"card_choices":[{"not_picked":["Quick Slash","Setup"],"picked":"Dagger Throw","floor":1},{"not_picked":["Heel Hook","Flying Knee"],"picked":"Dagger Throw","floor":4},{"not_picked":["Backflip","Terror"],"picked":"Well Laid Plans","floor":8},{"not_picked":["Cloak And Dagger","Slice"],"picked":"Prepared","floor":10},{"not_picked":["Heel Hook","Finisher"],"picked":"Tactician","floor":11},{"not_picked":["PiercingWail","Deadly Poison"],"picked":"Grand Finale","floor":13},{"not_picked":["Flechettes","Deadly Poison","Catalyst"],"picked":"SKIP","floor":14}],"player_experience":232673,"relics_obtained":[{"floor":9,"key":"Anchor"},{"floor":10,"key":"Gremlin Horn"}],"event_choices":[{"damage_healed":0,"gold_gain":0,"player_choice":"Got Potions","damage_taken":0,"max_hp_gain":0,"max_hp_loss":0,"event_name":"The Lab","floor":2,"gold_loss":0},{"damage_healed":0,"gold_gain":175,"player_choice":"AGREE","damage_taken":0,"max_hp_gain":0,"max_hp_loss":0,"event_name":"Liars Game","floor":5,"gold_loss":0,"cards_obtained":["Doubt"]},{"damage_healed":0,"gold_gain":0,"player_choice":"Bought 0 Potions","damage_taken":0,"max_hp_gain":0,"max_hp_loss":0,"event_name":"The Woman in Blue","floor":7,"gold_loss":0}],"is_beta":false,"boss_relics":[],"items_purged_floors":[3],"is_endless":false,"potions_floor_spawned":[4,10,13],"killed_by":"Hexaghost","ascension_level":0}