{"gold_per_floor":[112,130,5,17,33,65,65,84,84,112,132,32,32,51,51,151,151,167,185,8,33,133,133,133,133,188,216,231,231],"floor_reached":29,"playtime":1956,"items_purged":["Regret","Strike_G","Strike_G"],"score":357,"play_id":"0e22b31d-fa90-4c41-a76a-4077b46b219c","local_time":"20190130064626","is_ascension_mode":true,"campfire_choices":[{"data":"Adrenaline","floor":7,"key":"SMITH"},{"floor":13,"key":"REST"},{"data":"Storm of Steel","floor":15,"key":"SMITH"},{"data":"Infinite Blades","floor":23,"key":"SMITH"},{"data":"Wraith Form v2","floor":25,"key":"SMITH"}],"neow_cost":"CURSE","seed_source_timestamp":1058332750050506,"circlet_count":0,"master_deck":["Defend_G","Defend_G","Defend_G","Defend_G","Defend_G","Strike_G","Survivor","Neutralize","Tactician","Storm of Steel+1","Blade Dance","Underhanded Strike","Blade Dance","Cloak And Dagger","Adrenaline+1","Infinite Blades+1","Backflip","PiercingWail","Predator","Wraith Form v2+1","Prepared+1","Cloak And Dagger","Prepared+1","Ghostly","Ghostly","Ghostly","Ghostly","Ghostly","All Out Attack+1"],"relics":["Ring of the Snake","Pen Nib","Question Card","Juzu Bracelet","WristBlade","Red Mask","Tiny Chest","Bottled Tornado"],"potions_floor_usage":[6,6,10,10,21,29],"damage_taken":[{"damage":0,"enemies":"Cultist","floor":1,"turns":5},{"damage":2,"enemies":"2 Louse","floor":2,"turns":2},{"damage":10,"enemies":"Small Slimes","floor":4,"turns":4},{"damage":0,"enemies":"2 Fungi Beasts","floor":5,"turns":3},{"damage":8,"enemies":"Gremlin Nob","floor":6,"turns":3},{"damage":5,"enemies":"Exordium Wildlife","floor":8,"turns":4},{"damage":24,"enemies":"Lagavulin","floor":10,"turns":7},{"damage":10,"enemies":"Large Slime","floor":11,"turns":5},{"damage":0,"enemies":"2 Fungi Beasts","floor":14,"turns":3},{"damage":15,"enemies":"Slime Boss","floor":16,"turns":7},{"damage":11,"enemies":"2 Thieves","floor":18,"turns":3},{"damage":1,"enemies":"Shell Parasite","floor":19,"turns":2},{"damage":21,"enemies":"Masked Bandits","floor":21,"turns":5},{"damage":13,"enemies":"Book of Stabbing","floor":27,"turns":8},{"damage":3,"enemies":"Snake Plant","floor":28,"turns":5},{"damage":20,"enemies":"Slavers","floor":29,"turns":8}],"seed_played":"1432970261496144090","potions_obtained":[{"floor":2,"key":"GamblersBrew"},{"floor":4,"key":"Poison Potion"},{"floor":6,"key":"Weak Potion"},{"floor":14,"key":"FairyPotion"},{"floor":18,"key":"Poison Potion"},{"floor":28,"key":"Weak Potion"}],"is_trial":false,"path_per_floor":["M","M","$","M","M","E","R","M","T","E","M","$","R","M","R","B",null,"M","M","$","?","?","R","?","R","T","E","M","E"],"character_chosen":"THE_SILENT","items_purchased":["Fire Potion","SkillPotion"],"campfire_rested":1,"item_purchase_floors":[3,20],"current_hp_per_floor":[63,61,61,51,51,43,43,38,38,14,4,4,25,25,25,10,55,44,43,43,22,22,22,22,22,22,9,6,0],"gold":231,"neow_bonus":"TRANSFORM_TWO_CARDS","is_prod":false,"is_daily":false,"chose_seed":false,"campfire_upgraded":4,"win_rate":0,"timestamp":1548848786,"path_taken":["M","M","$","M","M","E","R","M","T","E","M","$","R","M","R","BOSS","M","M","$","?","?","R","?","R","T","E","M","E"],"build_version":"2019-01-23","purchased_purges":3,"victory":false,"max_hp_per_floor":[70,70,70,70,70,70,70,70,70,70,70,70,70,70,70,70,70,70,70,70,70,70,70,35,35,35,35,35,35],"card_choices":[{"not_picked":["Bouncing Flask","Dagger Throw"],"picked":"Blade Dance","floor":1},{"not_picked":["Outmaneuver","Bouncing Flask"],"picked":"Underhanded Strike","floor":2},{"not_picked":["Bane","Quick Slash"],"picked":"Blade Dance","floor":4},{"not_picked":["Bane","Escape Plan"],"picked":"Cloak And Dagger","floor":5},{"not_picked":["Caltrops","Reflex"],"picked":"Adrenaline","floor":6},{"not_picked":["Concentrate","Dagger Throw"],"picked":"Infinite Blades","floor":8},{"not_picked":["Bane","Blade Dance","Expertise"],"picked":"Backflip","floor":10},{"not_picked":["Blade Dance","Skewer","Cloak And Dagger"],"picked":"PiercingWail","floor":11},{"not_picked":["Slice","Catalyst","Dagger Spray"],"picked":"Predator","floor":14},{"not_picked":["Envenom","Burst","Malaise"],"picked":"Wraith Form v2","floor":16},{"not_picked":["Predator+1","Dagger Throw","Poisoned Stab"],"picked":"Prepared+1","floor":18},{"not_picked":["Dodge and Roll","Tactician","Crippling Poison"],"picked":"Cloak And Dagger","floor":19},{"not_picked":["Deadly Poison","Acrobatics+1","Blade Dance+1"],"picked":"Prepared+1","floor":21},{"not_picked":["Setup","Deflect","Expertise"],"picked":"All Out Attack+1","floor":27},{"not_picked":["Calculated Gamble","Catalyst","Blur","Dash"],"picked":"SKIP","floor":28}],"player_experience":551514,"relics_obtained":[{"floor":6,"key":"Pen Nib"},{"floor":9,"key":"Question Card"},{"floor":10,"key":"Juzu Bracelet"},{"floor":21,"key":"Red Mask"},{"floor":26,"key":"Tiny Chest"},{"floor":27,"key":"Bottled Tornado"}],"event_choices":[{"damage_healed":0,"gold_gain":0,"player_choice":"Fought Bandits","damage_taken":0,"max_hp_gain":0,"max_hp_loss":0,"event_name":"Masked Bandits","floor":21,"gold_loss":0},{"damage_healed":0,"gold_gain":100,"player_choice":"Pray","damage_taken":0,"max_hp_gain":0,"max_hp_loss":0,"event_name":"Golden Shrine","floor":22,"gold_loss":0},{"damage_healed":0,"gold_gain":0,"player_choice":"Became a Ghost","damage_taken":0,"max_hp_gain":0,"max_hp_loss":35,"event_name":"Ghosts","floor":24,"gold_loss":0,"cards_obtained":["Ghostly","Ghostly","Ghostly","Ghostly","Ghostly"]}],"is_beta":false,"boss_relics":[{"not_picked":["Eternal Feather","Black Star"],"picked":"WristBlade"}],"items_purged_floors":[3,12,20],"is_endless":false,"potions_floor_spawned":[2,4,6,14,18,28],"killed_by":"Slavers","ascension_level":6}