{"path_per_floor":["M","M","?","M","?","R","M","M","T","E","$","R","E","M","R","B",null,"M","T","?","M","M","R"],"character_chosen":"DEFECT","items_purchased":["DataDisk","Lockon"],"gold_per_floor":[114,127,107,125,125,125,149,172,172,216,35,35,73,86,86,177,177,197,197,197,213,227,227,227],"floor_reached":24,"campfire_rested":2,"playtime":1536,"item_purchase_floors":[],"current_hp_per_floor":[57,50,50,50,26,26,22,14,14,10,10,31,31,27,27,5,55,50,50,50,41,1,22,0],"items_purged":[],"gold":227,"score":408,"play_id":"43c743da-f4fe-4639-b3d5-88cea2b32804","local_time":"20180613014651","is_prod":false,"is_daily":false,"chose_seed":false,"is_ascension_mode":true,"campfire_upgraded":2,"win_rate":0,"timestamp":1528847211,"campfire_choices":[{"data":"Chaos","floor":6.0,"key":"SMITH"},{"floor":12.0,"key":"REST"},{"data":"Creative AI","floor":15.0,"key":"SMITH"},{"floor":23,"key":"REST"}],"path_taken":["M","M","?","M","?","R","M","M","T","E","$","R","E","M","R","BOSS","M","?","?","M","M","R","E"],"build_version":"2018-06-07v3","seed_source_timestamp":367830342827311,"purchased_purges":0,"victory":false,"master_deck":["Strike_B","Strike_B","Strike_B","Strike_B","Defend_B","Defend_B","Defend_B","Defend_B","Zap+1","Dualcast","AscendersBane","Glacier","Chaos+1","Ball Lightning","Cold Snap","Conserve Battery","Beam Cell","Lockon","Genetic Algorithm","Creative AI+1","Machine Learning","Coolheaded","Writhe","Sweeping Beam","Self Repair"],"max_hp_per_floor":[71,71,71,71,71,71,71,71,71,71,71,71,71,71,71,71,71,71,71,71,71,71,71,76],"relics":["Cracked Core","Golden Idol","Question Card","Oddly Smooth Stone","DataDisk","Dead Branch","Inserter","Bottled Flame","Happy Flower"],"card_choices":[{"not_picked":["Beam Cell","Sweeping Beam"],"picked":"Glacier","floor":1.0},{"not_picked":["Auto Shields","Go for the Eyes"],"picked":"Chaos","floor":2.0},{"not_picked":["Rebound","Compile Driver"],"picked":"Ball Lightning","floor":4.0},{"not_picked":["BootSequence","Reprogram"],"picked":"Cold Snap","floor":7.0},{"not_picked":["Static Discharge","Streamline"],"picked":"Conserve Battery","floor":8.0},{"not_picked":["Redo","Steam Power","Storm"],"picked":"Beam Cell","floor":10.0},{"not_picked":["Conserve Battery","Auto Shields","Go for the Eyes"],"picked":"Genetic Algorithm","floor":13.0},{"not_picked":["Consume","Ball Lightning","Go for the Eyes"],"picked":"Creative AI","floor":14.0},{"not_picked":["All For One","Hyperbeam","Multi-Cast"],"picked":"Machine Learning","floor":16.0},{"not_picked":["Loop","Go for the Eyes","Cold Snap"],"picked":"Coolheaded","floor":18},{"not_picked":["Rebound","Beam Cell","Compile Driver"],"picked":"Sweeping Beam","floor":21},{"not_picked":["Compile Driver","Steam","Heatsinks+1"],"picked":"Self Repair","floor":22}],"player_experience":528501,"potions_floor_usage":[22,24,24],"damage_taken":[{"damage":7.0,"enemies":"Small Slimes","floor":1.0,"turns":3.0},{"damage":7.0,"enemies":"Cultist","floor":2.0,"turns":5.0},{"damage":0.0,"enemies":"Jaw Worm","floor":4.0,"turns":4.0},{"damage":4.0,"enemies":"2 Fungi Beasts","floor":7.0,"turns":3.0},{"damage":8.0,"enemies":"Blue Slaver","floor":8.0,"turns":3.0},{"damage":4.0,"enemies":"Lagavulin","floor":10.0,"turns":9.0},{"damage":0.0,"enemies":"3 Sentries","floor":13.0,"turns":7.0},{"damage":4.0,"enemies":"Red Slaver","floor":14.0,"turns":2.0},{"damage":22.0,"enemies":"Slime Boss","floor":16.0,"turns":9.0},{"damage":5,"enemies":"Shell Parasite","floor":18,"turns":7},{"damage":9,"enemies":"3 Byrds","floor":21,"turns":6},{"damage":40,"enemies":"3 Cultists","floor":22,"turns":6},{"damage":30,"enemies":"Book of Stabbing","floor":24,"turns":7}],"relics_obtained":[{"floor":9.0,"key":"Question Card"},{"floor":10.0,"key":"Oddly Smooth Stone"},{"floor":13.0,"key":"Dead Branch"},{"floor":19,"key":"Bottled Flame"}],"event_choices":[{"event_name":"The Woman in Blue","player_choice":"Bought 1 Potion","floor":3.0,"damage_taken":0.0},{"event_name":"Golden Idol","player_choice":"Take Damage","floor":5.0,"damage_taken":0.0},{"event_name":"The Mausoleum","player_choice":"Yes","floor":20,"damage_taken":0}],"boss_relics":[{"not_picked":["Busted Crown","Eternal Feather"],"picked":"Inserter"}],"items_purged_floors":[],"potions_floor_spawned":[2,8,13,16,18,22],"seed_played":"-7550623033072566040","killed_by":"Book of Stabbing","ascension_level":15,"potions_obtained":[{"floor":2.0,"key":"SpeedPotion"},{"floor":3.0,"key":"Weak Potion"},{"floor":16.0,"key":"FocusPotion"},{"floor":18,"key":"Ancient Potion"},{"floor":22,"key":"Fruit Juice"}],"is_trial":false}