{"gold_per_floor":[116,116,116,33,48,48,63,83,83,83,83,30,30,40,40,137,137,151,165,178,103,118,118,95,95,95,16,16,16],"floor_reached":29,"playtime":1135,"items_purged":[],"score":266,"play_id":"bcabf9b0-070d-4907-ab08-b55913e47540","local_time":"20190205200725","is_ascension_mode":true,"campfire_choices":[{"data":"Uppercut","floor":6,"key":"SMITH"},{"data":"Bash","floor":11,"key":"SMITH"},{"data":"Shrug It Off","floor":13,"key":"SMITH"},{"data":"Uppercut","floor":15,"key":"SMITH"},{"data":"Seeing Red","floor":23,"key":"SMITH"},{"data":"Offering","floor":25,"key":"SMITH"}],"neow_cost":"PERCENT_DAMAGE","seed_source_timestamp":2236698019550202,"circlet_count":0,"master_deck":["Strike_R","Strike_R","Strike_R","Defend_R","Defend_R","Defend_R","Defend_R","Bash+1","Ghostly Armor","Shrug It Off+1","Uppercut+1","Thunderclap","Seeing Red+1","Uppercut+1","Offering+1","Shrug It Off","Battle Trance","Shrug It Off","Armaments","True Grit","Offering+1"],"relics":["Burning Blood","Paper Frog","Orichalcum","Singing Bowl","Gremlin Horn","Busted Crown","Ornamental Fan"],"potions_floor_usage":[20],"damage_taken":[{"damage":1,"enemies":"2 Louse","floor":1,"turns":4},{"damage":4,"enemies":"Cultist","floor":5,"turns":3},{"damage":8,"enemies":"Small Slimes","floor":7,"turns":4},{"damage":0,"enemies":"Looter","floor":8,"turns":3},{"damage":10,"enemies":"Gremlin Gang","floor":14,"turns":5},{"damage":68,"enemies":"Hexaghost","floor":16,"turns":14},{"damage":6,"enemies":"Spheric Guardian","floor":18,"turns":3},{"damage":8,"enemies":"3 Byrds","floor":19,"turns":5},{"damage":13,"enemies":"Centurion and Healer","floor":20,"turns":6},{"damage":22,"enemies":"Snake Plant","floor":22,"turns":6},{"damage":43,"enemies":"Slavers","floor":29,"turns":4}],"seed_played":"9030988979246525993","potions_obtained":[{"floor":14,"key":"Swift Potion"},{"floor":16,"key":"Block Potion"},{"floor":19,"key":"SteroidPotion"}],"is_trial":false,"path_per_floor":["M","?","?","$","M","R","M","M","T","?","R","?","R","M","R","B",null,"M","M","M","?","M","R","$","R","T","$","?","E"],"character_chosen":"IRONCLAD","items_purchased":["Shrug It Off","Uppercut","Shrug It Off","Armaments","True Grit"],"campfire_rested":0,"item_purchase_floors":[4,4,24,27,27],"current_hp_per_floor":[61,58,80,80,80,80,78,80,80,80,80,80,80,76,76,14,64,66,64,59,59,43,43,43,43,43,43,43,0],"gold":16,"neow_bonus":"TRANSFORM_TWO_CARDS","is_prod":false,"is_daily":false,"chose_seed":false,"campfire_upgraded":6,"win_rate":0,"timestamp":1549426045,"path_taken":["M","?","?","$","M","R","M","?","T","?","R","?","R","M","R","BOSS","M","M","?","?","M","R","?","R","T","$","?","E"],"build_version":"2019-01-23","purchased_purges":0,"victory":false,"max_hp_per_floor":[80,80,80,80,80,80,80,80,80,80,80,80,80,80,80,80,80,82,82,84,84,84,84,84,84,84,84,84,84],"card_choices":[{"not_picked":["Anger","Sword Boomerang","Rage"],"picked":"SKIP","floor":1},{"not_picked":["Second Wind","Hemokinesis"],"picked":"Thunderclap","floor":5},{"not_picked":["Warcry","Hemokinesis","Ghostly Armor"],"picked":"SKIP","floor":7},{"not_picked":["Rage","Headbutt"],"picked":"Seeing Red","floor":8},{"not_picked":["Barricade","Clash"],"picked":"Uppercut","floor":14},{"not_picked":["Limit Break","Feed"],"picked":"Offering","floor":16},{"not_picked":["Uppercut"],"picked":"Singing Bowl","floor":18},{"not_picked":[],"picked":"Shrug It Off","floor":19},{"not_picked":["Feel No Pain+1"],"picked":"Singing Bowl","floor":20},{"not_picked":[],"picked":"Battle Trance","floor":22}],"player_experience":267952,"relics_obtained":[{"floor":9,"key":"Orichalcum"},{"floor":26,"key":"Ornamental Fan"}],"event_choices":[{"damage_healed":0,"gold_gain":0,"player_choice":"Success","damage_taken":3,"relics_obtained":["Paper Frog"],"max_hp_gain":0,"max_hp_loss":0,"event_name":"Scrap Ooze","floor":2,"gold_loss":0},{"cards_removed":["Ghostly Armor"],"damage_healed":22,"gold_gain":0,"player_choice":"Offered Uncommon","damage_taken":0,"max_hp_gain":0,"max_hp_loss":0,"event_name":"Bonfire Elementals","floor":3,"gold_loss":0},{"damage_healed":0,"gold_gain":0,"player_choice":"Box","damage_taken":0,"relics_obtained":["Singing Bowl"],"max_hp_gain":0,"max_hp_loss":0,"event_name":"Big Fish","floor":10,"gold_loss":0,"cards_obtained":["Regret"]},{"damage_healed":0,"gold_gain":0,"player_choice":"Paid Gold","damage_taken":0,"relics_obtained":["Gremlin Horn"],"max_hp_gain":0,"max_hp_loss":0,"event_name":"WeMeetAgain","floor":12,"gold_loss":53},{"cards_removed":["Regret"],"damage_healed":0,"gold_gain":0,"player_choice":"Gave Gold","damage_taken":0,"max_hp_gain":0,"max_hp_loss":0,"event_name":"Beggar","floor":21,"gold_loss":75},{"damage_healed":0,"gold_gain":0,"player_choice":"Copied","damage_taken":0,"max_hp_gain":0,"max_hp_loss":0,"event_name":"Duplicator","floor":28,"gold_loss":0,"cards_obtained":["Offering"]}],"is_beta":false,"boss_relics":[{"not_picked":["Orrery","White Beast Statue"],"picked":"Busted Crown"}],"items_purged_floors":[],"is_endless":false,"potions_floor_spawned":[14,16,19],"killed_by":"Slavers","ascension_level":5}