{"path_per_floor":["M","?","?","M","M","E","M","R","T","M","?","E","M","T","R","B",null,"M","?","$","M","$"],"character_chosen":"IRONCLAD","items_purchased":["Bronze Scales","Rampage","Secret Weapon"],"gold_per_floor":[114,364,439,456,471,505,522,522,522,534,534,563,578,578,578,675,675,689,689,614,625,93,93],"floor_reached":23,"campfire_rested":2,"playtime":1606,"current_hp_per_floor":[76,76,65,65,65,35,34,58,58,60,53,22,23,23,50,36,88,82,82,82,58,58,0],"items_purged":["Pain","Regret"],"gold":93,"score":221,"play_id":"3a723fd8-a253-43c8-8e85-ff05fe506c81","local_time":"20180420222621","is_prod":false,"is_daily":false,"chose_seed":false,"is_ascension_mode":true,"campfire_upgraded":0,"timestamp":1524288381,"path_taken":["M","?","?","M","M","E","M","R","T","?","?","E","M","?","R","BOSS","M","?","$","M","?","E"],"build_version":"2018-04-19","seed_source_timestamp":858166837120628,"purchased_purges":2,"victory":false,"master_deck":["Strike_R","Strike_R","Strike_R","Strike_R","Strike_R","Defend_R","Defend_R","Defend_R","Defend_R","Bash","Pommel Strike","Headbutt","Flame Barrier","Cleave","Uppercut","Flex","Writhe","Clumsy","Shrug It Off","Rampage+1","Secret Weapon"],"max_hp_per_floor":[80,80,80,80,80,80,80,80,80,80,80,82,84,84,86,88,88,90,90,90,90,90,90],"relics":["Burning Blood","Dream Catcher","Singing Bowl","Molten Egg 2","Happy Flower","Sundial","Calling Bell","Pen Nib","Peace Pipe","Letter Opener","Bronze Scales"],"card_choices":[{"not_picked":["Intimidate","Seeing Red"],"picked":"Pommel Strike","floor":1},{"not_picked":["Clothesline","Sword Boomerang"],"picked":"Headbutt","floor":5},{"not_picked":["Power Through","Reaper"],"picked":"Flame Barrier","floor":6},{"not_picked":["Anger","Twin Strike"],"picked":"Cleave","floor":7},{"not_picked":["Warcry","Second Wind"],"picked":"Uppercut","floor":8},{"not_picked":["Twin Strike","Cleave"],"picked":"Flex","floor":10},{"not_picked":["Thunderclap","Body Slam"],"picked":"Shrug It Off","floor":21}],"player_experience":92818,"potions_floor_usage":[6,10,12,12,23],"damage_taken":[{"damage":10,"enemies":"2 Louse","floor":1,"turns":3},{"damage":6,"enemies":"Cultist","floor":4,"turns":4},{"damage":6,"enemies":"Small Slimes","floor":5,"turns":4},{"damage":51,"enemies":"3 Sentries","floor":6,"turns":11},{"damage":7,"enemies":"3 Louse","floor":7,"turns":4},{"damage":4,"enemies":"Lots of Slimes","floor":10,"turns":2},{"damage":39,"enemies":"Lagavulin","floor":12,"turns":6},{"damage":7,"enemies":"Exordium Thugs","floor":13,"turns":3},{"damage":22,"enemies":"Slime Boss","floor":16,"turns":8},{"damage":14,"enemies":"Chosen","floor":18,"turns":6},{"damage":30,"enemies":"2 Thieves","floor":21,"turns":4},{"damage":62,"enemies":"Book of Stabbing","floor":23,"turns":6}],"event_choices":[{"event_name":"Golden Shrine","player_choice":"Desecrate","floor":2,"damage_taken":0},{"event_name":"World of Goop","player_choice":"Gather Gold","floor":3,"damage_taken":0},{"event_name":"Scrap Ooze","player_choice":"success","floor":11,"damage_taken":7},{"event_name":"Ghosts","player_choice":"Ignored","floor":19,"damage_taken":0}],"boss_relics":[{"not_picked":["Philosopher\u0027s Stone","Runic Dome"],"picked":"Calling Bell"}],"potions_floor_spawned":[1,4,5,7,10],"seed_played":"2746103154046321934","killed_by":"Book of Stabbing","ascension_level":2,"is_trial":false}