{"gold_per_floor":[113,24,36,51,61,61,78,78,104,130,130,130,142,159,159,159],"floor_reached":16,"playtime":657,"items_purged":[],"score":208,"play_id":"ee30316d-407b-485f-8a33-a09779878ca6","local_time":"20190304232842","is_ascension_mode":true,"campfire_choices":[{"data":"Dagger Spray","floor":6,"key":"SMITH"},{"floor":8,"key":"REST"},{"data":"Well Laid Plans","floor":11,"key":"SMITH"},{"floor":15,"key":"REST"}],"neow_cost":"PERCENT_DAMAGE","seed_source_timestamp":3525061662250522,"circlet_count":0,"master_deck":["AscendersBane","Defend_G","Defend_G","Defend_G","Defend_G","Strike_G","Strike_G","Strike_G","Survivor","Neutralize","Dagger Spray+1","Well Laid Plans+1","Predator","Dash","Terror","Dagger Spray","Acrobatics"],"relics":["Ring of the Snake","Potion Belt","PreservedInsect"],"potions_floor_usage":[1,10,14,16],"damage_taken":[{"damage":4,"enemies":"Small Slimes","floor":1,"turns":4},{"damage":7,"enemies":"Cultist","floor":3,"turns":4},{"damage":1,"enemies":"Jaw Worm","floor":4,"turns":3},{"damage":2,"enemies":"2 Fungi Beasts","floor":5,"turns":3},{"damage":4,"enemies":"Blue Slaver","floor":7,"turns":4},{"damage":8,"enemies":"Gremlin Nob","floor":10,"turns":3},{"damage":11,"enemies":"Large Slime","floor":13,"turns":5},{"damage":9,"enemies":"Gremlin Gang","floor":14,"turns":3},{"damage":50,"enemies":"Slime Boss","floor":16,"turns":6}],"seed_played":"-2414190213227793495","potions_obtained":[{"floor":1,"key":"Fruit Juice"},{"floor":5,"key":"Strength Potion"},{"floor":7,"key":"Fire Potion"},{"floor":14,"key":"Energy Potion"}],"is_trial":false,"path_per_floor":["M","$","M","M","M","R","M","R","T","E","R","?","M","M","R","B"],"character_chosen":"THE_SILENT","items_purchased":["Well Laid Plans"],"campfire_rested":2,"item_purchase_floors":[2],"current_hp_per_floor":[45,45,38,37,35,35,31,52,52,44,44,44,33,24,45,0],"gold":159,"neow_bonus":"REMOVE_TWO","is_prod":false,"is_daily":false,"chose_seed":false,"campfire_upgraded":2,"win_rate":0,"timestamp":1551763722,"path_taken":["M","$","M","M","M","R","M","R","T","E","R","?","M","M","R","BOSS"],"build_version":"2019-02-06","purchased_purges":0,"victory":false,"max_hp_per_floor":[71,71,71,71,71,71,71,71,71,71,71,71,71,71,71,71],"card_choices":[{"not_picked":["Catalyst","Quick Slash"],"picked":"Dagger Spray","floor":1},{"not_picked":["Acrobatics","Underhanded Strike"],"picked":"Predator","floor":3},{"not_picked":["Slice","Dagger Throw"],"picked":"Dash","floor":4},{"not_picked":["Bane","Blur"],"picked":"Terror","floor":5},{"not_picked":["Bouncing Flask","Eviscerate","Storm of Steel"],"picked":"SKIP","floor":7},{"not_picked":["Well Laid Plans","Slice"],"picked":"Dagger Spray","floor":10},{"not_picked":["Setup","Acrobatics","Flying Knee"],"picked":"SKIP","floor":13},{"not_picked":["Caltrops","Expertise"],"picked":"Acrobatics","floor":14}],"player_experience":855607,"relics_obtained":[{"floor":9,"key":"Potion Belt"},{"floor":10,"key":"PreservedInsect"}],"event_choices":[{"cards_removed":["Strike_G"],"damage_healed":0,"gold_gain":0,"player_choice":"Purged","damage_taken":0,"max_hp_gain":0,"max_hp_loss":0,"event_name":"Purifier","floor":12,"gold_loss":0}],"is_beta":true,"boss_relics":[],"items_purged_floors":[],"is_endless":false,"potions_floor_spawned":[1,5,7,14],"killed_by":"Slime Boss","ascension_level":20}