{"gold_per_floor":[115,126,126,144,24,24,55,55,80,97,113,130,145,145,145,219,269,282,298,298,298,316,316,332,347,418,418,418,418,418,437,437,437],"floor_reached":33,"playtime":876,"items_purged":["Strike_R"],"score":452,"play_id":"b63064b8-b00a-4cb5-90c7-7f05ebbd0244","local_time":"20190126103426","is_ascension_mode":true,"campfire_choices":[{"data":"True Grit","floor":6,"key":"SMITH"},{"data":"Bludgeon","floor":8,"key":"SMITH"},{"data":"Bash","floor":15,"key":"SMITH"},{"floor":23,"key":"REST"},{"floor":28,"key":"REST"},{"floor":30,"key":"REST"},{"floor":32,"key":"RECALL"}],"neow_cost":"NONE","seed_source_timestamp":727457628713242,"circlet_count":0,"master_deck":["AscendersBane","Defend_R","Defend_R","Defend_R","Defend_R+1","Bash+1","Cleave","Thunderclap","True Grit+1","Dropkick","Bludgeon+1","Whirlwind","Dual Wield","Immolate","Necronomicurse","Double Tap","Havoc","Immolate","Bludgeon+1"],"relics":["Burning Blood","NeowsBlessing","Ancient Tea Set","Lantern","Tiny House","Necronomicon","Shuriken"],"potions_floor_usage":[7,7,16,16,16,25,33],"damage_taken":[{"damage":0,"enemies":"Small Slimes","floor":1,"turns":1},{"damage":0,"enemies":"Cultist","floor":2,"turns":1},{"damage":0,"enemies":"Jaw Worm","floor":4,"turns":1},{"damage":24,"enemies":"Gremlin Nob","floor":7,"turns":4},{"damage":0,"enemies":"Blue Slaver","floor":10,"turns":2},{"damage":0,"enemies":"3 Louse","floor":11,"turns":1},{"damage":5,"enemies":"Red Slaver","floor":12,"turns":2},{"damage":2,"enemies":"Looter","floor":13,"turns":4},{"damage":55,"enemies":"Hexaghost","floor":16,"turns":9},{"damage":24,"enemies":"Shell Parasite","floor":18,"turns":7},{"damage":27,"enemies":"2 Thieves","floor":19,"turns":5},{"damage":0,"enemies":"Snake Plant","floor":22,"turns":1},{"damage":0,"enemies":"Cultist and Chosen","floor":24,"turns":2},{"damage":26,"enemies":"Shelled Parasite and Fungi","floor":25,"turns":3},{"damage":0,"enemies":"Snake Plant","floor":31,"turns":1},{"damage":97,"enemies":"Champ","floor":33,"turns":5}],"seed_played":"3278025189345124512","potions_obtained":[{"floor":2,"key":"Ancient Potion"},{"floor":4,"key":"Strength Potion"},{"floor":10,"key":"SkillPotion"},{"floor":12,"key":"LiquidBronze"},{"floor":16,"key":"Fruit Juice"},{"floor":17,"key":"LiquidBronze"},{"floor":19,"key":"Fire Potion"},{"floor":31,"key":"Fire Potion"}],"is_trial":false,"path_per_floor":["M","M","?","M","$","R","E","R","T","M","M","M","M","?","R","B",null,"M","M","?","?","M","R","M","M","T","?","R","?","R","M","R","B"],"character_chosen":"IRONCLAD","items_purchased":["Dropkick"],"campfire_rested":3,"item_purchase_floors":[5],"current_hp_per_floor":[74,75,75,75,75,75,57,57,57,63,69,70,74,67,67,23,71,53,32,11,11,17,42,48,28,28,28,53,53,78,84,84,0],"gold":437,"neow_bonus":"THREE_ENEMY_KILL","is_prod":false,"is_daily":false,"chose_seed":false,"campfire_upgraded":3,"win_rate":0,"timestamp":1548516866,"path_taken":["M","M","?","M","$","R","E","R","T","M","M","M","?","?","R","BOSS","M","M","?","?","M","R","M","?","T","?","R","?","R","M","R","BOSS"],"build_version":"2019-01-23","purchased_purges":1,"victory":false,"max_hp_per_floor":[75,75,75,75,75,75,75,75,75,75,75,75,75,75,75,80,85,85,85,85,85,85,85,85,85,85,85,85,85,85,85,85,85],"card_choices":[{"not_picked":["Headbutt","Disarm"],"picked":"Cleave","floor":1},{"not_picked":["Second Wind","Seeing Red"],"picked":"Thunderclap","floor":2},{"not_picked":["Fire Breathing","Iron Wave"],"picked":"True Grit","floor":4},{"not_picked":["Body Slam","Perfected Strike"],"picked":"Bludgeon","floor":7},{"not_picked":["Cleave","Havoc"],"picked":"Whirlwind","floor":10},{"not_picked":["Flame Barrier","Spot Weakness","Pummel"],"picked":"SKIP","floor":11},{"not_picked":["Body Slam","Headbutt"],"picked":"Dual Wield","floor":12},{"not_picked":["Heavy Blade","Anger","Perfected Strike"],"picked":"SKIP","floor":13},{"not_picked":["Berserk","Brutality"],"picked":"Immolate","floor":16},{"not_picked":["Thunderclap","Perfected Strike","Rage"],"picked":"SKIP","floor":18},{"not_picked":["Heavy Blade","Searing Blow","Dual Wield"],"picked":"SKIP","floor":19},{"not_picked":["Flex","Thunderclap"],"picked":"Double Tap","floor":22},{"not_picked":["Perfected Strike","Wild Strike","Hemokinesis"],"picked":"SKIP","floor":24},{"not_picked":["Flame Barrier","Bloodletting","Thunderclap"],"picked":"SKIP","floor":25},{"not_picked":["Combust","Perfected Strike","Twin Strike+1"],"picked":"SKIP","floor":31}],"player_experience":465476,"relics_obtained":[{"floor":7,"key":"Ancient Tea Set"},{"floor":9,"key":"Lantern"},{"floor":20,"key":"Necronomicon"},{"floor":26,"key":"Shuriken"}],"event_choices":[{"cards_removed":["Strike_R"],"damage_healed":0,"gold_gain":0,"player_choice":"Purged","damage_taken":0,"max_hp_gain":0,"max_hp_loss":0,"event_name":"Purifier","floor":3,"gold_loss":0},{"cards_removed":["Strike_R"],"damage_healed":0,"gold_gain":0,"player_choice":"Card Removal","damage_taken":7,"max_hp_gain":0,"max_hp_loss":0,"event_name":"Golden Wing","floor":14,"gold_loss":0},{"damage_healed":0,"gold_gain":0,"player_choice":"Obtained Book","damage_taken":21,"max_hp_gain":0,"max_hp_loss":0,"event_name":"Cursed Tome","floor":20,"gold_loss":0},{"damage_healed":0,"gold_gain":0,"player_choice":"0 cards matched","damage_taken":0,"max_hp_gain":0,"max_hp_loss":0,"event_name":"Match and Keep!","floor":21,"gold_loss":0,"cards_obtained":[]},{"damage_healed":0,"gold_gain":0,"cards_transformed":["Strike_R","Strike_R"],"player_choice":"Became Test Subject","damage_taken":0,"max_hp_gain":0,"max_hp_loss":0,"event_name":"Drug Dealer","floor":27,"gold_loss":0,"cards_obtained":["Havoc","Immolate"]},{"damage_healed":0,"gold_gain":0,"player_choice":"Copied","damage_taken":0,"max_hp_gain":0,"max_hp_loss":0,"event_name":"Duplicator","floor":29,"gold_loss":0,"cards_obtained":["Bludgeon"]}],"is_beta":false,"boss_relics":[{"not_picked":["Calling Bell","Sozu"],"picked":"Tiny House"}],"items_purged_floors":[5],"is_endless":false,"potions_floor_spawned":[2,4,10,12,16,19,24,31],"killed_by":"Champ","ascension_level":16}