{"gold_per_floor":[111,122,122,33,33,33,67,67,67,67,81,101,176,207,207,281,281,295,312,312,312],"floor_reached":21,"playtime":798,"items_purged":[],"score":474,"play_id":"8882dbd5-ec3f-4ef4-8ae2-5cb1466d43c0","local_time":"20190228210152","is_ascension_mode":true,"campfire_choices":[{"data":"Feed","floor":6,"key":"SMITH"},{"data":"Flame Barrier","floor":8,"key":"SMITH"},{"data":"Bash","floor":10,"key":"SMITH"},{"data":"True Grit","floor":15,"key":"SMITH"}],"neow_cost":"NONE","seed_source_timestamp":814533797540628,"circlet_count":0,"master_deck":["AscendersBane","Strike_R","Strike_R","Strike_R","Strike_R","Defend_R","Defend_R","Defend_R","Defend_R","Bash+1","Ghostly Armor","Anger","Feed+1","Heavy Blade","Flame Barrier+1","Inflame","Cleave+1","True Grit+1","Feed+1","Rupture+1","Disarm+1"],"relics":["Burning Blood","NeowsBlessing","Boot","Gremlin Horn","Molten Egg 2","Calipers","Cursed Key"],"potions_floor_usage":[16,16],"damage_taken":[{"damage":0,"enemies":"Jaw Worm","floor":1,"turns":1},{"damage":0,"enemies":"Small Slimes","floor":2,"turns":1},{"damage":0,"enemies":"Lagavulin","floor":7,"turns":1},{"damage":6,"enemies":"Cultist","floor":11,"turns":6},{"damage":0,"enemies":"3 Louse","floor":12,"turns":2},{"damage":25,"enemies":"3 Sentries","floor":14,"turns":6},{"damage":41,"enemies":"Slime Boss","floor":16,"turns":11},{"damage":9,"enemies":"3 Byrds","floor":18,"turns":5},{"damage":43,"enemies":"Shell Parasite","floor":19,"turns":8},{"damage":72,"enemies":"Chosen and Byrds","floor":21,"turns":9}],"seed_played":"-1952028346972638813","potions_obtained":[{"floor":1,"key":"Block Potion"},{"floor":11,"key":"Weak Potion"},{"floor":14,"key":"Explosive Potion"}],"is_trial":false,"path_per_floor":["M","M","?","$","?","R","E","R","T","R","M","M","?","E","R","B",null,"M","M","?","M"],"character_chosen":"IRONCLAD","items_purchased":["Feed"],"campfire_rested":0,"item_purchase_floors":[4],"current_hp_per_floor":[74,75,49,49,49,49,59,59,59,59,63,73,62,47,47,16,75,80,47,47,0],"gold":312,"neow_bonus":"THREE_ENEMY_KILL","is_prod":false,"is_daily":false,"chose_seed":false,"campfire_upgraded":4,"win_rate":0,"timestamp":1551405712,"path_taken":["M","M","?","$","?","R","E","R","T","R","M","?","?","E","R","BOSS","M","M","?","?"],"build_version":"2019-01-23","purchased_purges":0,"victory":false,"max_hp_per_floor":[75,75,75,75,75,75,79,79,79,79,83,87,87,91,91,95,95,103,107,107,111],"card_choices":[{"not_picked":["Armaments","Body Slam"],"picked":"Ghostly Armor","floor":1},{"not_picked":["Armaments","Metallicize"],"picked":"Anger","floor":2},{"not_picked":["Thunderclap","Rupture"],"picked":"Flame Barrier","floor":7},{"not_picked":["Thunderclap+1","Heavy Blade+1"],"picked":"Inflame","floor":11},{"not_picked":["Clothesline+1","Twin Strike+1"],"picked":"Cleave+1","floor":12},{"not_picked":["Seeing Red","Intimidate"],"picked":"True Grit","floor":14},{"not_picked":["Dark Embrace","Brutality"],"picked":"Feed+1","floor":16},{"not_picked":["Rage+1","Clash+1"],"picked":"Rupture+1","floor":18},{"not_picked":["Clash+1","Perfected Strike+1"],"picked":"Disarm","floor":19}],"player_experience":857405,"relics_obtained":[{"floor":7,"key":"Gremlin Horn"},{"floor":9,"key":"Molten Egg 2"},{"floor":14,"key":"Calipers"}],"event_choices":[{"damage_healed":0,"gold_gain":0,"player_choice":"Success","damage_taken":26,"relics_obtained":["Boot"],"max_hp_gain":0,"max_hp_loss":0,"event_name":"Scrap Ooze","floor":3,"gold_loss":0},{"damage_healed":0,"gold_gain":0,"cards_transformed":["Strike_R"],"player_choice":"Transformed","damage_taken":0,"max_hp_gain":0,"max_hp_loss":0,"event_name":"Transmorgrifier","floor":5,"gold_loss":0,"cards_obtained":["Heavy Blade"]},{"damage_healed":0,"gold_gain":75,"player_choice":"Gather Gold","damage_taken":11,"max_hp_gain":0,"max_hp_loss":0,"event_name":"World of Goop","floor":13,"gold_loss":0},{"damage_healed":0,"gold_gain":0,"player_choice":"Forge","damage_taken":0,"max_hp_gain":0,"max_hp_loss":0,"event_name":"Accursed Blacksmith","floor":20,"gold_loss":0,"cards_upgraded":["Disarm"]}],"is_beta":false,"boss_relics":[{"not_picked":["Mark of Pain","Astrolabe"],"picked":"Cursed Key"}],"items_purged_floors":[],"is_endless":false,"potions_floor_spawned":[1,11,12,14],"killed_by":"Chosen and Byrds","ascension_level":20}