{"gold_per_floor":[114,114,4,4,4,4,22,22,22,39,39,39,39,64,64,64],"floor_reached":16,"playtime":677,"items_purged":[],"score":163,"play_id":"856d31bf-d227-491e-b263-dfc3d3db713d","local_time":"20190303153529","is_ascension_mode":true,"campfire_choices":[{"floor":6.0,"key":"REST"},{"data":"Bash","floor":8.0,"key":"SMITH"},{"data":"Shrug It Off","floor":12,"key":"SMITH"},{"data":"Shrug It Off","floor":15,"key":"SMITH"}],"neow_cost":"PERCENT_DAMAGE","seed_source_timestamp":236808139730614,"circlet_count":0,"master_deck":["AscendersBane","Strike_R","Strike_R+1","Strike_R","Strike_R","Defend_R","Defend_R","Defend_R+1","Defend_R","Bash+1","Reaper","Hemokinesis","Shrug It Off+1","Battle Trance","Shrug It Off+1","Injury"],"special_seed":0,"relics":["Burning Blood","Darkstone Periapt","Pear","Golden Idol","Bottled Lightning"],"potions_floor_usage":[14],"damage_taken":[{"damage":18.0,"enemies":"Small Slimes","floor":1.0,"turns":5.0},{"damage":0.0,"enemies":"Jaw Worm","floor":7.0,"turns":7.0},{"damage":0.0,"enemies":"2 Louse","floor":10.0,"turns":3.0},{"damage":10,"enemies":"Red Slaver","floor":14,"turns":5},{"damage":92,"enemies":"Hexaghost","floor":16,"turns":16}],"seed_played":"584013952787590155","potions_obtained":[{"floor":1.0,"key":"Swift Potion"}],"is_trial":false,"path_per_floor":["M","?","$","?","T","R","M","R","T","M","?","R","T","M","R","B"],"character_chosen":"IRONCLAD","items_purchased":["Shrug It Off","Battle Trance"],"campfire_rested":1,"item_purchase_floors":[3,3],"current_hp_per_floor":[46,46,46,23,23,45,55,55,65,79,85,85,85,85,85,0],"gold":64,"neow_bonus":"THREE_RARE_CARDS","is_prod":false,"is_daily":false,"chose_seed":false,"campfire_upgraded":3,"win_rate":0,"timestamp":1551656129,"path_taken":["M","?","$","?","?","R","M","R","T","M","?","R","?","M","R","BOSS"],"build_version":"2019-01-23","purchased_purges":0,"victory":false,"max_hp_per_floor":[75,75,75,75,75,75,75,75,85,85,91,91,91,91,91,91],"card_choices":[{"not_picked":["Immolate","Juggernaut"],"picked":"Reaper","floor":0.0},{"not_picked":["Pummel","Sword Boomerang","Flex"],"picked":"SKIP","floor":1.0},{"not_picked":["Heavy Blade","Wild Strike"],"picked":"Shrug It Off","floor":7.0},{"not_picked":["Wild Strike","Pommel Strike","Thunderclap"],"picked":"SKIP","floor":10.0},{"not_picked":["Clothesline","Headbutt","Thunderclap"],"picked":"SKIP","floor":14}],"player_experience":597785,"relics_obtained":[{"floor":5.0,"key":"Darkstone Periapt"},{"floor":9.0,"key":"Pear"},{"floor":13,"key":"Bottled Lightning"}],"event_choices":[{"damage_healed":0.0,"max_hp_gain":0.0,"max_hp_loss":0.0,"gold_gain":0.0,"cards_transformed":["Strike_R"],"event_name":"Living Wall","player_choice":"Change","floor":2.0,"gold_loss":0.0,"damage_taken":0.0,"cards_obtained":["Hemokinesis"]},{"damage_healed":0.0,"max_hp_gain":0.0,"max_hp_loss":0.0,"gold_gain":0.0,"event_name":"Shining Light","player_choice":"Entered Light","floor":4.0,"gold_loss":0.0,"damage_taken":23.0,"cards_upgraded":["Defend_R","Strike_R"]},{"damage_healed":0,"gold_gain":0,"player_choice":"Take Wound","damage_taken":0,"relics_obtained":["Golden Idol"],"max_hp_gain":0,"max_hp_loss":0,"event_name":"Golden Idol","floor":11,"gold_loss":0,"cards_obtained":["Injury"]}],"is_beta":false,"boss_relics":[],"items_purged_floors":[],"is_endless":false,"potions_floor_spawned":[1],"killed_by":"Hexaghost","ascension_level":17}