{"gold_per_floor":[20,39,55,75,75,75,106,71,71,102,102,116,116,142,142,237,237,237,237,237,152,77,77,77,77,77,77,77,77,77,77,77,77,77,77,77,77,0,0,0],"floor_reached":40,"playtime":1749,"items_purged":[],"score":495,"play_id":"59df04e8-cf3d-4072-8b7d-21f69bfafc18","local_time":"20190109214144","is_ascension_mode":true,"campfire_choices":[{"data":"Neutralize","floor":6.0,"key":"SMITH"},{"data":"Deadly Poison","floor":11.0,"key":"SMITH"},{"data":"Catalyst","floor":13.0,"key":"SMITH"},{"floor":15.0,"key":"RECALL"},{"data":"Night Terror","floor":23.0,"key":"SMITH"},{"data":"Noxious Fumes","floor":28.0,"key":"SMITH"},{"floor":30.0,"key":"REST"},{"data":"Dodge and Roll","floor":32.0,"key":"SMITH"}],"neow_cost":"NO_GOLD","seed_source_timestamp":39923636724491,"circlet_count":0,"master_deck":["Defend_G","Defend_G","Defend_G","Defend_G","Defend_G","Strike_G","Strike_G","Strike_G","Survivor","Neutralize+1","Predator","Deadly Poison+1","Dagger Spray","Terror","Acrobatics","Catalyst+1","Night Terror+1","Dodge and Roll+1","Calculated Gamble+1","PiercingWail","Noxious Fumes+1","Dodge and Roll+1","Adrenaline","Acrobatics","PiercingWail"],"special_seed":0,"relics":["Ring of the Snake","Meat on the Bone","Ornamental Fan","Potion Belt","Ectoplasm","Juzu Bracelet","Unceasing Top","Art of War","Du-Vu Doll","Black Star","Red Mask"],"potions_floor_usage":[40,40,40],"damage_taken":[{"damage":0.0,"enemies":"Small Slimes","floor":1.0,"turns":3.0},{"damage":0.0,"enemies":"2 Louse","floor":2.0,"turns":2.0},{"damage":0.0,"enemies":"Jaw Worm","floor":3.0,"turns":3.0},{"damage":2.0,"enemies":"Blue Slaver","floor":4.0,"turns":4.0},{"damage":39.0,"enemies":"Lagavulin","floor":7.0,"turns":6.0},{"damage":0.0,"enemies":"Gremlin Nob","floor":10.0,"turns":2.0},{"damage":3.0,"enemies":"2 Fungi Beasts","floor":12.0,"turns":4.0},{"damage":9.0,"enemies":"Lagavulin","floor":14.0,"turns":3.0},{"damage":2.0,"enemies":"The Guardian","floor":16.0,"turns":8.0},{"damage":10.0,"enemies":"Chosen","floor":18.0,"turns":3.0},{"damage":2.0,"enemies":"Shell Parasite","floor":19.0,"turns":8.0},{"damage":12.0,"enemies":"Snecko","floor":20.0,"turns":5.0},{"damage":7.0,"enemies":"Snake Plant","floor":24.0,"turns":4.0},{"damage":20.0,"enemies":"Gremlin Leader","floor":25.0,"turns":6.0},{"damage":15.0,"enemies":"Book of Stabbing","floor":27.0,"turns":4.0},{"damage":11.0,"enemies":"Cultist and Chosen","floor":29.0,"turns":5.0},{"damage":2.0,"enemies":"3 Cultists","floor":31.0,"turns":5.0},{"damage":61,"enemies":"Automaton","floor":33,"turns":8},{"damage":57,"enemies":"3 Shapes","floor":35,"turns":5},{"damage":9,"enemies":"Orb Walker","floor":37,"turns":4},{"damage":57,"enemies":"Nemesis","floor":40,"turns":7}],"seed_played":"-4979895522877297123","potions_obtained":[{"floor":3.0,"key":"Fire Potion"},{"floor":7.0,"key":"Fire Potion"},{"floor":10.0,"key":"SpeedPotion"},{"floor":14.0,"key":"GamblersBrew"},{"floor":19.0,"key":"Block Potion"},{"floor":24.0,"key":"PowerPotion"},{"floor":31.0,"key":"SkillPotion"},{"floor":33,"key":"FearPotion"},{"floor":37,"key":"SkillPotion"}],"is_trial":false,"path_per_floor":["M","M","M","M","?","R","E","?","T","E","R","M","R","E","R","B",null,"M","M","M","?","?","R","M","E","T","E","R","M","R","M","R","B",null,"M","?","M","?","?","E"],"character_chosen":"THE_SILENT","items_purchased":[],"campfire_rested":1,"item_purchase_floors":[],"current_hp_per_floor":[84,84,84,82,75,75,36,57,57,57,57,54,54,45,45,43,84,74,72,60,60,60,60,53,45,45,42,42,43,68,66,66,17,84,39,39,42,42,42,0],"gold":0,"neow_bonus":"TWENTY_PERCENT_HP_BONUS","is_prod":false,"is_daily":false,"chose_seed":false,"campfire_upgraded":6,"win_rate":0,"timestamp":1547037704,"path_taken":["M","M","M","M","?","R","E","?","T","E","R","M","R","E","R","BOSS","M","M","M","?","?","R","M","E","T","E","R","M","R","M","R","BOSS","M","?","M","?","?","E"],"build_version":"2019-01-03v4","purchased_purges":0,"victory":false,"max_hp_per_floor":[84,84,84,84,84,84,84,84,84,84,84,84,84,84,84,84,84,84,84,84,84,84,84,84,84,84,84,84,84,84,84,84,84,84,84,84,84,84,84,84],"card_choices":[{"not_picked":["Prepared","Accuracy"],"picked":"Predator","floor":1.0},{"not_picked":["Prepared","Setup"],"picked":"Deadly Poison","floor":2.0},{"not_picked":["Dagger Throw","Acrobatics"],"picked":"Dagger Spray","floor":3.0},{"not_picked":["Dagger Throw","Outmaneuver"],"picked":"Terror","floor":4.0},{"not_picked":["Unload","Deflect","Distraction"],"picked":"SKIP","floor":7.0},{"not_picked":["Distraction","Sucker Punch"],"picked":"Acrobatics","floor":10.0},{"not_picked":["Dodge and Roll","Prepared"],"picked":"Catalyst","floor":12.0},{"not_picked":["Outmaneuver","Dash","Skewer"],"picked":"SKIP","floor":14.0},{"not_picked":["Corpse Explosion","Tools of the Trade"],"picked":"Night Terror","floor":16.0},{"not_picked":["Poisoned Stab","Blade Dance"],"picked":"Dodge and Roll+1","floor":18.0},{"not_picked":["Dagger Throw+1","Escape Plan"],"picked":"Calculated Gamble+1","floor":19.0},{"not_picked":["Blade Dance","Poisoned Stab+1"],"picked":"PiercingWail","floor":20.0},{"not_picked":["Distraction","Expertise","Dagger Throw"],"picked":"SKIP","floor":24.0},{"not_picked":["Flying Knee","Underhanded Strike","Expertise+1"],"picked":"SKIP","floor":25.0},{"not_picked":["Quick Slash","Choke+1"],"picked":"Noxious Fumes","floor":27.0},{"not_picked":["Accuracy","Blade Dance","Poisoned Stab+1"],"picked":"SKIP","floor":29.0},{"not_picked":["Deflect+1","Backflip"],"picked":"Dodge and Roll","floor":31.0},{"not_picked":["Doppelganger","Bullet Time"],"picked":"Adrenaline","floor":33},{"not_picked":["Underhanded Strike+1","Skewer"],"picked":"Acrobatics","floor":35},{"not_picked":["Dagger Spray","Slice+1"],"picked":"PiercingWail","floor":37}],"player_experience":182981,"relics_obtained":[{"floor":7.0,"key":"Meat on the Bone"},{"floor":10.0,"key":"Ornamental Fan"},{"floor":14.0,"key":"Potion Belt"},{"floor":25.0,"key":"Unceasing Top"},{"floor":26.0,"key":"Art of War"},{"floor":27.0,"key":"Du-Vu Doll"}],"event_choices":[{"cards_removed":["Strike_G"],"damage_healed":0.0,"max_hp_gain":0.0,"max_hp_loss":0.0,"gold_gain":0.0,"event_name":"Golden Wing","player_choice":"Card Removal","floor":5.0,"gold_loss":0.0,"damage_taken":7.0},{"damage_healed":21.0,"max_hp_gain":0.0,"max_hp_loss":0.0,"gold_gain":0.0,"event_name":"The Cleric","player_choice":"Healed","floor":8.0,"gold_loss":35.0,"damage_taken":0.0},{"damage_healed":0.0,"max_hp_gain":0.0,"max_hp_loss":0.0,"gold_gain":0.0,"event_name":"Addict","player_choice":"Obtained Relic","floor":21.0,"gold_loss":85.0,"damage_taken":0.0,"relics_obtained":["Juzu Bracelet"]},{"cards_removed":["Strike_G"],"damage_healed":0.0,"max_hp_gain":0.0,"max_hp_loss":0.0,"gold_gain":0.0,"event_name":"Beggar","player_choice":"Gave Gold","floor":22.0,"gold_loss":75.0,"damage_taken":0.0},{"damage_healed":0,"gold_gain":0,"player_choice":"Ignored","damage_taken":0,"max_hp_gain":0,"max_hp_loss":0,"event_name":"Mysterious Sphere","floor":36,"gold_loss":0},{"damage_healed":0,"gold_gain":0,"player_choice":"Paid","damage_taken":0,"relics_obtained":["Red Mask"],"max_hp_gain":0,"max_hp_loss":0,"event_name":"Tomb of Lord Red Mask","floor":38,"gold_loss":77},{"damage_healed":0,"gold_gain":0,"player_choice":"Memory 1","damage_taken":0,"max_hp_gain":0,"max_hp_loss":0,"event_name":"SensoryStone","floor":39,"gold_loss":0}],"is_beta":false,"boss_relics":[{"not_picked":["Coffee Dripper","HoveringKite"],"picked":"Ectoplasm"},{"not_picked":["Eternal Feather","Sozu"],"picked":"Black Star"}],"items_purged_floors":[],"is_endless":false,"potions_floor_spawned":[3,7,10,14,19,24,31,33,37],"killed_by":"Nemesis","ascension_level":1}