{"gold_per_floor":[110,110,110,125,4,4,4,4,4,4,37,53,68,31,31,128,178,188,188,188,200,42,42,42,42,42,71,71,100,37,63,75,186,198,228,38,38,0,18,18,18],"floor_reached":41,"playtime":1777,"items_purged":[],"score":635,"play_id":"15efa57c-ec4d-4ebc-a979-325bf59520ec","local_time":"20190216174749","is_ascension_mode":true,"campfire_choices":[{"data":"Dualcast","floor":6.0,"key":"SMITH"},{"floor":8.0,"key":"REST"},{"data":"Echo Form","floor":10.0,"key":"SMITH"},{"data":"Defragment","floor":15.0,"key":"SMITH"},{"floor":23.0,"key":"REST"},{"data":"Defragment","floor":25.0,"key":"SMITH"},{"floor":28.0,"key":"REST"},{"floor":32.0,"key":"REST"},{"floor":40,"key":"REST"}],"neow_cost":"TEN_PERCENT_HP_LOSS","seed_source_timestamp":207526023838139,"circlet_count":0,"master_deck":["AscendersBane","Strike_B+1","Strike_B","Defend_B","Defend_B","Defend_B","Defend_B","Zap+1","Dualcast+1","Echo Form+1","Conserve Battery","Self Repair","Defragment+1","Conserve Battery","Loop","Defragment+1","Seek","Capacitor","Cold Snap+1","Go for the Eyes+1","Buffer","Double Energy","Coolheaded+1"],"special_seed":0,"relics":["Cracked Core","Cables","Orichalcum","Omamori","Tiny House","Molten Egg 2","Juzu Bracelet","MawBank","Cursed Key","Tiny Chest","Red Mask"],"potions_floor_usage":[41],"damage_taken":[{"damage":18.0,"enemies":"Small Slimes","floor":1.0,"turns":3.0},{"damage":10.0,"enemies":"2 Louse","floor":4.0,"turns":2.0},{"damage":30.0,"enemies":"Gremlin Nob","floor":11.0,"turns":5.0},{"damage":7.0,"enemies":"Jaw Worm","floor":12.0,"turns":2.0},{"damage":10.0,"enemies":"2 Fungi Beasts","floor":13.0,"turns":4.0},{"damage":24.0,"enemies":"The Guardian","floor":16.0,"turns":8.0},{"damage":13.0,"enemies":"Spheric Guardian","floor":18.0,"turns":5.0},{"damage":27.0,"enemies":"Chosen","floor":21.0,"turns":6.0},{"damage":54.0,"enemies":"Book of Stabbing","floor":27.0,"turns":5.0},{"damage":28.0,"enemies":"Slavers","floor":29.0,"turns":4.0},{"damage":10.0,"enemies":"Shelled Parasite and Fungi","floor":31.0,"turns":6.0},{"damage":24,"enemies":"Champ","floor":33,"turns":16},{"damage":12,"enemies":"Orb Walker","floor":35,"turns":5},{"damage":44,"enemies":"3 Shapes","floor":39,"turns":5},{"damage":56,"enemies":"Reptomancer","floor":41,"turns":2}],"seed_played":"4487454732506686779","potions_obtained":[{"floor":4.0,"key":"Dexterity Potion"},{"floor":13.0,"key":"FearPotion"},{"floor":16.0,"key":"FocusPotion"},{"floor":17.0,"key":"Explosive Potion"},{"floor":21.0,"key":"Regen Potion"},{"floor":29.0,"key":"Fire Potion"},{"floor":33,"key":"Dexterity Potion"},{"floor":39,"key":"Fruit Juice"}],"is_trial":false,"path_per_floor":["M","?","?","M","$","R","$","R","T","R","E","M","M","$","R","B",null,"M","?","?","M","$","R","?","R","T","E","R","E","?","M","R","B",null,"M","$","?","?","M","R","E"],"character_chosen":"DEFECT","items_purchased":["Conserve Battery","Self Repair","Loop","Seek","Double Energy","Tiny Chest"],"campfire_rested":5,"item_purchase_floors":[5,5,14,22,36,36],"current_hp_per_floor":[50,50,43,33,33,33,33,53,53,53,30,30,27,27,27,10,59,53,53,40,20,20,43,43,43,43,10,33,12,12,9,32,15,62,57,57,57,57,20,43,0],"gold":18,"neow_bonus":"THREE_RARE_CARDS","is_prod":false,"is_daily":false,"chose_seed":false,"campfire_upgraded":4,"win_rate":0,"timestamp":1550368069,"path_taken":["M","?","?","?","$","R","$","R","T","R","E","M","M","$","R","BOSS","M","?","?","M","$","R","?","R","T","E","R","E","?","M","R","BOSS","M","$","?","?","M","R","E"],"build_version":"2019-01-23","purchased_purges":0,"victory":false,"max_hp_per_floor":[68,68,68,68,68,68,68,68,68,68,68,68,68,68,68,68,73,73,73,78,78,78,78,78,78,78,78,78,78,78,78,78,78,78,78,78,78,78,78,78,83],"card_choices":[{"not_picked":["Fission","All For One"],"picked":"Echo Form","floor":0.0},{"not_picked":["Barrage","Steam Power","Hologram"],"picked":"SKIP","floor":1.0},{"not_picked":["Stack","Gash","Ball Lightning"],"picked":"SKIP","floor":4.0},{"not_picked":["Cold Snap","Thunder Strike"],"picked":"Defragment","floor":11.0},{"not_picked":["Hologram","Steam","Rebound"],"picked":"SKIP","floor":12.0},{"not_picked":["Stack","Ball Lightning"],"picked":"Conserve Battery","floor":13.0},{"not_picked":["Go for the Eyes","Sweeping Beam"],"picked":"All For One","floor":18.0},{"not_picked":["Static Discharge","Double Energy","Aggregate+1"],"picked":"SKIP","floor":21.0},{"not_picked":["Steam+1","Barrage+1"],"picked":"Capacitor","floor":27.0},{"not_picked":["Streamline+1","Sweeping Beam+1"],"picked":"Cold Snap+1","floor":29.0},{"not_picked":["Cold Snap+1","Steam"],"picked":"Go for the Eyes+1","floor":31.0},{"not_picked":["Thunder Strike+1","Core Surge+1"],"picked":"Buffer","floor":33},{"not_picked":["Ball Lightning+1","Rip and Tear+1","Steam"],"picked":"SKIP","floor":35},{"not_picked":["Hologram","Gash+1"],"picked":"Coolheaded+1","floor":39}],"player_experience":401884,"relics_obtained":[{"floor":9.0,"key":"Orichalcum"},{"floor":11.0,"key":"Omamori"},{"floor":26.0,"key":"Molten Egg 2"},{"floor":27.0,"key":"Juzu Bracelet"},{"floor":29.0,"key":"MawBank"}],"event_choices":[{"damage_healed":0.0,"max_hp_gain":0.0,"max_hp_loss":0.0,"gold_gain":0.0,"event_name":"Living Wall","player_choice":"Grow","floor":2.0,"gold_loss":0.0,"damage_taken":0.0,"cards_upgraded":["Zap"]},{"damage_healed":0.0,"max_hp_gain":0.0,"max_hp_loss":0.0,"gold_gain":0.0,"event_name":"Scrap Ooze","player_choice":"Success","floor":3.0,"gold_loss":0.0,"damage_taken":7.0,"relics_obtained":["Cables"]},{"damage_healed":0.0,"max_hp_gain":0.0,"max_hp_loss":0.0,"gold_gain":0.0,"event_name":"The Library","player_choice":"Read","floor":19.0,"gold_loss":0.0,"damage_taken":0.0,"cards_obtained":["Defragment"]},{"damage_healed":0.0,"max_hp_gain":5.0,"max_hp_loss":0.0,"gold_gain":0.0,"event_name":"Forgotten Altar","player_choice":"Shed Blood","floor":20.0,"gold_loss":0.0,"damage_taken":18.0},{"cards_removed":["Strike_B"],"damage_healed":0.0,"max_hp_gain":0.0,"max_hp_loss":0.0,"gold_gain":0.0,"event_name":"Wheel of Change","player_choice":"Card Removal","floor":24.0,"gold_loss":0.0,"damage_taken":0.0},{"cards_removed":["Strike_B"],"damage_healed":0.0,"max_hp_gain":0.0,"max_hp_loss":0.0,"gold_gain":0.0,"event_name":"Beggar","player_choice":"Gave Gold","floor":30.0,"gold_loss":75.0,"damage_taken":0.0},{"cards_removed":["All For One"],"damage_healed":0,"gold_gain":0,"player_choice":"Removed Attack","damage_taken":0,"max_hp_gain":0,"max_hp_loss":0,"event_name":"Falling","floor":37,"gold_loss":0},{"damage_healed":0,"gold_gain":0,"player_choice":"Paid","damage_taken":0,"relics_obtained":["Red Mask"],"max_hp_gain":0,"max_hp_loss":0,"event_name":"Tomb of Lord Red Mask","floor":38,"gold_loss":38}],"is_beta":false,"boss_relics":[{"not_picked":["Black Star","Nuclear Battery"],"picked":"Tiny House"},{"not_picked":["Runic Pyramid","Astrolabe"],"picked":"Cursed Key"}],"items_purged_floors":[],"is_endless":false,"potions_floor_spawned":[4,13,16,21,29,33,39],"killed_by":"Reptomancer","ascension_level":10}