{"gold_per_floor":[116,116,17,41,60,60,81,81,135,135,173,173,173,191,191,287,287,307,320,345,345],"floor_reached":21,"playtime":825,"items_purged":["Defend_B"],"score":335,"play_id":"41c08922-e11a-4f49-984f-67f6852c821a","local_time":"20190222115948","is_ascension_mode":true,"campfire_choices":[{"data":"Consume","floor":6,"key":"SMITH"},{"data":"Darkness","floor":8,"key":"SMITH"},{"data":"Streamline","floor":10,"key":"SMITH"},{"floor":13,"key":"REST"},{"data":"Dualcast","floor":15,"key":"SMITH"}],"neow_cost":"TEN_PERCENT_HP_LOSS","seed_source_timestamp":263533872894985,"circlet_count":0,"master_deck":["AscendersBane","Strike_B","Strike_B","Defend_B","Defend_B","Defend_B","Zap","Dualcast+1","Consume+1","Conserve Battery","Streamline+1","Darkness+1","Redo+1","Chill","Rainbow","Steam"],"relics":["Cracked Core","Golden Idol","Bag of Marbles","PreservedInsect","Busted Crown"],"potions_floor_usage":[18,19],"damage_taken":[{"damage":10,"enemies":"Small Slimes","floor":1,"turns":3},{"damage":5,"enemies":"Jaw Worm","floor":4,"turns":4},{"damage":11,"enemies":"Cultist","floor":5,"turns":4},{"damage":5,"enemies":"Looter","floor":7,"turns":4},{"damage":8,"enemies":"Lagavulin","floor":11,"turns":5},{"damage":4,"enemies":"Red Slaver","floor":14,"turns":3},{"damage":31,"enemies":"Slime Boss","floor":16,"turns":6},{"damage":16,"enemies":"2 Thieves","floor":18,"turns":3},{"damage":0,"enemies":"Chosen","floor":19,"turns":3},{"damage":28,"enemies":"Centurion and Healer","floor":20,"turns":6},{"damage":0,"enemies":"Snake Plant","floor":21,"turns":1}],"seed_played":"-588127207781066559","potions_obtained":[{"floor":5,"key":"FearPotion"},{"floor":7,"key":"Ancient Potion"},{"floor":18,"key":"PowerPotion"},{"floor":19,"key":"Explosive Potion"}],"is_trial":false,"path_per_floor":["M","?","$","M","M","R","M","R","T","R","E","?","R","M","R","B",null,"M","M","M","M"],"character_chosen":"DEFECT","items_purchased":["Conserve Battery"],"campfire_rested":1,"item_purchase_floors":[3],"current_hp_per_floor":[54,54,54,49,38,38,33,33,33,33,25,25,42,38,38,7,45,29,29,1,1],"gold":345,"neow_bonus":"REMOVE_TWO","is_prod":false,"is_daily":false,"chose_seed":false,"campfire_upgraded":4,"win_rate":0,"timestamp":1550854788,"path_taken":["M","?","$","M","M","R","M","R","T","R","E","?","R","M","R","BOSS","M","M","M","?"],"build_version":"2019-01-23","purchased_purges":1,"victory":false,"max_hp_per_floor":[64,58,58,58,58,58,58,58,58,58,58,58,58,58,58,58,58,58,58,58,58],"card_choices":[{"not_picked":["Stack","Steam"],"picked":"Consume","floor":1},{"not_picked":["FTL","Blizzard"],"picked":"Streamline","floor":4},{"not_picked":["Compile Driver","Leap"],"picked":"Darkness","floor":5},{"not_picked":["Beam Cell","Storm"],"picked":"Redo","floor":7},{"not_picked":["Redo","Double Energy","Cold Snap"],"picked":"SKIP","floor":11},{"not_picked":["Compile Driver","Gash"],"picked":"Chill","floor":14},{"not_picked":["Fission","Meteor Strike"],"picked":"Rainbow","floor":16},{"not_picked":["Beam Cell"],"picked":"SKIP","floor":18},{"not_picked":["Ball Lightning"],"picked":"SKIP","floor":19},{"not_picked":[],"picked":"Steam","floor":20}],"player_experience":825642,"relics_obtained":[{"floor":9,"key":"Bag of Marbles"},{"floor":11,"key":"PreservedInsect"}],"event_choices":[{"damage_healed":0,"gold_gain":0,"player_choice":"Lose Max HP","damage_taken":0,"relics_obtained":["Golden Idol"],"max_hp_gain":0,"max_hp_loss":6,"event_name":"Golden Idol","floor":2,"gold_loss":0},{"damage_healed":0,"gold_gain":0,"player_choice":"Forge","damage_taken":0,"max_hp_gain":0,"max_hp_loss":0,"event_name":"Accursed Blacksmith","floor":12,"gold_loss":0,"cards_upgraded":["Redo"]}],"is_beta":false,"boss_relics":[{"not_picked":["Orrery","Coffee Dripper"],"picked":"Busted Crown"}],"items_purged_floors":[3],"is_endless":false,"potions_floor_spawned":[5,7,16,18,19],"killed_by":"Snake Plant","ascension_level":17}