{"path_per_floor":["M","?","?","?","?","E","M","M","T","R","E","T","R","$","R","B",null,"M","M","?","?","?","R"],"character_chosen":"DEFECT","items_purchased":["Happy Flower","Gash","Hello World","Scrape"],"gold_per_floor":[17,17,77,47,122,152,168,183,208,208,239,318,318,10,10,83,83,95,109,109,34,34,34,34],"floor_reached":24,"campfire_rested":3,"playtime":1200,"item_purchase_floors":[14,14,14,14],"current_hp_per_floor":[63,63,63,63,52,8,3,1,1,22,9,9,30,30,30,18,58,56,40,40,40,27,49,0],"items_purged":[],"gold":34,"score":340,"play_id":"18154f51-a979-4b04-a3d3-ea8462edd94b","local_time":"20180612034505","is_prod":false,"is_daily":false,"chose_seed":false,"is_ascension_mode":true,"campfire_upgraded":1,"win_rate":0,"timestamp":1528767905,"campfire_choices":[{"floor":10,"key":"REST"},{"floor":13,"key":"REST"},{"data":"Zap","floor":15,"key":"SMITH"},{"floor":23,"key":"REST"}],"path_taken":["M","?","?","?","?","E","M","M","T","R","E","?","R","$","R","BOSS","M","M","?","?","?","R","E"],"build_version":"2018-06-07v3","seed_source_timestamp":309921637177187,"purchased_purges":0,"victory":false,"master_deck":["Strike_B","Strike_B","Defend_B","Defend_B","Defend_B","Defend_B","Dualcast","AscendersBane","Core Surge","Genetic Algorithm","Go for the Eyes","White Noise","Coolheaded","BootSequence","Gash","Hello World","Scrape","Core Surge","Hologram","Gash","Zap","RitualDagger"],"max_hp_per_floor":[71,71,71,71,71,71,71,71,71,71,71,71,71,71,71,71,71,71,71,71,71,76,76,76],"relics":["Cracked Core","Lantern","Bag of Marbles","Ancient Tea Set","Matryoshka","Happy Flower","Cursed Key"],"card_choices":[{"not_picked":["Buffer","Thunder Strike"],"picked":"Core Surge","floor":0},{"not_picked":["Go for the Eyes","Barrage"],"picked":"Genetic Algorithm","floor":1},{"not_picked":["Heatsinks","Turbo"],"picked":"Go for the Eyes","floor":6},{"not_picked":["Redo","Hello World"],"picked":"White Noise","floor":7},{"not_picked":["Capacitor","Barrage"],"picked":"Coolheaded","floor":8},{"not_picked":["Auto Shields","Ball Lightning"],"picked":"BootSequence","floor":11},{"not_picked":["Multi-Cast","Reboot"],"picked":"Core Surge","floor":16},{"not_picked":["Coolheaded","Reprogram"],"picked":"Hologram","floor":18},{"not_picked":["Conserve Battery","Double Energy+1"],"picked":"Gash","floor":19}],"player_experience":523038,"potions_floor_usage":[6,11,11],"damage_taken":[{"damage":1,"enemies":"Cultist","floor":1,"turns":3},{"damage":44,"enemies":"Lagavulin","floor":6,"turns":9},{"damage":5,"enemies":"Small Slimes","floor":7,"turns":3},{"damage":2,"enemies":"2 Louse","floor":8,"turns":2},{"damage":13,"enemies":"3 Sentries","floor":11,"turns":6},{"damage":12,"enemies":"The Guardian","floor":16,"turns":13},{"damage":2,"enemies":"Spheric Guardian","floor":18,"turns":4},{"damage":23,"enemies":"Chosen","floor":19,"turns":6},{"damage":60,"enemies":"Slavers","floor":24,"turns":4}],"relics_obtained":[{"floor":6,"key":"Lantern"},{"floor":9,"key":"Bag of Marbles"},{"floor":11,"key":"Ancient Tea Set"},{"floor":12,"key":"Matryoshka"}],"event_choices":[{"event_name":"Purifier","player_choice":"One Purge","floor":2,"damage_taken":0},{"event_name":"Golden Wing","player_choice":"Gained Gold","floor":3,"damage_taken":0},{"event_name":"The Woman in Blue","player_choice":"Bought 2 Potions","floor":4,"damage_taken":0},{"event_name":"World of Goop","player_choice":"Gather Gold","floor":5,"damage_taken":0},{"event_name":"Nest","player_choice":"Joined the Cult","floor":20,"damage_taken":0},{"event_name":"Beggar","player_choice":"Gave Gold","floor":21,"damage_taken":0},{"event_name":"Forgotten Altar","player_choice":"Shed Blood","floor":22,"damage_taken":0}],"boss_relics":[{"not_picked":["Philosopher\u0027s Stone","Snecko Eye"],"picked":"Cursed Key"}],"items_purged_floors":[],"potions_floor_spawned":[6,7,16],"seed_played":"3093518335853478393","killed_by":"Slavers","ascension_level":14,"potions_obtained":[{"floor":4,"key":"Explosive Potion"},{"floor":4,"key":"PowerPotion"},{"floor":6,"key":"FearPotion"},{"floor":7,"key":"SkillPotion"},{"floor":16,"key":"Strength Potion"}],"is_trial":false}