{"gold_per_floor":[117,141,160,160,176,176,193,368,392,404,404,132,132,158,158,254,254,273,198,198,198,214,214,114,114,160,160,177,177,52,71,71,170,170,189,39,58,76,95,95,130,130,130,150,150,176,176,193,193,193],"floor_reached":51,"playtime":1085,"items_purged":["Doubt","Shame","Strike_R","Strike_R"],"score":795,"play_id":"693f2a39-2233-48e2-9548-3cfb13ec082f","local_time":"20190303162400","is_ascension_mode":false,"campfire_choices":[{"data":"Searing Blow","floor":6.0,"key":"SMITH"},{"data":"Searing Blow+1","floor":11.0,"key":"SMITH"},{"data":"Searing Blow+2","floor":13.0,"key":"SMITH"},{"data":"Searing Blow+3","floor":15.0,"key":"SMITH"},{"data":"Searing Blow+4","floor":23.0,"key":"SMITH"},{"data":"Searing Blow+5","floor":25.0,"key":"SMITH"},{"data":"Searing Blow+6","floor":27.0,"key":"SMITH"},{"data":"Searing Blow+7","floor":32.0,"key":"SMITH"},{"data":"Searing Blow+8","floor":40,"key":"SMITH"},{"data":"Searing Blow+9","floor":42,"key":"SMITH"},{"data":"Searing Blow+11","floor":47,"key":"SMITH"},{"data":"Searing Blow+12","floor":49,"key":"SMITH"}],"neow_cost":"NONE","seed_source_timestamp":4054906502248,"circlet_count":0,"master_deck":["Strike_R+1","Strike_R+1","Defend_R+1","Defend_R+1","Defend_R+1","Defend_R+1","Bash+1","Infernal Blade+1","Flame Barrier+1","Intimidate+1","Searing Blow+13","Fiend Fire+1","Armaments+1","Offering+1","Armaments+1","Offering+1","True Grit+1","Immolate+1","Whirlwind+1","Armaments+1"],"special_seed":0,"relics":["Burning Blood","Bag of Preparation","PreservedInsect","Potion Belt","Velvet Choker","Blood Vial","Bronze Scales","Busted Crown","Blue Candle","Meat on the Bone","Mark of the Bloom","Juzu Bracelet"],"potions_floor_usage":[33,33,33,50,50,50,50],"damage_taken":[{"damage":1.0,"enemies":"Cultist","floor":1.0,"turns":3.0},{"damage":0.0,"enemies":"Small Slimes","floor":3.0,"turns":5.0},{"damage":0.0,"enemies":"2 Louse","floor":5.0,"turns":3.0},{"damage":7.0,"enemies":"Blue Slaver","floor":7.0,"turns":5.0},{"damage":8.0,"enemies":"Exordium Thugs","floor":10.0,"turns":5.0},{"damage":37.0,"enemies":"Hexaghost","floor":16.0,"turns":11.0},{"damage":6.0,"enemies":"Chosen","floor":18.0,"turns":3.0},{"damage":6.0,"enemies":"2 Thieves","floor":22.0,"turns":3.0},{"damage":12.0,"enemies":"3 Cultists","floor":28.0,"turns":4.0},{"damage":12.0,"enemies":"Cultist and Chosen","floor":31.0,"turns":3.0},{"damage":31,"enemies":"Collector","floor":33,"turns":5},{"damage":0,"enemies":"Orb Walker","floor":35,"turns":1},{"damage":6,"enemies":"3 Shapes","floor":37,"turns":3},{"damage":12,"enemies":"Spire Growth","floor":38,"turns":2},{"damage":6,"enemies":"Sphere and 2 Shapes","floor":39,"turns":5},{"damage":20,"enemies":"Giant Head","floor":41,"turns":5},{"damage":12,"enemies":"3 Darklings","floor":44,"turns":1},{"damage":0,"enemies":"Reptomancer","floor":46,"turns":1},{"damage":6,"enemies":"4 Shapes","floor":48,"turns":3},{"damage":0,"enemies":"Donu and Deca","floor":50,"turns":3}],"seed_played":"-8089777328858426439","potions_obtained":[{"floor":3.0,"key":"SkillPotion"},{"floor":5.0,"key":"Weak Potion"},{"floor":7.0,"key":"PowerPotion"},{"floor":10.0,"key":"Block Potion"},{"floor":16.0,"key":"EssenceOfSteel"},{"floor":28.0,"key":"EssenceOfSteel"},{"floor":33,"key":"SkillPotion"},{"floor":35,"key":"Strength Potion"},{"floor":38,"key":"GamblersBrew"},{"floor":44,"key":"SkillPotion"},{"floor":48,"key":"SteroidPotion"}],"is_trial":false,"path_per_floor":["M","T","M","?","M","R","M","?","T","M","R","$","R","T","R","B",null,"M","?","?","?","M","R","$","R","T","R","M","?","$","M","R","B",null,"M","$","M","M","M","R","E","R","T","M","?","E","R","M","R","B",null],"character_chosen":"IRONCLAD","items_purchased":["Offering","Armaments"],"campfire_rested":0,"item_purchase_floors":[12,12],"current_hp_per_floor":[80,80,80,80,80,80,79,79,79,77,77,77,77,77,77,46,80,80,80,80,80,80,80,80,80,80,80,74,59,59,55,55,32,85,85,85,85,79,81,81,69,69,69,65,65,65,65,59,59,59],"gold":193,"neow_bonus":"THREE_CARDS","is_prod":false,"is_daily":false,"chose_seed":false,"campfire_upgraded":12,"win_rate":0,"timestamp":1551651840,"path_taken":["M","?","M","?","M","R","M","?","T","?","R","$","R","?","R","BOSS","M","?","?","?","M","R","$","R","T","R","M","?","$","?","R","BOSS","M","$","M","M","M","R","E","R","T","M","?","E","R","M","R","BOSS"],"build_version":"2019-01-23","purchased_purges":4,"victory":true,"max_hp_per_floor":[80,80,80,80,80,80,80,80,80,80,80,80,80,80,80,80,80,80,80,80,80,80,80,80,80,80,80,80,85,85,85,85,85,85,85,85,85,85,85,85,85,85,85,85,85,85,85,85,85,85],"card_choices":[{"not_picked":["Heavy Blade","Headbutt"],"picked":"Infernal Blade","floor":0.0},{"not_picked":["Headbutt","Havoc"],"picked":"Flame Barrier","floor":1.0},{"not_picked":["Iron Wave","Sentinel"],"picked":"Intimidate","floor":3.0},{"not_picked":["True Grit","Body Slam"],"picked":"Searing Blow","floor":5.0},{"not_picked":["Anger","Twin Strike"],"picked":"Fiend Fire","floor":7.0},{"not_picked":["Bloodletting","Sword Boomerang"],"picked":"Armaments","floor":10.0},{"not_picked":["Berserk","Fiend Fire"],"picked":"Offering","floor":16.0},{"not_picked":["Bloodletting","Blood for Blood"],"picked":"True Grit+1","floor":18.0},{"not_picked":["Heavy Blade","Inflame+1","Body Slam"],"picked":"SKIP","floor":22.0},{"not_picked":["Heavy Blade","Inflame+1","Body Slam"],"picked":"SKIP","floor":22.0},{"not_picked":["Wild Strike","Cleave+1","Heavy Blade+1"],"picked":"SKIP","floor":28.0},{"not_picked":["Seeing Red","Perfected Strike","Bludgeon"],"picked":"SKIP","floor":31.0},{"not_picked":["Demon Form","Barricade"],"picked":"Immolate","floor":33},{"not_picked":["Clash"],"picked":"SKIP","floor":35},{"not_picked":[],"picked":"Whirlwind+1","floor":37},{"not_picked":["Armaments"],"picked":"SKIP","floor":38},{"not_picked":[],"picked":"Armaments","floor":38},{"not_picked":["Headbutt"],"picked":"SKIP","floor":39},{"not_picked":["Clothesline"],"picked":"SKIP","floor":41},{"not_picked":["Whirlwind+1"],"picked":"SKIP","floor":44},{"not_picked":["Cleave+1"],"picked":"SKIP","floor":46},{"not_picked":["Metallicize"],"picked":"SKIP","floor":48}],"player_experience":975055,"relics_obtained":[{"floor":2.0,"key":"Bag of Preparation"},{"floor":9.0,"key":"PreservedInsect"},{"floor":14.0,"key":"Potion Belt"},{"floor":26.0,"key":"Bronze Scales"},{"floor":41,"key":"Blue Candle"},{"floor":43,"key":"Meat on the Bone"},{"floor":46,"key":"Juzu Bracelet"}],"event_choices":[{"damage_healed":0.0,"max_hp_gain":0.0,"max_hp_loss":0.0,"gold_gain":0.0,"event_name":"Living Wall","player_choice":"Grow","floor":4.0,"gold_loss":0.0,"damage_taken":0.0,"cards_upgraded":["Intimidate"]},{"damage_healed":0.0,"max_hp_gain":0.0,"max_hp_loss":0.0,"gold_gain":175.0,"event_name":"Liars Game","player_choice":"AGREE","floor":8.0,"gold_loss":0.0,"damage_taken":0.0,"cards_obtained":["Doubt"]},{"cards_removed":["Strike_R"],"damage_healed":0.0,"max_hp_gain":0.0,"max_hp_loss":0.0,"gold_gain":0.0,"event_name":"Beggar","player_choice":"Gave Gold","floor":19.0,"gold_loss":75.0,"damage_taken":0.0},{"damage_healed":0.0,"max_hp_gain":0.0,"max_hp_loss":0.0,"gold_gain":0.0,"event_name":"Vampires","player_choice":"Ignored","floor":20.0,"gold_loss":0.0,"damage_taken":0.0},{"damage_healed":0.0,"max_hp_gain":0.0,"max_hp_loss":0.0,"gold_gain":0.0,"event_name":"Addict","player_choice":"Stole Relic","floor":21.0,"gold_loss":0.0,"damage_taken":0.0,"relics_obtained":["Blood Vial"],"cards_obtained":["Shame"]},{"damage_healed":0.0,"max_hp_gain":5.0,"max_hp_loss":0.0,"gold_gain":0.0,"event_name":"Forgotten Altar","player_choice":"Shed Blood","floor":29.0,"gold_loss":0.0,"damage_taken":20.0},{"damage_healed":0,"gold_gain":0,"player_choice":"Upgrade","damage_taken":0,"relics_obtained":["Mark of the Bloom"],"max_hp_gain":0,"max_hp_loss":0,"event_name":"MindBloom","floor":45,"gold_loss":0,"cards_upgraded":["Strike_R","Strike_R","Defend_R","Defend_R","Defend_R","Defend_R","Bash","Infernal Blade","Flame Barrier","Searing Blow","Fiend Fire","Armaments","Offering","Armaments","Offering","Immolate","Armaments"]}],"is_beta":false,"boss_relics":[{"not_picked":["Runic Cube","Lizard Tail"],"picked":"Velvet Choker"},{"not_picked":["Empty Cage","Orrery"],"picked":"Busted Crown"}],"items_purged_floors":[12,24,30,36],"is_endless":false,"potions_floor_spawned":[3,5,7,10,16,28,33,35,38,44,48],"ascension_level":0}