{"gold_per_floor":[114,131,149,68,88,113,113,139,151,163,175,213,237,266,278,290],"floor_reached":16,"playtime":449,"items_purged":[],"score":220,"play_id":"ab7c8d10-5056-4e11-9949-ddd8feaa1db7","local_time":"20190214130454","is_ascension_mode":true,"campfire_choices":[{"data":"Zap","floor":7,"key":"SMITH"},{"floor":10,"key":"REST"},{"data":"Sunder","floor":15,"key":"SMITH"}],"neow_cost":"NONE","seed_source_timestamp":12165346708636,"circlet_count":0,"master_deck":["AscendersBane","Strike_B","Strike_B","Strike_B","Strike_B","Defend_B","Defend_B","Defend_B","Defend_B","Zap+1","Dualcast","Melter","Gash","Core Surge","Sunder+1","Stack","Cold Snap","Parasite","Auto Shields","Leap"],"relics":["Cracked Core","Blue Candle","MawBank","Letter Opener","Mummified Hand"],"potions_floor_usage":[8],"damage_taken":[{"damage":0,"enemies":"Small Slimes","floor":1,"turns":4},{"damage":4,"enemies":"Jaw Worm","floor":2,"turns":3},{"damage":1,"enemies":"2 Louse","floor":3,"turns":3},{"damage":11,"enemies":"Blue Slaver","floor":5,"turns":3},{"damage":23,"enemies":"Gremlin Nob","floor":6,"turns":4},{"damage":24,"enemies":"Lagavulin","floor":8,"turns":6},{"damage":14,"enemies":"Gremlin Nob","floor":12,"turns":4},{"damage":5,"enemies":"Large Slime","floor":13,"turns":6},{"damage":7,"enemies":"Exordium Thugs","floor":14,"turns":4},{"damage":36,"enemies":"Slime Boss","floor":16,"turns":3}],"seed_played":"497544717871820082","potions_obtained":[{"floor":1,"key":"Dexterity Potion"},{"floor":6,"key":"Weak Potion"},{"floor":12,"key":"LiquidBronze"}],"is_trial":false,"path_per_floor":["M","M","M","$","M","E","R","E","T","R","?","E","M","M","R","B"],"character_chosen":"DEFECT","items_purchased":["Sunder"],"campfire_rested":1,"item_purchase_floors":[4],"current_hp_per_floor":[71,67,66,66,55,32,32,8,8,31,50,36,31,24,24,0],"gold":290,"neow_bonus":"TEN_PERCENT_HP_BONUS","is_prod":false,"is_daily":false,"chose_seed":false,"campfire_upgraded":2,"win_rate":0,"timestamp":1550117094,"path_taken":["M","M","M","$","M","E","R","E","T","R","?","E","M","M","R","BOSS"],"build_version":"2019-01-23","purchased_purges":0,"victory":false,"max_hp_per_floor":[78,78,78,78,78,78,78,78,78,78,78,78,78,78,78,78],"card_choices":[{"not_picked":["Coolheaded","Streamline"],"picked":"Melter","floor":1},{"not_picked":["White Noise","Streamline"],"picked":"Gash","floor":2},{"not_picked":["Cold Snap","Stack"],"picked":"Core Surge","floor":3},{"not_picked":["Hologram","Steam"],"picked":"Stack","floor":5},{"not_picked":["Fusion","Streamline"],"picked":"Cold Snap","floor":6},{"not_picked":["Blizzard","Thunder Strike","Aggregate"],"picked":"SKIP","floor":8},{"not_picked":["Sweeping Beam","Force Field","Reinforced Body"],"picked":"SKIP","floor":12},{"not_picked":["Conserve Battery","Coolheaded"],"picked":"Auto Shields","floor":13},{"not_picked":["Streamline","Steam Power"],"picked":"Leap","floor":14}],"player_experience":350197,"relics_obtained":[{"floor":6,"key":"Blue Candle"},{"floor":8,"key":"MawBank"},{"floor":9,"key":"Letter Opener"},{"floor":12,"key":"Mummified Hand"}],"event_choices":[{"damage_healed":19,"gold_gain":0,"player_choice":"Healed and dodged fight","damage_taken":0,"max_hp_gain":0,"max_hp_loss":0,"event_name":"Mushrooms","floor":11,"gold_loss":0,"cards_obtained":["Parasite"]}],"is_beta":false,"boss_relics":[],"items_purged_floors":[],"is_endless":false,"potions_floor_spawned":[1,6,12],"killed_by":"Slime Boss","ascension_level":16}