{"gold_per_floor":[99,99,99,99,59,59,59,59,59,59,59,59,59,59,59,59],"floor_reached":16,"playtime":716,"items_purged":[],"score":204,"play_id":"953284a6-7234-4c81-aa26-d7dee5d1d806","local_time":"20190224230139","is_ascension_mode":true,"campfire_choices":[{"data":"Neutralize","floor":6,"key":"SMITH"},{"data":"Outmaneuver","floor":8,"key":"SMITH"},{"data":"Predator","floor":10,"key":"SMITH"},{"data":"Dodge and Roll","floor":15,"key":"SMITH"}],"neow_cost":"NONE","seed_source_timestamp":2832196163643201,"circlet_count":0,"master_deck":["AscendersBane","Defend_G","Defend_G","Defend_G","Defend_G","Defend_G","Strike_G","Strike_G","Strike_G","Strike_G","Strike_G","Survivor","Neutralize+1","Choke","Acrobatics","Backflip","Predator+1","Outmaneuver+1","Dodge and Roll+1"],"relics":["Ectoplasm","Unceasing Top","Mercury Hourglass","Odd Mushroom","PreservedInsect"],"potions_floor_usage":[7,7,16],"damage_taken":[{"damage":4,"enemies":"Jaw Worm","floor":1,"turns":5},{"damage":0,"enemies":"Cultist","floor":2,"turns":4},{"damage":0,"enemies":"2 Louse","floor":4,"turns":2},{"damage":1,"enemies":"Looter","floor":5,"turns":3},{"damage":6,"enemies":"Lagavulin","floor":7,"turns":8},{"damage":0,"enemies":"The Mushroom Lair","floor":11,"turns":3},{"damage":0,"enemies":"Blue Slaver","floor":13,"turns":2},{"damage":7,"enemies":"3 Louse","floor":14,"turns":3},{"damage":44,"enemies":"Slime Boss","floor":16,"turns":10}],"seed_played":"-5339167816486201628","potions_obtained":[{"floor":4,"key":"Dexterity Potion"},{"floor":5,"key":"EssenceOfSteel"},{"floor":14,"key":"GamblersBrew"}],"is_trial":false,"path_per_floor":["M","M","$","M","M","R","E","R","T","R","?","T","M","M","R","B"],"character_chosen":"THE_SILENT","items_purchased":[],"campfire_rested":0,"item_purchase_floors":[],"current_hp_per_floor":[55,55,55,55,54,54,48,48,48,48,48,48,48,41,41,0],"gold":59,"neow_bonus":"BOSS_RELIC","is_prod":false,"is_daily":false,"chose_seed":false,"campfire_upgraded":4,"win_rate":0,"timestamp":1551070899,"path_taken":["M","M","$","M","M","R","E","R","T","R","?","?","?","M","R","BOSS"],"build_version":"2019-02-06","purchased_purges":0,"victory":false,"max_hp_per_floor":[66,66,66,66,66,66,66,66,66,66,66,66,66,66,66,66],"card_choices":[{"not_picked":["Dagger Spray","Masterful Stab"],"picked":"Choke","floor":1},{"not_picked":["Flying Knee","Concentrate"],"picked":"Acrobatics","floor":2},{"not_picked":["Sucker Punch","Underhanded Strike"],"picked":"Backflip","floor":4},{"not_picked":["Deflect","Well Laid Plans"],"picked":"Predator","floor":5},{"not_picked":["Dagger Throw","Blade Dance"],"picked":"Outmaneuver","floor":7},{"not_picked":["Distraction","Deadly Poison","Dagger Throw"],"picked":"SKIP","floor":13},{"not_picked":["Heel Hook","Deadly Poison"],"picked":"Dodge and Roll","floor":14}],"player_experience":845179,"relics_obtained":[{"floor":7,"key":"Unceasing Top"},{"floor":9,"key":"Mercury Hourglass"},{"floor":11,"key":"Odd Mushroom"},{"floor":12,"key":"PreservedInsect"}],"event_choices":[{"damage_healed":0,"gold_gain":0,"player_choice":"Fought Mushrooms","damage_taken":0,"max_hp_gain":0,"max_hp_loss":0,"event_name":"Mushrooms","floor":11,"gold_loss":0}],"is_beta":true,"boss_relics":[],"items_purged_floors":[],"is_endless":false,"potions_floor_spawned":[4,5,14],"killed_by":"Slime Boss","ascension_level":20}