{"gold_per_floor":[117,117,67,44,63,63,90,90,90,115,135,170,194,216,228,335,347,372,395,407,419,54,54,88,88,114,133,133,133,164,176,176,278,278,296,0,0,0,18,18,32,32,55,55,67,67,67],"floor_reached":48,"playtime":1800,"items_purged":["Strike_R"],"score":761,"play_id":"d8c182fd-2430-437e-8ce1-9bda019279e1","local_time":"20190208110624","is_ascension_mode":false,"campfire_choices":[{"data":"Clothesline","floor":6,"key":"SMITH"},{"data":"Wild Strike","floor":8,"key":"SMITH"},{"floor":15,"key":"REST"},{"data":"Armaments","floor":23,"key":"SMITH"},{"data":"1","floor":25,"key":"LIFT"},{"data":"2","floor":28,"key":"LIFT"},{"data":"3","floor":32,"key":"LIFT"},{"data":"Cleave","floor":40,"key":"SMITH"},{"data":"Bash","floor":42,"key":"SMITH"},{"data":"Iron Wave","floor":44,"key":"SMITH"}],"neow_cost":"NONE","seed_source_timestamp":1851775228183788,"circlet_count":0,"master_deck":["Defend_R","Defend_R","Defend_R","Defend_R","Bash+1","Clothesline+1","Cleave+1","Iron Wave+1","Armaments+1","Bite","Bite","Bite","Bite","Bite","Flex+1","Iron Wave+1","Cleave+1","Shrug It Off+1","Pommel Strike"],"relics":["Runic Pyramid","Self Forming Clay","Matryoshka","Bronze Scales","MawBank","Sozu","Sundial","Girya","Vajra","Happy Flower","Boot","WingedGreaves","Philosopher\u0027s Stone","Magic Flower","Orichalcum","Dream Catcher"],"potions_floor_usage":[13,16,30,47],"damage_taken":[{"damage":4,"enemies":"Cultist","floor":1,"turns":4},{"damage":0,"enemies":"2 Louse","floor":5,"turns":3},{"damage":18,"enemies":"Gremlin Nob","floor":7,"turns":4},{"damage":23,"enemies":"Lagavulin","floor":10,"turns":5},{"damage":0,"enemies":"Small Slimes","floor":11,"turns":2},{"damage":18,"enemies":"3 Sentries","floor":12,"turns":8},{"damage":4,"enemies":"Exordium Wildlife","floor":13,"turns":4},{"damage":5,"enemies":"2 Fungi Beasts","floor":14,"turns":3},{"damage":25,"enemies":"Slime Boss","floor":16,"turns":14},{"damage":3,"enemies":"Shell Parasite","floor":18,"turns":7},{"damage":22,"enemies":"2 Thieves","floor":19,"turns":4},{"damage":14,"enemies":"Gremlin Leader","floor":24,"turns":7},{"damage":4,"enemies":"3 Cultists","floor":27,"turns":5},{"damage":22,"enemies":"Slavers","floor":30,"turns":5},{"damage":5,"enemies":"Chosen and Byrds","floor":31,"turns":5},{"damage":65,"enemies":"Automaton","floor":33,"turns":11},{"damage":7,"enemies":"Orb Walker","floor":35,"turns":3},{"damage":0,"enemies":"3 Shapes","floor":39,"turns":3},{"damage":13,"enemies":"3 Darklings","floor":41,"turns":2},{"damage":7,"enemies":"4 Shapes","floor":45,"turns":4},{"damage":41,"enemies":"Awakened One","floor":47,"turns":13}],"seed_played":"-7096920882658377407","potions_obtained":[{"floor":7,"key":"Dexterity Potion"},{"floor":10,"key":"Strength Potion"},{"floor":12,"key":"Regen Potion"},{"floor":13,"key":"Strength Potion"}],"is_trial":false,"path_per_floor":["M","?","?","$","M","R","E","R","T","E","M","E","M","M","R","B",null,"M","M","?","?","$","R","E","R","T","M","R","?","E","M","R","B",null,"M","$","?","$","M","R","M","R","T","R","M","?","B",null],"character_chosen":"IRONCLAD","items_purchased":["Wild Strike","Girya","Magic Flower"],"campfire_rested":1,"item_purchase_floors":[4,22,36],"current_hp_per_floor":[76,81,81,81,81,81,63,63,63,40,40,22,27,22,47,22,85,82,60,60,60,60,60,46,46,46,42,42,42,33,42,42,28,59,56,56,59,59,59,59,51,51,51,51,52,52,59],"gold":67,"neow_bonus":"BOSS_RELIC","is_prod":false,"is_daily":false,"chose_seed":false,"campfire_upgraded":6,"win_rate":0,"timestamp":1549641984,"path_taken":["M","?","?","$","M","R","E","R","T","E","M","E","M","M","R","BOSS","M","M","?","?","$","R","E","R","T","M","R","?","E","M","R","BOSS","M","$","?","$","?","R","M","R","T","R","M","?","BOSS"],"build_version":"2019-01-23","purchased_purges":1,"victory":true,"max_hp_per_floor":[80,85,85,85,85,85,85,85,85,85,85,85,85,85,85,85,85,85,85,85,85,85,85,85,85,85,85,85,59,59,59,59,59,59,59,59,59,59,59,59,59,59,59,59,59,59,59],"card_choices":[{"not_picked":["Iron Wave","Perfected Strike"],"picked":"Clothesline","floor":1},{"not_picked":["Body Slam","Seeing Red","Pommel Strike"],"picked":"SKIP","floor":5},{"not_picked":["Corruption","Havoc","Metallicize"],"picked":"SKIP","floor":7},{"not_picked":["Flex","Second Wind","Thunderclap"],"picked":"SKIP","floor":10},{"not_picked":["Sword Boomerang","Dual Wield","Warcry"],"picked":"SKIP","floor":11},{"not_picked":["Headbutt","Perfected Strike"],"picked":"Cleave","floor":12},{"not_picked":["Dropkick","Immolate","Havoc"],"picked":"SKIP","floor":13},{"not_picked":["Body Slam","Iron Wave","Sword Boomerang"],"picked":"SKIP","floor":14},{"not_picked":["Thunderclap","Body Slam","Clash"],"picked":"SKIP","floor":18},{"not_picked":["Reckless Charge","Clash"],"picked":"Iron Wave","floor":19},{"not_picked":["Feel No Pain","Searing Blow","Clash+1"],"picked":"SKIP","floor":24},{"not_picked":["Heavy Blade+1","Metallicize","Warcry"],"picked":"SKIP","floor":27},{"not_picked":["Power Through+1","Sword Boomerang+1"],"picked":"Flex+1","floor":30},{"not_picked":["Seeing Red","Sword Boomerang+1","Power Through"],"picked":"SKIP","floor":31},{"not_picked":["Sword Boomerang+1","Anger"],"picked":"Iron Wave+1","floor":35},{"not_picked":["Bloodletting+1","Wild Strike"],"picked":"Cleave+1","floor":39},{"not_picked":["Body Slam+1","Juggernaut"],"picked":"Shrug It Off+1","floor":41},{"not_picked":["Reckless Charge+1","Cleave+1"],"picked":"Pommel Strike","floor":45}],"player_experience":701285,"relics_obtained":[{"floor":7,"key":"Self Forming Clay"},{"floor":9,"key":"Matryoshka"},{"floor":10,"key":"Bronze Scales"},{"floor":12,"key":"MawBank"},{"floor":24,"key":"Vajra"},{"floor":26,"key":"Happy Flower"},{"floor":26,"key":"Boot"},{"floor":30,"key":"WingedGreaves"},{"floor":43,"key":"Orichalcum"},{"floor":43,"key":"Dream Catcher"}],"event_choices":[{"damage_healed":0,"gold_gain":0,"player_choice":"Donut","damage_taken":0,"max_hp_gain":5,"max_hp_loss":0,"event_name":"Big Fish","floor":2,"gold_loss":0},{"cards_removed":["Strike_R"],"damage_healed":0,"gold_gain":0,"player_choice":"Card Removal","damage_taken":0,"max_hp_gain":0,"max_hp_loss":0,"event_name":"The Cleric","floor":3,"gold_loss":50},{"damage_healed":0,"gold_gain":0,"player_choice":"Opened","damage_taken":0,"relics_obtained":["Sundial"],"max_hp_gain":0,"max_hp_loss":0,"event_name":"The Mausoleum","floor":20,"gold_loss":0},{"damage_healed":0,"gold_gain":0,"player_choice":"Read","damage_taken":0,"max_hp_gain":0,"max_hp_loss":0,"event_name":"The Library","floor":21,"gold_loss":0,"cards_obtained":["Armaments"]},{"damage_healed":0,"gold_gain":0,"player_choice":"Became a vampire","damage_taken":0,"max_hp_gain":0,"max_hp_loss":26,"event_name":"Vampires","floor":29,"gold_loss":0,"cards_obtained":["Bite","Bite","Bite","Bite","Bite"]},{"cards_removed":["Wild Strike"],"damage_healed":5,"gold_gain":0,"player_choice":"Offered Common","damage_taken":0,"max_hp_gain":0,"max_hp_loss":0,"event_name":"Bonfire Elementals","floor":37,"gold_loss":0},{"cards_removed":["Wild Strike"],"damage_healed":5,"gold_gain":0,"player_choice":"Offered Special","damage_taken":0,"max_hp_gain":0,"max_hp_loss":0,"event_name":"Bonfire Elementals","floor":37,"gold_loss":0},{"damage_healed":0,"gold_gain":0,"player_choice":"Took Portal","damage_taken":0,"max_hp_gain":0,"max_hp_loss":0,"event_name":"SecretPortal","floor":46,"gold_loss":0}],"is_beta":false,"boss_relics":[{"not_picked":["Mark of Pain","Runic Cube"],"picked":"Sozu"},{"not_picked":["Pandora\u0027s Box","Calling Bell"],"picked":"Philosopher\u0027s Stone"}],"items_purged_floors":[22],"is_endless":false,"potions_floor_spawned":[7,10,12,13,24,33,41],"ascension_level":0}