{"gold_per_floor":[19,19,94,114,134,134,166,181,208,57,27],"floor_reached":11,"playtime":389,"items_purged":[],"score":113,"play_id":"43fd4839-a11b-4928-94fc-0584bb42591a","local_time":"20190127212157","is_ascension_mode":true,"campfire_choices":[{"data":"Zap","floor":6,"key":"SMITH"}],"neow_cost":"NO_GOLD","seed_source_timestamp":853220223341835,"circlet_count":0,"master_deck":["AscendersBane","Strike_B+1","Strike_B","Strike_B","Strike_B+1","Defend_B","Defend_B","Defend_B","Defend_B","Zap+1","Dualcast","Double Energy","Fusion","Rebound","Defragment"],"relics":["Cracked Core","Ginger","Juzu Bracelet","Art of War","Whetstone","Vajra"],"potions_floor_usage":[7,7,11],"damage_taken":[{"damage":2,"enemies":"Jaw Worm","floor":1,"turns":3},{"damage":6,"enemies":"Cultist","floor":4,"turns":4},{"damage":5,"enemies":"2 Louse","floor":5,"turns":2},{"damage":25,"enemies":"Lagavulin","floor":7,"turns":6},{"damage":12,"enemies":"Red Slaver","floor":8,"turns":5},{"damage":7,"enemies":"Looter","floor":11,"turns":2}],"seed_played":"-2701219431772521059","potions_obtained":[{"floor":4,"key":"PowerPotion"},{"floor":5,"key":"PowerPotion"},{"floor":7,"key":"PowerPotion"},{"floor":8,"key":"Ancient Potion"}],"is_trial":false,"path_per_floor":["M","?","?","M","M","R","E","M","T","$","M"],"character_chosen":"DEFECT","items_purchased":["Vajra"],"campfire_rested":0,"item_purchase_floors":[10],"current_hp_per_floor":[66,66,55,49,44,44,19,7,7,7,0],"gold":27,"neow_bonus":"ONE_RARE_RELIC","is_prod":false,"is_daily":false,"chose_seed":false,"campfire_upgraded":1,"win_rate":0,"timestamp":1548642117,"path_taken":["M","?","?","M","M","R","E","M","T","$","M"],"build_version":"2019-01-23","purchased_purges":0,"victory":false,"max_hp_per_floor":[75,75,75,75,75,75,75,75,75,75,75],"card_choices":[{"not_picked":["Skim","Stack"],"picked":"Beam Cell","floor":1},{"not_picked":["Static Discharge","Rebound"],"picked":"Double Energy","floor":4},{"not_picked":["Beam Cell","Hello World"],"picked":"Fusion","floor":5},{"not_picked":["Coolheaded","Chaos"],"picked":"Rebound","floor":7},{"not_picked":["Coolheaded","Leap"],"picked":"Defragment","floor":8}],"player_experience":509350,"relics_obtained":[{"floor":7,"key":"Art of War"},{"floor":9,"key":"Whetstone"}],"event_choices":[{"cards_removed":["Beam Cell"],"damage_healed":0,"gold_gain":0,"player_choice":"Gave Card","damage_taken":0,"relics_obtained":["Juzu Bracelet"],"max_hp_gain":0,"max_hp_loss":0,"event_name":"WeMeetAgain","floor":2,"gold_loss":0},{"damage_healed":0,"gold_gain":75,"player_choice":"Gather Gold","damage_taken":11,"max_hp_gain":0,"max_hp_loss":0,"event_name":"World of Goop","floor":3,"gold_loss":0}],"is_beta":false,"boss_relics":[],"items_purged_floors":[],"is_endless":false,"potions_floor_spawned":[4,5,7,8],"killed_by":"Looter","ascension_level":11}