{"gold_per_floor":[111,128,128,128,128,128,154,171,171,197,211,59,77,94,94,195,195,205,219,37,136,165,165,165,190,262,282,282,282,282,310,310,413,413,425,425,66,113,9,9,35,35,35,45,58,86,26,26,26,26,26,26,26,60,60],"floor_reached":56,"playtime":3552,"items_purged":["Strike_B","Strike_B","Strike_B"],"score":1579,"play_id":"8f5e9090-074a-49e1-89b7-c9561455c94b","local_time":"20190305093100","is_ascension_mode":true,"campfire_choices":[{"data":"Zap","floor":6,"key":"SMITH"},{"data":"Defragment","floor":15,"key":"SMITH"},{"floor":23,"key":"REST"},{"data":"White Noise","floor":32,"key":"SMITH"},{"data":"Machine Learning","floor":40,"key":"SMITH"},{"data":"Capacitor","floor":42,"key":"SMITH"},{"floor":49,"key":"RECALL"},{"data":"Heatsinks","floor":52,"key":"SMITH"}],"neow_cost":"NONE","seed_source_timestamp":1354412732190565,"circlet_count":0,"master_deck":["Defend_B","Defend_B+1","Defend_B","Defend_B","Dualcast+1","Doom and Gloom","BootSequence","Capacitor","White Noise+1","Defragment+1","Sunder","Electrodynamics","Hologram","Heatsinks+1","Fission+1","Glacier","Go for the Eyes","Self Repair","Chill+1","Machine Learning+1","Bandage Up","Recycle","Capacitor+1","Storm+1","Defragment"],"relics":["Cracked Core","NeowsBlessing","Juzu Bracelet","Strawberry","Meat on the Bone","Mummified Hand","Runic Pyramid","Red Mask","Matryoshka","Sundial","DataDisk","Gremlin Horn","War Paint","Cables","Black Star","Membership Card","Orichalcum","Torii","Bottled Lightning","Bottled Flame","Centennial Puzzle","Potion Belt","Mango","Oddly Smooth Stone","FossilizedHelix"],"potions_floor_usage":[16,22,22,55,55,55,55],"damage_taken":[{"damage":0,"enemies":"Cultist","floor":1,"turns":1},{"damage":0,"enemies":"Small Slimes","floor":2,"turns":1},{"damage":0,"enemies":"Gremlin Nob","floor":7,"turns":1},{"damage":2,"enemies":"Jaw Worm","floor":8,"turns":2},{"damage":15,"enemies":"Lagavulin","floor":10,"turns":6},{"damage":11,"enemies":"2 Fungi Beasts","floor":11,"turns":3},{"damage":3,"enemies":"Large Slime","floor":13,"turns":5},{"damage":1,"enemies":"Looter","floor":14,"turns":2},{"damage":28,"enemies":"Slime Boss","floor":16,"turns":5},{"damage":0,"enemies":"Chosen","floor":18,"turns":4},{"damage":24,"enemies":"2 Thieves","floor":19,"turns":3},{"damage":55,"enemies":"Masked Bandits","floor":22,"turns":5},{"damage":11,"enemies":"Book of Stabbing","floor":25,"turns":5},{"damage":9,"enemies":"Centurion and Healer","floor":27,"turns":3},{"damage":0,"enemies":"Gremlin Leader","floor":31,"turns":4},{"damage":12,"enemies":"Champ","floor":33,"turns":11},{"damage":0,"enemies":"Orb Walker","floor":35,"turns":3},{"damage":3,"enemies":"2 Orb Walkers","floor":38,"turns":4},{"damage":25,"enemies":"Nemesis","floor":41,"turns":5},{"damage":0,"enemies":"3 Shapes","floor":44,"turns":2},{"damage":12,"enemies":"Maw","floor":45,"turns":5},{"damage":1,"enemies":"Reptomancer","floor":46,"turns":4},{"damage":48,"enemies":"Awakened One","floor":50,"turns":7},{"damage":0,"enemies":"Shield and Spear","floor":54,"turns":3},{"damage":113,"enemies":"The Heart","floor":55,"turns":12}],"seed_played":"-832735944635661953","potions_obtained":[{"floor":2,"key":"Weak Potion"},{"floor":8,"key":"Regen Potion"},{"floor":11,"key":"Strength Potion"},{"floor":18,"key":"Dexterity Potion"},{"floor":25,"key":"FearPotion"},{"floor":33,"key":"Strength Potion"},{"floor":35,"key":"Fire Potion"},{"floor":44,"key":"Regen Potion"},{"floor":45,"key":"PowerPotion"},{"floor":54,"key":"Energy Potion"}],"is_trial":false,"path_per_floor":["M","M","?","T","?","R","E","M","T","E","M","$","M","M","R","B",null,"M","M","$","?","?","R","T","E","T","M","?","?","?","E","R","B",null,"M","?","$","?","$","R","E","R","T","M","M","E","?","?","R","B",null,"R","$","E","B",null],"character_chosen":"DEFECT","items_purchased":["Defragment","Heatsinks","Fission","Membership Card","Recycle","Orichalcum","Capacitor"],"campfire_rested":1,"item_purchase_floors":[12,20,20,37,37,37,39],"current_hp_per_floor":[75,75,60,60,60,60,67,65,65,50,51,51,48,47,47,40,82,82,58,58,58,15,39,39,40,40,43,34,34,34,53,53,60,82,82,82,82,82,82,82,68,68,68,68,67,91,91,91,91,66,96,96,96,96,21],"gold":60,"neow_bonus":"THREE_ENEMY_KILL","is_prod":false,"is_daily":false,"chose_seed":false,"campfire_upgraded":6,"win_rate":0,"timestamp":1551796260,"path_taken":["M","?","?","?","?","R","E","M","T","E","M","$","M","M","R","BOSS","M","M","$","?","?","R","?","E","T","M","?","?","?","E","R","BOSS","M","?","$","?","$","R","E","R","T","M","M","E","?","?","R","BOSS","R","$","E","BOSS"],"build_version":"2019-01-23","purchased_purges":3,"victory":true,"max_hp_per_floor":[75,75,75,75,75,75,82,82,82,82,82,82,82,82,82,82,82,82,82,82,82,82,82,82,82,82,82,82,82,82,82,82,82,82,82,82,82,82,82,82,82,82,82,82,82,96,96,96,96,96,96,96,96,96,96],"card_choices":[{"not_picked":["Sweeping Beam","Coolheaded"],"picked":"Doom and Gloom","floor":1},{"not_picked":["Coolheaded","White Noise"],"picked":"BootSequence","floor":2},{"not_picked":["Ball Lightning","Sweeping Beam"],"picked":"Capacitor","floor":7},{"not_picked":["Force Field","Blizzard","Hologram"],"picked":"SKIP","floor":8},{"not_picked":["Streamline","Chill"],"picked":"White Noise","floor":10},{"not_picked":["Hologram","Compile Driver","Undo"],"picked":"SKIP","floor":11},{"not_picked":["Scrape","Sweeping Beam"],"picked":"Sunder","floor":13},{"not_picked":["Rebound","Sweeping Beam","Ball Lightning"],"picked":"SKIP","floor":14},{"not_picked":["Fission","Biased Cognition"],"picked":"Electrodynamics","floor":16},{"not_picked":["Beam Cell","Redo","Lockon"],"picked":"SKIP","floor":18},{"not_picked":["Chaos","Beam Cell"],"picked":"Hologram","floor":19},{"not_picked":["Scrape+1","Stack+1"],"picked":"Glacier","floor":22},{"not_picked":["Streamline","Blizzard+1"],"picked":"Go for the Eyes","floor":25},{"not_picked":["Barrage","Redo+1"],"picked":"Self Repair","floor":27},{"not_picked":["Hello World","Steam Power"],"picked":"Chill+1","floor":31},{"not_picked":["Biased Cognition","All For One"],"picked":"Machine Learning","floor":33},{"not_picked":["Reinforced Body","Steam+1","Compile Driver"],"picked":"SKIP","floor":35},{"not_picked":["Swift Strike","Mind Blast"],"picked":"Bandage Up","floor":36},{"not_picked":["Scrape+1","Beam Cell"],"picked":"Storm+1","floor":41},{"not_picked":["Rip and Tear+1","Gash+1","Rebound"],"picked":"SKIP","floor":44},{"not_picked":["Streamline+1","Rebound","Coolheaded"],"picked":"SKIP","floor":45},{"not_picked":["Ball Lightning+1","Barrage+1","Steam+1"],"picked":"SKIP","floor":46},{"not_picked":["Go for the Eyes+1","Gash+1"],"picked":"Defragment","floor":54}],"player_experience":237484,"relics_obtained":[{"floor":4,"key":"Juzu Bracelet"},{"floor":7,"key":"Strawberry"},{"floor":9,"key":"Meat on the Bone"},{"floor":10,"key":"Mummified Hand"},{"floor":22,"key":"Red Mask"},{"floor":24,"key":"Matryoshka"},{"floor":25,"key":"Sundial"},{"floor":26,"key":"DataDisk"},{"floor":26,"key":"Gremlin Horn"},{"floor":31,"key":"Cables"},{"floor":38,"key":"Torii"},{"floor":41,"key":"Bottled Lightning"},{"floor":41,"key":"Bottled Flame"},{"floor":43,"key":"Centennial Puzzle"},{"floor":46,"key":"Potion Belt"},{"floor":46,"key":"Mango"},{"floor":54,"key":"Oddly Smooth Stone"},{"floor":54,"key":"FossilizedHelix"}],"event_choices":[{"damage_healed":0,"gold_gain":0,"player_choice":"Entered Light","damage_taken":15,"max_hp_gain":0,"max_hp_loss":0,"event_name":"Shining Light","floor":3,"gold_loss":0,"cards_upgraded":["Strike_B","Dualcast"]},{"damage_healed":0,"gold_gain":0,"player_choice":"Ignored","damage_taken":0,"max_hp_gain":0,"max_hp_loss":0,"event_name":"Liars Game","floor":5,"gold_loss":0},{"damage_healed":0,"gold_gain":99,"player_choice":"Stole From Cult","damage_taken":0,"max_hp_gain":0,"max_hp_loss":0,"event_name":"Nest","floor":21,"gold_loss":0},{"damage_healed":0,"gold_gain":0,"player_choice":"Fought Bandits","damage_taken":0,"max_hp_gain":0,"max_hp_loss":0,"event_name":"Masked Bandits","floor":22,"gold_loss":0},{"damage_healed":0,"gold_gain":0,"player_choice":"Stopped","damage_taken":9,"max_hp_gain":0,"max_hp_loss":0,"event_name":"Cursed Tome","floor":28,"gold_loss":0},{"damage_healed":0,"gold_gain":0,"player_choice":"Ignored","damage_taken":0,"max_hp_gain":0,"max_hp_loss":0,"event_name":"Vampires","floor":29,"gold_loss":0},{"damage_healed":0,"gold_gain":0,"player_choice":"Gave Potion","damage_taken":0,"relics_obtained":["War Paint"],"max_hp_gain":0,"max_hp_loss":0,"event_name":"WeMeetAgain","floor":30,"gold_loss":0},{"damage_healed":0,"gold_gain":0,"player_choice":"Memory 1","damage_taken":0,"max_hp_gain":0,"max_hp_loss":0,"event_name":"SensoryStone","floor":36,"gold_loss":0},{"damage_healed":0,"gold_gain":0,"player_choice":"Fight","damage_taken":0,"max_hp_gain":0,"max_hp_loss":0,"event_name":"Mysterious Sphere","floor":38,"gold_loss":0},{"cards_removed":["Strike_B"],"damage_healed":0,"gold_gain":0,"player_choice":"Single Remove","damage_taken":0,"max_hp_gain":0,"max_hp_loss":0,"event_name":"Designer","floor":47,"gold_loss":60},{"cards_removed":["Zap"],"damage_healed":0,"gold_gain":0,"player_choice":"Removed Skill","damage_taken":0,"max_hp_gain":0,"max_hp_loss":0,"event_name":"Falling","floor":48,"gold_loss":0}],"is_beta":false,"boss_relics":[{"not_picked":["Orrery","Inserter"],"picked":"Runic Pyramid"},{"not_picked":["Cursed Key","Runic Dome"],"picked":"Black Star"}],"items_purged_floors":[12,37,39],"is_endless":false,"potions_floor_spawned":[2,8,11,18,25,33,35,44,45,54],"ascension_level":4}