{"gold_per_floor":[15,29,29,43,43,43,70,70,70,20,47,47,47,22,22,97,97,116,116,116,131,163,190,190,204,204,221,231,262,272,2,2,77,127,140,1139,1139,1155,1377,1377,1405,1405,1405,598,626,53,53,53,53,53],"floor_reached":51,"playtime":2324,"items_purged":["Strike_G","Strike_G","Normality"],"score":1586,"play_id":"b2810355-a892-4756-9da3-851da751f619","local_time":"20190220131817","is_ascension_mode":true,"campfire_choices":[{"data":"Dash","floor":6,"key":"SMITH"},{"data":"Neutralize","floor":13,"key":"SMITH"},{"data":"Corpse Explosion","floor":15,"key":"SMITH"},{"data":"Wraith Form v2","floor":24,"key":"SMITH"},{"data":"Catalyst","floor":32,"key":"SMITH"},{"data":"Dark Shackles","floor":40,"key":"SMITH"},{"floor":42,"key":"REST"},{"data":"Catalyst","floor":47,"key":"SMITH"},{"data":"Sadistic Nature","floor":49,"key":"SMITH"}],"neow_cost":"NO_GOLD","seed_source_timestamp":93913598078132,"circlet_count":0,"master_deck":["AscendersBane","Defend_G","Defend_G","Defend_G","Defend_G","Defend_G+1","Survivor","Neutralize+1","Corpse Explosion+1","Catalyst+1","Dash+1","Backflip","Dagger Spray","PiercingWail","Wraith Form v2+1","Backflip","Deadly Poison+1","PiercingWail","Catalyst+1","Deadly Poison","Flechettes","Burst+1","Die Die Die","After Image","Sucker Punch+1","Normality","Sadistic Nature+1","Dark Shackles+1","Catalyst+1"],"relics":["Ring of the Snake","FossilizedHelix","Darkstone Periapt","Vajra","Runic Pyramid","Red Mask","Dodecahedron","Paper Crane","Boot","Toy Ornithopter","Tiny House","Letter Opener","War Paint","Bottled Lightning","Medical Kit","Singing Bowl","Pen Nib","Strawberry","Pantograph"],"potions_floor_usage":[16,21,48,50],"damage_taken":[{"damage":9,"enemies":"Small Slimes","floor":1,"turns":3},{"damage":0,"enemies":"Cultist","floor":2,"turns":3},{"damage":0,"enemies":"2 Louse","floor":4,"turns":3},{"damage":23,"enemies":"3 Sentries","floor":7,"turns":4},{"damage":5,"enemies":"Lagavulin","floor":11,"turns":6},{"damage":0,"enemies":"Hexaghost","floor":16,"turns":10},{"damage":0,"enemies":"Shell Parasite","floor":18,"turns":4},{"damage":4,"enemies":"2 Thieves","floor":21,"turns":4},{"damage":4,"enemies":"Masked Bandits","floor":22,"turns":3},{"damage":0,"enemies":"Book of Stabbing","floor":23,"turns":6},{"damage":0,"enemies":"Snecko","floor":25,"turns":5},{"damage":0,"enemies":"Centurion and Healer","floor":27,"turns":3},{"damage":0,"enemies":"3 Cultists","floor":28,"turns":3},{"damage":4,"enemies":"Slavers","floor":29,"turns":5},{"damage":2,"enemies":"Snake Plant","floor":30,"turns":4},{"damage":0,"enemies":"Champ","floor":33,"turns":5},{"damage":1,"enemies":"Orb Walker","floor":35,"turns":4},{"damage":4,"enemies":"3 Darklings","floor":38,"turns":8},{"damage":13,"enemies":"Reptomancer","floor":41,"turns":8},{"damage":0,"enemies":"Nemesis","floor":45,"turns":7},{"damage":0,"enemies":"4 Shapes","floor":48,"turns":1},{"damage":93,"enemies":"Awakened One","floor":50,"turns":17}],"seed_played":"1503535768646417716","potions_obtained":[{"floor":2,"key":"Explosive Potion"},{"floor":11,"key":"Strength Potion"},{"floor":16,"key":"FearPotion"},{"floor":23,"key":"SteroidPotion"},{"floor":30,"key":"Block Potion"},{"floor":34,"key":"SmokeBomb"},{"floor":35,"key":"GamblersBrew"}],"is_trial":false,"path_per_floor":["M","M","?","M","?","R","E","?","T","?","E","?","R","$","R","B",null,"M","?","?","M","?","E","R","M","T","M","M","E","M","$","R","B",null,"M","?","?","M","?","R","E","R","T","$","E","$","R","M","R","B",null],"character_chosen":"THE_SILENT","items_purchased":["PiercingWail","Toy Ornithopter","Bottled Lightning","Medical Kit","Singing Bowl","Catalyst","Strawberry","Pantograph"],"campfire_rested":1,"item_purchase_floors":[14,31,44,44,44,46,46,46],"current_hp_per_floor":[50,50,50,50,50,50,27,27,27,27,22,22,22,22,22,22,55,55,43,43,39,35,35,35,35,35,35,35,31,29,29,29,29,66,65,77,67,63,63,63,50,76,76,76,78,85,85,85,85,4],"gold":53,"neow_bonus":"THREE_RARE_CARDS","is_prod":false,"is_daily":false,"chose_seed":false,"campfire_upgraded":8,"win_rate":0,"timestamp":1550686697,"path_taken":["M","M","?","?","?","R","E","?","T","?","E","?","R","?","R","BOSS","M","?","?","?","?","E","R","M","T","M","M","E","M","$","R","BOSS","M","?","?","M","?","R","E","R","T","$","E","$","R","M","R","BOSS"],"build_version":"2019-01-23","purchased_purges":3,"victory":true,"max_hp_per_floor":[66,66,66,66,66,66,66,66,66,66,66,66,66,66,66,66,66,66,71,71,71,71,71,71,71,71,71,71,71,71,71,71,71,76,76,88,88,88,88,88,88,88,88,88,90,97,97,97,97,97],"card_choices":[{"not_picked":["Tools of the Trade","A Thousand Cuts"],"picked":"Corpse Explosion","floor":0},{"not_picked":["Dagger Throw","Flying Knee"],"picked":"Catalyst","floor":1},{"not_picked":["Dodge and Roll","Dagger Spray"],"picked":"Dash","floor":2},{"not_picked":["Sucker Punch","Prepared"],"picked":"Backflip","floor":4},{"not_picked":["Acrobatics","Storm of Steel","Skewer"],"picked":"SKIP","floor":7},{"not_picked":["Underhanded Strike","Setup"],"picked":"Dagger Spray","floor":11},{"not_picked":["Phantasmal Killer","Grand Finale"],"picked":"Wraith Form v2","floor":16},{"not_picked":["Dash","Bane"],"picked":"Backflip","floor":18},{"not_picked":["Finisher+1","Underhanded Strike+1"],"picked":"PiercingWail","floor":21},{"not_picked":["Flying Knee+1","Slice"],"picked":"Catalyst","floor":22},{"not_picked":["Dodge and Roll","Eviscerate+1"],"picked":"Deadly Poison","floor":23},{"not_picked":["Sucker Punch+1","Underhanded Strike","Dagger Spray"],"picked":"SKIP","floor":25},{"not_picked":["Choke","Cloak And Dagger"],"picked":"Flechettes","floor":27},{"not_picked":["Terror","Backstab"],"picked":"Burst","floor":28},{"not_picked":["Flying Knee","Acrobatics+1"],"picked":"Die Die Die","floor":29},{"not_picked":["Flying Knee","Deflect","Heel Hook"],"picked":"SKIP","floor":30},{"not_picked":["Corpse Explosion","Unload"],"picked":"After Image","floor":33},{"not_picked":["Deflect","Backflip"],"picked":"Sucker Punch+1","floor":35},{"not_picked":["Madness","Dramatic Entrance"],"picked":"Sadistic Nature","floor":37},{"not_picked":["Enlightenment","Jack Of All Trades"],"picked":"Dark Shackles","floor":37},{"not_picked":["Sucker Punch","Outmaneuver","Terror"],"picked":"SKIP","floor":38},{"not_picked":["Dagger Throw","Backflip+1","Blade Dance"],"picked":"SKIP","floor":41},{"not_picked":["Quick Slash","Masterful Stab","Sucker Punch"],"picked":"Singing Bowl","floor":45}],"player_experience":800018,"relics_obtained":[{"floor":7,"key":"FossilizedHelix"},{"floor":9,"key":"Darkstone Periapt"},{"floor":11,"key":"Vajra"},{"floor":22,"key":"Red Mask"},{"floor":23,"key":"Dodecahedron"},{"floor":26,"key":"Paper Crane"},{"floor":29,"key":"Boot"},{"floor":41,"key":"Letter Opener"},{"floor":43,"key":"War Paint"},{"floor":45,"key":"Pen Nib"}],"event_choices":[{"damage_healed":0,"gold_gain":0,"player_choice":"Upgraded","damage_taken":0,"max_hp_gain":0,"max_hp_loss":0,"event_name":"Upgrade Shrine","floor":3,"gold_loss":0,"cards_upgraded":["Catalyst"]},{"cards_removed":["Strike_G"],"damage_healed":0,"gold_gain":0,"player_choice":"Forget","damage_taken":0,"max_hp_gain":0,"max_hp_loss":0,"event_name":"Living Wall","floor":5,"gold_loss":0},{"damage_healed":0,"gold_gain":0,"player_choice":"Ignored","damage_taken":0,"max_hp_gain":0,"max_hp_loss":0,"event_name":"Liars Game","floor":8,"gold_loss":0},{"cards_removed":["Strike_G"],"damage_healed":0,"gold_gain":0,"player_choice":"Card Removal","damage_taken":0,"max_hp_gain":0,"max_hp_loss":0,"event_name":"The Cleric","floor":10,"gold_loss":50},{"damage_healed":0,"gold_gain":0,"player_choice":"Ignored","damage_taken":0,"max_hp_gain":0,"max_hp_loss":0,"event_name":"Shining Light","floor":12,"gold_loss":0},{"damage_healed":0,"gold_gain":0,"player_choice":"Shed Blood","damage_taken":17,"max_hp_gain":5,"max_hp_loss":0,"event_name":"Forgotten Altar","floor":19,"gold_loss":0},{"damage_healed":0,"gold_gain":0,"cards_transformed":["Strike_G"],"player_choice":"Transformed","damage_taken":0,"max_hp_gain":0,"max_hp_loss":0,"event_name":"Transmorgrifier","floor":20,"gold_loss":0,"cards_obtained":["Deadly Poison"]},{"damage_healed":0,"gold_gain":0,"player_choice":"Fought Bandits","damage_taken":0,"max_hp_gain":0,"max_hp_loss":0,"event_name":"Masked Bandits","floor":22,"gold_loss":0},{"damage_healed":0,"gold_gain":999,"player_choice":"Gold","damage_taken":0,"max_hp_gain":0,"max_hp_loss":0,"event_name":"MindBloom","floor":36,"gold_loss":0,"cards_obtained":["Normality","Normality"]},{"damage_healed":0,"gold_gain":0,"player_choice":"Memory 3","damage_taken":10,"max_hp_gain":0,"max_hp_loss":0,"event_name":"SensoryStone","floor":37,"gold_loss":0},{"damage_healed":0,"gold_gain":222,"player_choice":"Wore Mask","damage_taken":0,"max_hp_gain":0,"max_hp_loss":0,"event_name":"Tomb of Lord Red Mask","floor":39,"gold_loss":0}],"is_beta":false,"boss_relics":[{"not_picked":["Sozu","Philosopher\u0027s Stone"],"picked":"Runic Pyramid"},{"not_picked":["HoveringKite","White Beast Statue"],"picked":"Tiny House"}],"items_purged_floors":[31,44,46],"is_endless":false,"potions_floor_spawned":[2,11,16,18,23,30,33,35,48],"ascension_level":14}