{"gold_per_floor":[115,115,115,130,141,141,31,62,86,86,105,105,124,135,135,238,238,253,253,96,11,11,11,11],"floor_reached":24,"playtime":1115,"items_purged":["Strike_B"],"score":339,"play_id":"adb69b21-2b5e-476d-879e-2c8099199d20","local_time":"20190219195424","is_ascension_mode":true,"campfire_choices":[{"data":"Zap","floor":6,"key":"SMITH"},{"floor":12,"key":"REST"},{"data":"Dualcast","floor":15,"key":"SMITH"},{"data":"Go for the Eyes","floor":23,"key":"SMITH"}],"neow_cost":"NONE","seed_source_timestamp":560338103330981,"circlet_count":0,"master_deck":["AscendersBane","Strike_B+1","Defend_B","Defend_B+1","Defend_B","Zap+1","Dualcast+1","FTL","Go for the Eyes+1","Glacier","Loop","Buffer","Skim+1","Gash+1","Machine Learning","Writhe","Writhe"],"relics":["Cursed Key","Anchor","Centennial Puzzle","Pen Nib","Astrolabe","DataDisk","Vajra","Incense Burner"],"potions_floor_usage":[16,16,24,24],"damage_taken":[{"damage":7,"enemies":"Jaw Worm","floor":1,"turns":3},{"damage":0,"enemies":"2 Louse","floor":4,"turns":2},{"damage":0,"enemies":"Cultist","floor":5,"turns":3},{"damage":0,"enemies":"Lagavulin","floor":8,"turns":9},{"damage":17,"enemies":"Large Slime","floor":11,"turns":8},{"damage":0,"enemies":"3 Louse","floor":13,"turns":4},{"damage":2,"enemies":"Exordium Wildlife","floor":14,"turns":5},{"damage":18,"enemies":"Hexaghost","floor":16,"turns":13},{"damage":19,"enemies":"3 Byrds","floor":18,"turns":8},{"damage":13,"enemies":"Book of Stabbing","floor":24,"turns":5}],"seed_played":"7166525986541978959","potions_obtained":[{"floor":1,"key":"PowerPotion"},{"floor":5,"key":"AttackPotion"},{"floor":16,"key":"SkillPotion"},{"floor":18,"key":"Fruit Juice"}],"is_trial":false,"path_per_floor":["M","?","?","M","M","R","$","E","T","$","M","R","M","M","R","B",null,"M","?","$","?","?","R","E"],"character_chosen":"DEFECT","items_purchased":["Glacier","DataDisk"],"campfire_rested":1,"item_purchase_floors":[7,20],"current_hp_per_floor":[61,43,28,28,28,28,28,28,28,28,11,33,33,31,31,13,60,41,41,41,41,41,41,33],"gold":11,"neow_bonus":"BOSS_RELIC","is_prod":false,"is_daily":false,"chose_seed":false,"campfire_upgraded":3,"win_rate":0,"timestamp":1550634864,"path_taken":["M","?","?","?","M","R","$","E","T","$","M","R","M","M","R","BOSS","M","?","$","?","?","R","E"],"build_version":"2019-01-23","purchased_purges":1,"victory":false,"max_hp_per_floor":[75,75,75,75,75,75,75,75,75,75,75,75,75,75,75,75,75,75,75,75,75,75,75,80],"card_choices":[{"not_picked":["Melter","Auto Shields"],"picked":"FTL","floor":1},{"not_picked":["Streamline","Lockon"],"picked":"Go for the Eyes","floor":4},{"not_picked":["Gash","Scrape","Sunder"],"picked":"SKIP","floor":5},{"not_picked":["Rebound","Streamline","Go for the Eyes"],"picked":"SKIP","floor":8},{"not_picked":["Barrage","Turbo","Leap"],"picked":"SKIP","floor":11},{"not_picked":["Compile Driver","Streamline"],"picked":"Loop","floor":13},{"not_picked":["BootSequence","Hologram","Beam Cell"],"picked":"SKIP","floor":14},{"not_picked":["Amplify","Thunder Strike"],"picked":"Buffer","floor":16},{"not_picked":["Turbo+1","Stack","Beam Cell"],"picked":"SKIP","floor":18}],"player_experience":437154,"relics_obtained":[{"floor":8,"key":"Centennial Puzzle"},{"floor":9,"key":"Pen Nib"}],"event_choices":[{"damage_healed":0,"gold_gain":0,"player_choice":"Success","damage_taken":18,"relics_obtained":["Anchor"],"max_hp_gain":0,"max_hp_loss":0,"event_name":"Scrap Ooze","floor":2,"gold_loss":0},{"damage_healed":0,"gold_gain":0,"player_choice":"Entered Light","damage_taken":15,"max_hp_gain":0,"max_hp_loss":0,"event_name":"Shining Light","floor":3,"gold_loss":0,"cards_upgraded":["Strike_B","Defend_B"]},{"damage_healed":0,"gold_gain":0,"cards_transformed":["Amplify","Normality"],"player_choice":"Became Test Subject","damage_taken":0,"max_hp_gain":0,"max_hp_loss":0,"event_name":"Drug Dealer","floor":19,"gold_loss":0,"cards_obtained":["Machine Learning","Writhe"]},{"damage_healed":0,"gold_gain":0,"player_choice":"Obtained Relic","damage_taken":0,"relics_obtained":["Vajra"],"max_hp_gain":0,"max_hp_loss":0,"event_name":"Addict","floor":21,"gold_loss":85},{"damage_healed":0,"gold_gain":0,"player_choice":"Opened","damage_taken":0,"relics_obtained":["Incense Burner"],"max_hp_gain":0,"max_hp_loss":0,"event_name":"The Mausoleum","floor":22,"gold_loss":0,"cards_obtained":["Writhe"]}],"is_beta":false,"boss_relics":[{"not_picked":["Nuclear Battery","Velvet Choker"],"picked":"Astrolabe"}],"items_purged_floors":[7],"is_endless":false,"potions_floor_spawned":[1,5,14,16,18],"killed_by":"Book of Stabbing","ascension_level":11}