{"gold_per_floor":[114,39,57,57,74,105,105,5,52,52,64,14,45,65,65,65],"floor_reached":16,"playtime":396,"items_purged":["Shame","Strike_B"],"score":169,"play_id":"feaa8eee-4e21-4938-b96f-e29518baac26","local_time":"20190111100521","is_ascension_mode":true,"campfire_choices":[{"data":"Auto Shields","floor":7,"key":"SMITH"},{"data":"Zap","floor":10,"key":"SMITH"},{"data":"Consume","floor":15,"key":"SMITH"}],"neow_cost":"CURSE","seed_source_timestamp":144716737082179,"circlet_count":0,"master_deck":["Strike_B+1","Strike_B","Strike_B","Defend_B","Defend_B","Defend_B","Zap+1","Dualcast","Auto Shields+1","Leap+1","Blizzard","Steam","Glacier","Consume+1"],"relics":["Cracked Core","PreservedInsect","Lantern","Centennial Puzzle"],"potions_floor_usage":[6,13],"damage_taken":[{"damage":9,"enemies":"Jaw Worm","floor":1,"turns":4},{"damage":11,"enemies":"2 Louse","floor":3,"turns":3},{"damage":0,"enemies":"Small Slimes","floor":5,"turns":2},{"damage":12,"enemies":"Gremlin Nob","floor":6,"turns":5},{"damage":4,"enemies":"Red Slaver","floor":11,"turns":3},{"damage":0,"enemies":"3 Sentries","floor":13,"turns":5},{"damage":14,"enemies":"Large Slime","floor":14,"turns":5},{"damage":28,"enemies":"Slime Boss","floor":16,"turns":3}],"seed_played":"-3189456148441945451","potions_obtained":[{"floor":1,"key":"Explosive Potion"},{"floor":5,"key":"Ancient Potion"}],"is_trial":false,"path_per_floor":["M","$","M","?","M","E","R","$","T","R","M","?","E","M","R","B"],"character_chosen":"DEFECT","items_purchased":[],"campfire_rested":0,"item_purchase_floors":[],"current_hp_per_floor":[80,80,69,51,51,39,39,39,39,39,35,35,35,21,21,0],"gold":65,"neow_bonus":"TWENTY_PERCENT_HP_BONUS","is_prod":false,"is_daily":false,"chose_seed":false,"campfire_upgraded":3,"win_rate":0,"timestamp":1547219121,"path_taken":["M","$","M","?","M","E","R","$","T","R","M","?","E","M","R","BOSS"],"build_version":"2019-01-10","purchased_purges":2,"victory":false,"max_hp_per_floor":[89,89,89,89,89,89,89,89,89,89,89,89,89,89,89,89],"card_choices":[{"not_picked":["Barrage","Storm"],"picked":"Auto Shields","floor":1},{"not_picked":["Undo","Cold Snap"],"picked":"Leap","floor":3},{"not_picked":["Streamline","Lockon"],"picked":"Blizzard","floor":5},{"not_picked":["Stack","Turbo"],"picked":"Steam","floor":6},{"not_picked":["Steam","Barrage"],"picked":"Glacier","floor":11},{"not_picked":["Go for the Eyes","Beam Cell"],"picked":"Consume","floor":13},{"not_picked":["Rebound","Consume","Beam Cell"],"picked":"SKIP","floor":14}],"player_experience":366934,"relics_obtained":[{"floor":6,"key":"PreservedInsect"},{"floor":9,"key":"Lantern"},{"floor":13,"key":"Centennial Puzzle"}],"event_choices":[{"damage_healed":0,"gold_gain":0,"player_choice":"Entered Light","damage_taken":18,"max_hp_gain":0,"max_hp_loss":0,"event_name":"Shining Light","floor":4,"gold_loss":0,"cards_upgraded":["Leap","Strike_B"]},{"cards_removed":["Defend_B"],"damage_healed":0,"gold_gain":0,"player_choice":"Card Removal","damage_taken":0,"max_hp_gain":0,"max_hp_loss":0,"event_name":"The Cleric","floor":12,"gold_loss":50}],"is_beta":false,"boss_relics":[],"items_purged_floors":[2,8],"is_endless":false,"potions_floor_spawned":[1,5],"killed_by":"Slime Boss","ascension_level":5}