{"path_per_floor":["M","?","$","M","M","?","R","T","T","$","E","M","E","M","R","B",null,"M","M","?","?","$","E","M","$","T","R","M","R","T","?","R"],"character_chosen":"IRONCLAD","items_purchased":["Rampage","Spot Weakness"],"gold_per_floor":[110,110,35,51,68,68,68,121,167,9,39,54,88,108,108,204,204,220,240,240,240,140,173,193,68,68,68,78,78,126,126,126,126],"floor_reached":33,"campfire_rested":3,"playtime":1425,"current_hp_per_floor":[36,36,36,42,48,48,72,72,72,72,53,51,34,38,62,22,80,74,79,63,63,63,59,58,58,58,58,57,57,57,57,80,0],"items_purged":["Strike_R","Strike_R","Strike_R"],"gold":126,"score":273,"play_id":"56ba5e4f-5df7-4a75-91c1-eb9d3bed19ce","local_time":"20180418093842","is_prod":false,"is_daily":false,"chose_seed":false,"is_ascension_mode":false,"campfire_upgraded":2,"timestamp":1524069522,"path_taken":["M","?","$","?","M","?","R","?","T","$","E","M","E","M","R","BOSS","M","M","?","?","$","E","M","?","T","R","M","R","?","?","R","BOSS"],"build_version":"2018-04-12","seed_source_timestamp":639465112672044,"purchased_purges":4,"victory":false,"master_deck":["Strike_R+1","Defend_R","Defend_R","Defend_R","Bash","Cleave+1","Pommel Strike","Rage","Demon Form+1","Rampage+1","Spot Weakness","Shrug It Off","Flex","Headbutt+1","Necronomicurse","Rampage+1"],"max_hp_per_floor":[80,80,80,80,80,80,80,80,80,80,80,80,80,80,80,80,80,80,80,80,80,80,80,80,80,80,80,80,80,80,80,80,80],"relics":["Burning Blood","Bird Faced Urn","Whetstone","Juzu Bracelet","Gremlin Horn","Matryoshka","Mark of Pain","Necronomicon","Dream Catcher","Bronze Scales","Pantograph","Dodecahedron","Omamori"],"card_choices":[{"not_picked":["Clothesline","Intimidate"],"picked":"Cleave","floor":1},{"not_picked":["Blood for Blood","Berserk"],"picked":"Pommel Strike","floor":4},{"not_picked":["Dropkick","Sword Boomerang"],"picked":"Shrug It Off","floor":11},{"not_picked":["Perfected Strike","Battle Trance"],"picked":"Flex","floor":13},{"not_picked":["Cleave","Perfected Strike"],"picked":"Headbutt","floor":19}],"player_experience":52853,"potions_floor_usage":[11,23,24,33],"damage_taken":[{"damage":10,"enemies":"Jaw Worm","floor":1,"turns":5},{"damage":0,"enemies":"Cultist","floor":4,"turns":3},{"damage":0,"enemies":"Small Slimes","floor":5,"turns":3},{"damage":27,"enemies":"Gremlin Nob","floor":11,"turns":4},{"damage":8,"enemies":"Red Slaver","floor":12,"turns":3},{"damage":25,"enemies":"Lagavulin","floor":13,"turns":6},{"damage":2,"enemies":"Looter","floor":14,"turns":2},{"damage":48,"enemies":"The Guardian","floor":16,"turns":13},{"damage":12,"enemies":"Shell Parasite","floor":18,"turns":6},{"damage":3,"enemies":"Chosen","floor":19,"turns":5},{"damage":12,"enemies":"Book of Stabbing","floor":23,"turns":4},{"damage":9,"enemies":"3 Cultists","floor":24,"turns":4},{"damage":9,"enemies":"Snecko","floor":28,"turns":4},{"damage":83,"enemies":"Champ","floor":33,"turns":7}],"event_choices":[{"event_name":"Wheel of Change","player_choice":"Card Removal","floor":2,"damage_taken":0},{"event_name":"Match and Keep!","player_choice":"2 cards matched","floor":6,"damage_taken":0},{"event_name":"Cursed Tome","player_choice":"Obtained Book","floor":20,"damage_taken":0},{"event_name":"Back to Basics","player_choice":"Elegance","floor":21,"damage_taken":0},{"event_name":"Duplicator","player_choice":"One dupe","floor":31,"damage_taken":0}],"boss_relics":[{"not_picked":["Runic Dome","Philosopher\u0027s Stone"],"picked":"Mark of Pain"}],"potions_floor_spawned":[4,13,14,18,19,24,28],"seed_played":"3099878926221775492","killed_by":"Champ","ascension_level":0,"is_trial":false}