{"gold_per_floor":[116,116,116,116,116,116,136,168,168,168,199,219,233,37,37,141,141,157,172,172,14,29,57,57,57],"floor_reached":25,"playtime":798,"items_purged":["Strike_B"],"score":406,"play_id":"30fb4f70-5a2f-4e99-849a-1c3f1b74e165","local_time":"20190129220832","is_ascension_mode":true,"campfire_choices":[{"data":"Dualcast","floor":6,"key":"SMITH"},{"floor":15,"key":"REST"},{"data":"Fission","floor":24,"key":"SMITH"}],"neow_cost":"NONE","seed_source_timestamp":1028424536012197,"circlet_count":0,"master_deck":["AscendersBane","Strike_B+1","Defend_B","Defend_B","Defend_B+1","Defend_B","Zap","Dualcast+1","Doom and Gloom","Doom and Gloom","Redo","Chill","Cold Snap","Biased Cognition+1","Fission+1","Compile Driver+1","Panacea"],"relics":["Cracked Core","NeowsBlessing","Singing Bowl","Kunai","Frozen Egg 2","ClockworkSouvenir","Eternal Feather","Anchor"],"potions_floor_usage":[11,16,23,23],"damage_taken":[{"damage":0,"enemies":"2 Louse","floor":1,"turns":1},{"damage":0,"enemies":"Small Slimes","floor":7,"turns":1},{"damage":0,"enemies":"3 Sentries","floor":8,"turns":1},{"damage":55,"enemies":"Gremlin Nob","floor":11,"turns":5},{"damage":0,"enemies":"Cultist","floor":12,"turns":3},{"damage":4,"enemies":"Blue Slaver","floor":13,"turns":3},{"damage":15,"enemies":"Slime Boss","floor":16,"turns":7},{"damage":2,"enemies":"Chosen","floor":18,"turns":4},{"damage":0,"enemies":"Spheric Guardian","floor":19,"turns":3},{"damage":12,"enemies":"Centurion and Healer","floor":22,"turns":7},{"damage":35,"enemies":"Book of Stabbing","floor":23,"turns":6},{"damage":37,"enemies":"3 Cultists","floor":25,"turns":7}],"seed_played":"-1229319196526580907","potions_obtained":[{"floor":1,"key":"FairyPotion"},{"floor":8,"key":"SkillPotion"},{"floor":13,"key":"FocusPotion"},{"floor":16,"key":"SteroidPotion"},{"floor":19,"key":"EssenceOfSteel"},{"floor":23,"key":"GamblersBrew"}],"is_trial":false,"path_per_floor":["M","?","?","?","?","R","M","E","T","T","E","M","M","$","R","B",null,"M","M","?","$","M","E","R","M"],"character_chosen":"DEFECT","items_purchased":["ClockworkSouvenir","Panacea"],"campfire_rested":1,"item_purchase_floors":[14,21],"current_hp_per_floor":[68,53,53,46,46,46,46,46,46,46,7,9,5,5,28,13,61,61,61,61,61,51,18,27,0],"gold":57,"neow_bonus":"THREE_ENEMY_KILL","is_prod":false,"is_daily":false,"chose_seed":false,"campfire_upgraded":2,"win_rate":0,"timestamp":1548817712,"path_taken":["M","?","?","?","?","R","M","E","T","?","E","M","M","$","R","BOSS","M","?","?","$","M","E","R","M"],"build_version":"2019-01-23","purchased_purges":1,"victory":false,"max_hp_per_floor":[75,75,75,75,75,75,75,75,75,75,75,77,77,77,77,77,77,79,79,79,79,81,83,83,83],"card_choices":[{"not_picked":["Rebound","Sweeping Beam"],"picked":"Doom and Gloom","floor":1},{"not_picked":["Skim","Steam"],"picked":"Redo","floor":7},{"not_picked":["Beam Cell","Compile Driver"],"picked":"Chill","floor":8},{"not_picked":["Streamline","Leap"],"picked":"Cold Snap","floor":11},{"not_picked":["Conserve Battery","Barrage","Go for the Eyes"],"picked":"Singing Bowl","floor":12},{"not_picked":["Consume","Gash"],"picked":"Biased Cognition+1","floor":13},{"not_picked":["Multi-Cast","Hyperbeam"],"picked":"Fission","floor":16},{"not_picked":["Beam Cell","Heatsinks+1","Streamline"],"picked":"Singing Bowl","floor":18},{"not_picked":["Rebound","Static Discharge+1"],"picked":"Compile Driver+1","floor":19},{"not_picked":["Gash+1","Leap","Ball Lightning+1"],"picked":"Singing Bowl","floor":22},{"not_picked":["Gash+1","Beam Cell","Streamline"],"picked":"Singing Bowl","floor":23}],"player_experience":546976,"relics_obtained":[{"floor":8,"key":"Singing Bowl"},{"floor":10,"key":"Kunai"},{"floor":11,"key":"Frozen Egg 2"},{"floor":23,"key":"Anchor"}],"event_choices":[{"damage_healed":0,"gold_gain":0,"player_choice":"Entered Light","damage_taken":15,"max_hp_gain":0,"max_hp_loss":0,"event_name":"Shining Light","floor":2,"gold_loss":0,"cards_upgraded":["Defend_B","Strike_B"]},{"damage_healed":0,"gold_gain":0,"player_choice":"Fled","damage_taken":0,"max_hp_gain":0,"max_hp_loss":0,"event_name":"Scrap Ooze","floor":3,"gold_loss":0},{"cards_removed":["Strike_B"],"damage_healed":0,"gold_gain":0,"player_choice":"Card Removal","damage_taken":7,"max_hp_gain":0,"max_hp_loss":0,"event_name":"Golden Wing","floor":4,"gold_loss":0},{"damage_healed":0,"gold_gain":0,"cards_transformed":["Strike_B"],"player_choice":"Change","damage_taken":0,"max_hp_gain":0,"max_hp_loss":0,"event_name":"Living Wall","floor":5,"gold_loss":0,"cards_obtained":["Doom and Gloom"]},{"damage_healed":0,"gold_gain":0,"player_choice":"Ignored","damage_taken":0,"max_hp_gain":0,"max_hp_loss":0,"event_name":"Vampires","floor":20,"gold_loss":0}],"is_beta":false,"boss_relics":[{"not_picked":["Pandora\u0027s Box","Orrery"],"picked":"Eternal Feather"}],"items_purged_floors":[21],"is_endless":false,"potions_floor_spawned":[1,8,13,16,19,23],"killed_by":"3 Cultists","ascension_level":12}