{"gold_per_floor":[216,236,44,55,69,69,126,143,143,143,143,177,177,241,241,241],"floor_reached":16,"playtime":649,"items_purged":["Strike_R"],"score":220,"play_id":"d1e7f826-521e-4f0f-822d-a4c4ad65c9c1","local_time":"20190201215324","is_ascension_mode":true,"campfire_choices":[{"data":"Carnage","floor":6,"key":"SMITH"},{"data":"Warcry","floor":11,"key":"SMITH"},{"data":"Disarm","floor":13,"key":"SMITH"},{"data":"Flex","floor":15,"key":"SMITH"}],"neow_cost":"NONE","seed_source_timestamp":1286890444200547,"circlet_count":0,"master_deck":["AscendersBane","Strike_R","Strike_R","Strike_R","Strike_R","Defend_R","Defend_R","Defend_R","Defend_R","Bash","Carnage+1","Flex+1","Flash of Steel","Clothesline","Warcry+1","Disarm+1","Reaper","Exhume"],"relics":["Burning Blood","Tiny Chest","Pantograph","Letter Opener","Pear","Matryoshka"],"potions_floor_usage":[5,7,14],"damage_taken":[{"damage":8,"enemies":"Cultist","floor":1,"turns":5},{"damage":9,"enemies":"Jaw Worm","floor":2,"turns":3},{"damage":2,"enemies":"2 Louse","floor":4,"turns":3},{"damage":10,"enemies":"Large Slime","floor":5,"turns":4},{"damage":6,"enemies":"Gremlin Nob","floor":7,"turns":4},{"damage":6,"enemies":"Looter","floor":8,"turns":3},{"damage":28,"enemies":"3 Sentries","floor":12,"turns":7},{"damage":56,"enemies":"Lagavulin Event","floor":14,"turns":7},{"damage":44,"enemies":"Hexaghost","floor":16,"turns":14}],"seed_played":"7764016556875729373","potions_obtained":[{"floor":1,"key":"Poison Potion"},{"floor":2,"key":"Fire Potion"},{"floor":4,"key":"Strength Potion"},{"floor":5,"key":"SkillPotion"}],"is_trial":false,"path_per_floor":["M","M","$","M","M","R","E","M","T","T","R","E","R","?","R","B"],"character_chosen":"IRONCLAD","items_purchased":["Flash of Steel","Clothesline"],"campfire_rested":0,"item_purchase_floors":[3,3],"current_hp_per_floor":[66,63,63,67,63,63,63,63,63,63,63,56,56,12,12,0],"gold":241,"neow_bonus":"HUNDRED_GOLD","is_prod":false,"is_daily":false,"chose_seed":false,"campfire_upgraded":4,"win_rate":0,"timestamp":1549076004,"path_taken":["M","M","?","M","M","R","E","M","T","?","R","E","R","?","R","BOSS"],"build_version":"2019-01-23","purchased_purges":1,"victory":false,"max_hp_per_floor":[75,75,75,75,75,75,75,75,75,75,75,85,85,85,85,85],"card_choices":[{"not_picked":["Heavy Blade","Iron Wave"],"picked":"Carnage","floor":1},{"not_picked":["Bloodletting","Iron Wave"],"picked":"Flex","floor":2},{"not_picked":["Dark Embrace","Clothesline"],"picked":"Warcry","floor":4},{"not_picked":["Anger","Fire Breathing"],"picked":"Disarm","floor":5},{"not_picked":["Rampage","Sword Boomerang"],"picked":"Reaper","floor":7},{"not_picked":["Havoc","Thunderclap","Sword Boomerang"],"picked":"SKIP","floor":8},{"not_picked":["Twin Strike","Evolve"],"picked":"Exhume","floor":12}],"player_experience":638024,"relics_obtained":[{"floor":7,"key":"Tiny Chest"},{"floor":9,"key":"Pantograph"},{"floor":10,"key":"Letter Opener"},{"floor":12,"key":"Pear"},{"floor":14,"key":"Matryoshka"}],"event_choices":[{"damage_healed":0,"gold_gain":0,"player_choice":"Searched \u00271\u0027 times","damage_taken":0,"max_hp_gain":0,"max_hp_loss":0,"event_name":"Dead Adventurer","floor":14,"gold_loss":0}],"is_beta":false,"boss_relics":[],"items_purged_floors":[3],"is_endless":false,"potions_floor_spawned":[1,2,4,5],"killed_by":"Hexaghost","ascension_level":20}