{"gold_per_floor":[117,132,57,57,68,101,1,1,1,1,14,28,28,44,44,141,141,160,35,35],"floor_reached":20,"playtime":1122,"items_purged":["Strike_B","Blizzard","Dualcast"],"score":183,"play_id":"38d93bdf-39a8-4c23-b387-fe0b8d8f85cc","local_time":"20181014104520","is_ascension_mode":true,"campfire_choices":[{"floor":10,"key":"REST"},{"data":"Scrape","floor":15,"key":"SMITH"}],"neow_cost":"NONE","seed_source_timestamp":412299885391458,"circlet_count":0,"master_deck":["Strike_B","Strike_B","Strike_B","Defend_B","Defend_B","Defend_B","Defend_B","Zap","Gash","Turbo","Zap","Gash","Scrape+1","Go for the Eyes","Streamline","Beam Cell","Meteor Strike"],"relics":["Velvet Choker","Torii","Calipers","Philosopher\u0027s Stone"],"potions_floor_usage":[12,16,16,16],"damage_taken":[{"damage":7,"enemies":"Jaw Worm","floor":1,"turns":3},{"damage":6,"enemies":"Cultist","floor":2,"turns":4},{"damage":0,"enemies":"Small Slimes","floor":5,"turns":3},{"damage":40,"enemies":"Gremlin Nob","floor":6,"turns":5},{"damage":1,"enemies":"Looter","floor":11,"turns":2},{"damage":0,"enemies":"Lots of Slimes","floor":12,"turns":2},{"damage":2,"enemies":"2 Fungi Beasts","floor":14,"turns":3},{"damage":19,"enemies":"Slime Boss","floor":16,"turns":6},{"damage":22,"enemies":"3 Byrds","floor":18,"turns":4},{"damage":18,"enemies":"Shell Parasite","floor":20,"turns":4}],"seed_played":"-6571574566237325525","potions_obtained":[{"floor":2,"key":"FearPotion"},{"floor":6,"key":"AttackPotion"},{"floor":8,"key":"Explosive Potion"},{"floor":14,"key":"Regen Potion"}],"is_trial":false,"path_per_floor":["M","M","$","?","M","E","$","?","T","R","M","M","?","M","R","B",null,"M","$"],"character_chosen":"DEFECT","items_purchased":[],"campfire_rested":1,"item_purchase_floors":[],"current_hp_per_floor":[68,62,62,62,62,22,22,22,22,44,43,43,43,41,41,37,75,53,53,35],"gold":35,"neow_bonus":"BOSS_RELIC","is_prod":false,"is_daily":false,"chose_seed":false,"campfire_upgraded":1,"win_rate":0,"timestamp":1539528320,"path_taken":["M","M","$","?","M","E","$","?","T","R","M","M","?","M","R","BOSS","M","$","M"],"build_version":"2018-10-11","purchased_purges":3,"victory":false,"max_hp_per_floor":[75,75,75,75,75,75,75,75,75,75,75,75,75,75,75,75,75,75,75,75],"card_choices":[{"not_picked":["Barrage","Stack"],"picked":"Gash","floor":1},{"not_picked":["Steam Power","Reinforced Body"],"picked":"Turbo","floor":2},{"not_picked":["Beam Cell","Turbo"],"picked":"Gash","floor":5},{"not_picked":["Heatsinks","Rip and Tear"],"picked":"Scrape","floor":6},{"not_picked":["Sweeping Beam","Cold Snap"],"picked":"Go for the Eyes","floor":11},{"not_picked":["Darkness","Thunder Strike"],"picked":"Streamline","floor":12},{"not_picked":["Ball Lightning","Coolheaded"],"picked":"Beam Cell","floor":14},{"not_picked":["Multi-Cast","Fission"],"picked":"Meteor Strike","floor":16},{"not_picked":["Hologram+1","Ball Lightning","Compile Driver"],"picked":"SKIP","floor":18}],"player_experience":151284,"relics_obtained":[{"floor":6,"key":"Torii"},{"floor":9,"key":"Calipers"}],"event_choices":[{"event_name":"Match and Keep!","player_choice":"2 cards matched","floor":4,"damage_taken":0},{"event_name":"The Lab","player_choice":"Got Potions","floor":8,"damage_taken":0},{"event_name":"Liars Game","player_choice":"disagreed","floor":13,"damage_taken":0}],"is_beta":false,"boss_relics":[{"not_picked":["Eternal Feather","Runic Pyramid"],"picked":"Philosopher\u0027s Stone"}],"items_purged_floors":[3,7,19],"is_endless":false,"potions_floor_spawned":[2,6,11,14],"killed_by":"Shell Parasite","ascension_level":1}