{"gold_per_floor":[362,378,378,390,7,34,34,65,65,65,98,98,98,129,129,129],"floor_reached":16,"playtime":673,"items_purged":[],"score":239,"play_id":"11ef5b22-bf59-4b1e-b07d-2495d9f14007","local_time":"20190130103324","is_ascension_mode":true,"campfire_choices":[{"data":"Flame Barrier","floor":7,"key":"SMITH"},{"data":"Shockwave","floor":10,"key":"SMITH"},{"data":"Clothesline","floor":13,"key":"SMITH"},{"floor":15,"key":"REST"}],"neow_cost":"PERCENT_DAMAGE","seed_source_timestamp":1073255528876916,"circlet_count":0,"master_deck":["AscendersBane","Strike_R","Strike_R","Strike_R","Strike_R","Defend_R","Defend_R","Defend_R","Defend_R","Bash","Clothesline+1","Shrug It Off","Flame Barrier+1","Shockwave+1","Ghostly Armor","Sentinel","Battle Trance"],"relics":["Burning Blood","PreservedInsect","Lee\u0027s Waffle","Red Skull","WingedGreaves","Self Forming Clay","The Courier","Omamori"],"potions_floor_usage":[6,11,16],"damage_taken":[{"damage":28,"enemies":"Cultist","floor":1,"turns":6},{"damage":5,"enemies":"2 Louse","floor":2,"turns":5},{"damage":4,"enemies":"Small Slimes","floor":4,"turns":4},{"damage":18,"enemies":"Lagavulin","floor":6,"turns":6},{"damage":37,"enemies":"3 Sentries","floor":8,"turns":12},{"damage":14,"enemies":"Gremlin Nob","floor":11,"turns":4},{"damage":26,"enemies":"3 Sentries","floor":14,"turns":11},{"damage":50,"enemies":"The Guardian","floor":16,"turns":16}],"seed_played":"3425153158302808550","potions_obtained":[{"floor":2,"key":"AttackPotion"},{"floor":8,"key":"Block Potion"},{"floor":11,"key":"SpeedPotion"},{"floor":14,"key":"Regen Potion"}],"is_trial":false,"path_per_floor":["M","M","?","M","$","E","R","E","T","R","E","?","R","E","R","B"],"character_chosen":"IRONCLAD","items_purchased":["PreservedInsect","Lee\u0027s Waffle"],"campfire_rested":1,"item_purchase_floors":[5,5],"current_hp_per_floor":[28,29,22,24,82,70,70,39,39,39,31,31,31,11,35,0],"gold":129,"neow_bonus":"TWO_FIFTY_GOLD","is_prod":false,"is_daily":false,"chose_seed":false,"campfire_upgraded":3,"win_rate":0,"timestamp":1548862404,"path_taken":["M","?","?","M","$","E","R","E","T","R","E","?","R","E","R","BOSS"],"build_version":"2019-01-23","purchased_purges":0,"victory":false,"max_hp_per_floor":[75,75,75,75,82,82,82,82,82,82,82,82,82,82,82,82],"card_choices":[{"not_picked":["Pommel Strike","Armaments"],"picked":"Clothesline","floor":1},{"not_picked":["Infernal Blade","Flex"],"picked":"Shrug It Off","floor":2},{"not_picked":["Evolve","Perfected Strike"],"picked":"Flame Barrier","floor":4},{"not_picked":["Feel No Pain","Armaments"],"picked":"Shockwave","floor":6},{"not_picked":["Pummel","Uppercut"],"picked":"Ghostly Armor","floor":8},{"not_picked":["Combust","Pommel Strike"],"picked":"Sentinel","floor":11},{"not_picked":["Offering","Clothesline"],"picked":"Battle Trance","floor":14}],"player_experience":565352,"relics_obtained":[{"floor":6,"key":"Red Skull"},{"floor":8,"key":"WingedGreaves"},{"floor":9,"key":"Self Forming Clay"},{"floor":11,"key":"The Courier"},{"floor":14,"key":"Omamori"}],"event_choices":[{"cards_removed":["Strike_R"],"damage_healed":0,"gold_gain":0,"player_choice":"Card Removal","damage_taken":7,"max_hp_gain":0,"max_hp_loss":0,"event_name":"Golden Wing","floor":3,"gold_loss":0},{"damage_healed":0,"gold_gain":0,"player_choice":"Ignored","damage_taken":0,"max_hp_gain":0,"max_hp_loss":0,"event_name":"Liars Game","floor":12,"gold_loss":0}],"is_beta":false,"boss_relics":[],"items_purged_floors":[],"is_endless":false,"potions_floor_spawned":[2,8,11,14],"killed_by":"The Guardian","ascension_level":18}