{"gold_per_floor":[118,131,131,147,147,147,191,191,191,231,251,275,12,42,42,132,132,151,151,174,64,79,79],"floor_reached":23,"playtime":1382,"items_purged":[],"score":382,"play_id":"13db749c-58e1-46e8-a9f4-3654ea01b02f","local_time":"20190212050325","is_ascension_mode":true,"campfire_choices":[{"data":"Leap","floor":6.0,"key":"SMITH"},{"floor":8.0,"key":"REST"},{"floor":15.0,"key":"REST"}],"neow_cost":"CURSE","seed_source_timestamp":484911540261515,"circlet_count":0,"master_deck":["AscendersBane","Strike_B","Strike_B","Strike_B","Strike_B","Defend_B","Defend_B","Defend_B","Zap","Dualcast","Echo Form+1","Leap+1","Melter","Injury","Undo","Hello World","Ball Lightning","Skim","Loop","Barrage","Loop","Electrodynamics","Capacitor","Rebound","Go for the Eyes"],"special_seed":0,"relics":["Cracked Core","Golden Idol","Incense Burner","Meat on the Bone","Boot","Cables","Odd Mushroom","Sozu"],"potions_floor_usage":[22],"damage_taken":[{"damage":10.0,"enemies":"2 Louse","floor":1.0,"turns":4.0},{"damage":4.0,"enemies":"Jaw Worm","floor":2.0,"turns":4.0},{"damage":6.0,"enemies":"Cultist","floor":4.0,"turns":3.0},{"damage":30.0,"enemies":"Gremlin Nob","floor":7.0,"turns":6.0},{"damage":30.0,"enemies":"3 Sentries","floor":10.0,"turns":7.0},{"damage":15.0,"enemies":"2 Fungi Beasts","floor":11.0,"turns":4.0},{"damage":5.0,"enemies":"Lots of Slimes","floor":12.0,"turns":4.0},{"damage":20.0,"enemies":"The Mushroom Lair","floor":14.0,"turns":5.0},{"damage":32.0,"enemies":"The Guardian","floor":16.0,"turns":11.0},{"damage":39.0,"enemies":"2 Thieves","floor":18.0,"turns":4.0},{"damage":2.0,"enemies":"Chosen","floor":20.0,"turns":5.0},{"damage":29,"enemies":"Shelled Parasite and Fungi","floor":22,"turns":7},{"damage":13,"enemies":"Slavers","floor":23,"turns":3}],"seed_played":"5116137758019932973","potions_obtained":[{"floor":2.0,"key":"Block Potion"},{"floor":4.0,"key":"Ancient Potion"},{"floor":11.0,"key":"GamblersBrew"},{"floor":14.0,"key":"Swift Potion"}],"is_trial":false,"path_per_floor":["M","M","?","M","?","R","E","R","T","E","M","M","$","?","R","B",null,"M","?","M","?","M","E"],"character_chosen":"DEFECT","items_purchased":["Cables"],"campfire_rested":2,"item_purchase_floors":[13],"current_hp_per_floor":[54,50,50,44,44,44,14,35,35,17,14,21,21,13,34,14,57,30,20,30,30,13,0],"gold":79,"neow_bonus":"THREE_RARE_CARDS","is_prod":false,"is_daily":false,"chose_seed":false,"campfire_upgraded":1,"win_rate":0,"timestamp":1549944205,"path_taken":["M","M","?","M","?","R","E","R","T","E","M","M","$","?","R","BOSS","M","?","?","?","M","E"],"build_version":"2019-01-23","purchased_purges":0,"victory":false,"max_hp_per_floor":[71,71,71,71,71,71,71,71,71,71,71,71,71,71,71,71,71,71,71,71,71,71,71],"card_choices":[{"not_picked":["Buffer","Seek"],"picked":"Echo Form","floor":0.0},{"not_picked":["Streamline","Rebound"],"picked":"Leap","floor":1.0},{"not_picked":["Sweeping Beam","Stack"],"picked":"Melter","floor":2.0},{"not_picked":["Steam","Scrape"],"picked":"Undo","floor":4.0},{"not_picked":["Chaos","Leap"],"picked":"Ball Lightning","floor":7.0},{"not_picked":["Hologram","Seek"],"picked":"Skim","floor":10.0},{"not_picked":["Streamline","Aggregate"],"picked":"Loop","floor":11.0},{"not_picked":["Streamline","Compile Driver"],"picked":"Barrage","floor":12.0},{"not_picked":["Undo","Blizzard"],"picked":"Loop","floor":14.0},{"not_picked":["Rainbow","Core Surge"],"picked":"Electrodynamics","floor":16.0},{"not_picked":["Heatsinks","Reinforced Body"],"picked":"Capacitor","floor":18.0},{"not_picked":["Beam Cell","Lockon"],"picked":"Rebound","floor":20.0},{"not_picked":["Recycle","Streamline"],"picked":"Go for the Eyes","floor":22}],"player_experience":653571,"relics_obtained":[{"floor":7.0,"key":"Incense Burner"},{"floor":9.0,"key":"Meat on the Bone"},{"floor":10.0,"key":"Boot"},{"floor":14.0,"key":"Odd Mushroom"}],"event_choices":[{"damage_healed":0.0,"max_hp_gain":0.0,"max_hp_loss":0.0,"gold_gain":0.0,"event_name":"Golden Idol","player_choice":"Take Wound","floor":3.0,"gold_loss":0.0,"damage_taken":0.0,"relics_obtained":["Golden Idol"],"cards_obtained":["Injury"]},{"damage_healed":0.0,"max_hp_gain":0.0,"max_hp_loss":0.0,"gold_gain":0.0,"cards_transformed":["Defend_B"],"event_name":"Living Wall","player_choice":"Change","floor":5.0,"gold_loss":0.0,"damage_taken":0.0,"cards_obtained":["Hello World"]},{"damage_healed":0.0,"max_hp_gain":0.0,"max_hp_loss":0.0,"gold_gain":0.0,"event_name":"Mushrooms","player_choice":"Fought Mushrooms","floor":14.0,"gold_loss":0.0,"damage_taken":0.0},{"damage_healed":0.0,"max_hp_gain":0.0,"max_hp_loss":0.0,"gold_gain":0.0,"event_name":"Wheel of Change","player_choice":"Damaged","floor":19.0,"gold_loss":0.0,"damage_taken":10.0},{"cards_removed":["Regret"],"damage_healed":0,"gold_gain":0,"player_choice":"Upgrade and Remove","damage_taken":0,"max_hp_gain":0,"max_hp_loss":0,"event_name":"Designer","floor":21,"gold_loss":110,"cards_upgraded":["Echo Form"]}],"is_beta":false,"boss_relics":[{"not_picked":["Ectoplasm","Empty Cage"],"picked":"Sozu"}],"items_purged_floors":[],"is_endless":false,"potions_floor_spawned":[2,4,11,14],"killed_by":"Slavers","ascension_level":18}