{"gold_per_floor":[118,138,152,172,97,97,111,145,170,170,42,60,60,70,70,70],"floor_reached":16,"playtime":651,"items_purged":["Injury","Strike_B"],"score":187,"play_id":"dfd5fd40-f555-4dad-9ca4-8a7bffbe8a2e","local_time":"20190214222222","is_ascension_mode":true,"campfire_choices":[{"floor":6,"key":"REST"},{"data":"Defragment","floor":13,"key":"SMITH"},{"data":"Consume","floor":15,"key":"SMITH"}],"neow_cost":"CURSE","seed_source_timestamp":93285591769969,"circlet_count":0,"master_deck":["AscendersBane","Strike_B","Strike_B","Defend_B","Defend_B","Defend_B","Defend_B","Zap","Dualcast","Defragment+1","Cold Snap","Consume+1","Chill","Coolheaded","Tempest","Barrage","Coolheaded","Sweeping Beam"],"relics":["Cracked Core","Incense Burner","Ornamental Fan","Vajra"],"potions_floor_usage":[16],"damage_taken":[{"damage":0,"enemies":"Cultist","floor":1,"turns":4},{"damage":1,"enemies":"2 Louse","floor":2,"turns":4},{"damage":0,"enemies":"Small Slimes","floor":3,"turns":4},{"damage":41,"enemies":"Gremlin Gang","floor":4,"turns":6},{"damage":0,"enemies":"Blue Slaver","floor":7,"turns":5},{"damage":26,"enemies":"3 Sentries","floor":8,"turns":11},{"damage":0,"enemies":"3 Louse","floor":12,"turns":3},{"damage":0,"enemies":"Large Slime","floor":14,"turns":7},{"damage":22,"enemies":"Slime Boss","floor":16,"turns":6}],"seed_played":"1534783100552147176","potions_obtained":[{"floor":1,"key":"FearPotion"},{"floor":8,"key":"Strength Potion"}],"is_trial":false,"path_per_floor":["M","M","M","M","$","R","M","E","T","?","$","M","R","M","R","B"],"character_chosen":"DEFECT","items_purchased":["Barrage"],"campfire_rested":1,"item_purchase_floors":[11],"current_hp_per_floor":[64,63,63,22,22,43,43,17,17,10,10,10,10,10,10,0],"gold":70,"neow_bonus":"ONE_RARE_RELIC","is_prod":false,"is_daily":false,"chose_seed":false,"campfire_upgraded":2,"win_rate":0,"timestamp":1550200942,"path_taken":["M","?","?","M","$","R","M","E","T","?","$","M","R","M","R","BOSS"],"build_version":"2019-01-23","purchased_purges":2,"victory":false,"max_hp_per_floor":[71,71,71,71,71,71,71,71,71,71,71,71,71,71,71,71],"card_choices":[{"not_picked":["Coolheaded","Turbo"],"picked":"Defragment","floor":1},{"not_picked":["Streamline","Hello World"],"picked":"Cold Snap","floor":2},{"not_picked":["Stack","Redo"],"picked":"Consume","floor":3},{"not_picked":["Hello World","Hologram"],"picked":"Chill","floor":4},{"not_picked":["Barrage","Fusion"],"picked":"Coolheaded","floor":7},{"not_picked":["Lockon","Doom and Gloom"],"picked":"Tempest","floor":8},{"not_picked":["Meteor Strike","Barrage"],"picked":"Coolheaded","floor":12},{"not_picked":["Double Energy","Gash"],"picked":"Sweeping Beam","floor":14}],"player_experience":768556,"relics_obtained":[{"floor":8,"key":"Ornamental Fan"},{"floor":9,"key":"Vajra"}],"event_choices":[{"cards_removed":["Strike_B"],"damage_healed":0,"gold_gain":0,"player_choice":"Card Removal","damage_taken":7,"max_hp_gain":0,"max_hp_loss":0,"event_name":"Golden Wing","floor":10,"gold_loss":0}],"is_beta":false,"boss_relics":[],"items_purged_floors":[5,11],"is_endless":false,"potions_floor_spawned":[1,8,12,14],"killed_by":"Slime Boss","ascension_level":16}