{"gold_per_floor":[115,129,145,145,159,159,334,350,374,392,342,354,129,181,181,181],"floor_reached":16,"playtime":591,"items_purged":["Strike_G"],"score":118,"play_id":"06aad218-23e0-4356-9813-069ad0d9ad05","local_time":"20190104215404","is_ascension_mode":true,"campfire_choices":[{"data":"Crippling Poison","floor":6,"key":"SMITH"},{"floor":15,"key":"REST"}],"neow_cost":"NONE","seed_source_timestamp":1279793776684077,"circlet_count":0,"master_deck":["Defend_G","Defend_G","Defend_G","Defend_G","Defend_G","Strike_G","Strike_G","Strike_G","Strike_G","Survivor","Neutralize","Deflect","Crippling Poison+1","Madness","Neutralize","Caltrops","Caltrops","Adrenaline"],"relics":["Ring of the Snake","NeowsBlessing","Bronze Scales","Regal Pillow","Art of War"],"potions_floor_usage":[16,16],"damage_taken":[{"damage":0,"enemies":"2 Louse","floor":1,"turns":1},{"damage":0,"enemies":"Cultist","floor":2,"turns":1},{"damage":0,"enemies":"Small Slimes","floor":3,"turns":1},{"damage":15,"enemies":"Exordium Wildlife","floor":5,"turns":7},{"damage":6,"enemies":"Large Slime","floor":8,"turns":10},{"damage":3,"enemies":"3 Louse","floor":10,"turns":3},{"damage":17,"enemies":"Exordium Wildlife","floor":12,"turns":4},{"damage":67,"enemies":"Slime Boss","floor":16,"turns":15}],"seed_played":"498057262801224328","potions_obtained":[{"floor":1,"key":"Poison Potion"},{"floor":2,"key":"GamblersBrew"}],"is_trial":false,"path_per_floor":["M","M","M","?","M","R","?","M","T","M","?","M","$","T","R","B"],"character_chosen":"THE_SILENT","items_purchased":["Regal Pillow"],"campfire_rested":1,"item_purchase_floors":[13],"current_hp_per_floor":[70,70,70,70,55,55,55,49,49,46,46,29,29,29,65,0],"gold":181,"neow_bonus":"THREE_ENEMY_KILL","is_prod":false,"is_daily":false,"chose_seed":false,"campfire_upgraded":1,"win_rate":0,"timestamp":1546656844,"path_taken":["M","M","M","?","?","R","?","M","T","M","?","M","$","?","R","BOSS"],"build_version":"2019-01-03v3","purchased_purges":1,"victory":false,"max_hp_per_floor":[70,70,70,70,70,70,70,70,70,70,70,70,70,70,70,70],"card_choices":[{"not_picked":["Well Laid Plans","Quick Slash"],"picked":"Deflect","floor":1},{"not_picked":["Acrobatics","Masterful Stab"],"picked":"Crippling Poison","floor":2},{"not_picked":["Dagger Spray","Underhanded Strike","Wraith Form v2"],"picked":"SKIP","floor":3},{"not_picked":["Sucker Punch","Underhanded Strike"],"picked":"Caltrops","floor":5},{"not_picked":["Cloak And Dagger","PiercingWail"],"picked":"Caltrops","floor":8},{"not_picked":["Underhanded Strike","Slice","Flying Knee"],"picked":"SKIP","floor":10},{"not_picked":["PiercingWail","Deadly Poison"],"picked":"Adrenaline","floor":12}],"player_experience":311584,"relics_obtained":[{"floor":9,"key":"Bronze Scales"},{"floor":14,"key":"Art of War"}],"event_choices":[{"damage_healed":0,"gold_gain":0,"player_choice":"2 cards matched","damage_taken":0,"max_hp_gain":0,"max_hp_loss":0,"event_name":"Match and Keep!","floor":4,"gold_loss":0,"cards_obtained":["Madness","Neutralize"]},{"damage_healed":0,"gold_gain":175,"player_choice":"AGREE","damage_taken":0,"max_hp_gain":0,"max_hp_loss":0,"event_name":"Liars Game","floor":7,"gold_loss":0,"cards_obtained":["Doubt"]},{"cards_removed":["Doubt"],"damage_healed":0,"gold_gain":0,"player_choice":"Card Removal","damage_taken":0,"max_hp_gain":0,"max_hp_loss":0,"event_name":"The Cleric","floor":11,"gold_loss":50}],"is_beta":false,"boss_relics":[],"items_purged_floors":[13],"is_endless":false,"potions_floor_spawned":[1,2],"killed_by":"Slime Boss","ascension_level":5}