{"gold_per_floor":[111,130,141,157,157,157,188,188,236,255,273,296,296,23,23,119,169,179,179],"floor_reached":19,"playtime":1189,"items_purged":["Strike_R"],"score":245,"play_id":"53da6aea-a245-46d8-9439-1b8f5d7f45f0","local_time":"20190209090618","is_ascension_mode":true,"campfire_choices":[{"data":"Bash","floor":6,"key":"SMITH"},{"data":"Feed","floor":8,"key":"SMITH"},{"data":"True Grit","floor":13,"key":"SMITH"},{"floor":15,"key":"REST"}],"neow_cost":"NONE","seed_source_timestamp":13938734923628,"circlet_count":0,"master_deck":["Strike_R","Strike_R","Strike_R","Strike_R","Defend_R","Defend_R","Defend_R","Defend_R","Bash+1","Corruption","Spot Weakness","Heavy Blade+1","Feed+1","True Grit+1","Spot Weakness","Feel No Pain","Shrug It Off","Reaper+1","Metallicize","Dark Embrace","Shrug It Off"],"relics":["Burning Blood","Darkstone Periapt","Happy Flower","Odd Mushroom","Tiny House"],"potions_floor_usage":[1,3,4,12,18],"damage_taken":[{"damage":19,"enemies":"Cultist","floor":1,"turns":6},{"damage":24,"enemies":"Jaw Worm","floor":2,"turns":5},{"damage":0,"enemies":"Small Slimes","floor":3,"turns":2},{"damage":1,"enemies":"Blue Slaver","floor":4,"turns":5},{"damage":40,"enemies":"3 Sentries","floor":7,"turns":9},{"damage":16,"enemies":"Looter","floor":10,"turns":4},{"damage":2,"enemies":"Exordium Wildlife","floor":11,"turns":3},{"damage":12,"enemies":"The Mushroom Lair","floor":12,"turns":4},{"damage":23,"enemies":"Slime Boss","floor":16,"turns":9},{"damage":57,"enemies":"2 Thieves","floor":18,"turns":5},{"damage":70,"enemies":"3 Byrds","floor":19,"turns":5}],"seed_played":"206650953846798917","potions_obtained":[{"floor":0,"key":"Strength Potion"},{"floor":0,"key":"FearPotion"},{"floor":0,"key":"GamblersBrew"},{"floor":1,"key":"Dexterity Potion"},{"floor":2,"key":"FairyPotion"},{"floor":3,"key":"SpeedPotion"},{"floor":10,"key":"Fire Potion"},{"floor":16,"key":"SneckoOil"},{"floor":17,"key":"EntropicBrew"}],"is_trial":false,"path_per_floor":["M","M","M","M","?","R","E","R","T","M","M","?","R","$","R","B",null,"M","M"],"character_chosen":"IRONCLAD","items_purchased":["Shrug It Off","Reaper","Metallicize"],"campfire_rested":1,"item_purchase_floors":[14,14,14],"current_hp_per_floor":[59,41,47,52,52,52,18,18,18,12,20,18,18,18,45,32,85,48,0],"gold":179,"neow_bonus":"THREE_SMALL_POTIONS","is_prod":false,"is_daily":false,"chose_seed":false,"campfire_upgraded":3,"win_rate":0,"timestamp":1549731978,"path_taken":["M","M","M","?","?","R","E","R","T","?","M","?","R","$","R","BOSS","M","M"],"build_version":"2019-01-23","purchased_purges":1,"victory":false,"max_hp_per_floor":[80,80,80,80,80,80,80,80,80,84,88,92,92,92,92,96,101,105,105],"card_choices":[{"not_picked":["Warcry","Bloodletting"],"picked":"Corruption","floor":1},{"not_picked":["Thunderclap","Reckless Charge","Dropkick"],"picked":"SKIP","floor":2},{"not_picked":["Iron Wave","Pummel"],"picked":"Spot Weakness","floor":3},{"not_picked":["Rage","Wild Strike"],"picked":"Heavy Blade","floor":4},{"not_picked":["Body Slam","Clash"],"picked":"Feed","floor":7},{"not_picked":["Corruption","Clash"],"picked":"True Grit","floor":10},{"not_picked":["Iron Wave","Perfected Strike"],"picked":"Spot Weakness","floor":11},{"not_picked":["Combust","Second Wind"],"picked":"Feel No Pain","floor":12},{"not_picked":["Juggernaut","Bludgeon"],"picked":"Dark Embrace","floor":16},{"not_picked":["Second Wind","Flex"],"picked":"Shrug It Off","floor":18}],"player_experience":305973,"relics_obtained":[{"floor":7,"key":"Darkstone Periapt"},{"floor":9,"key":"Happy Flower"},{"floor":12,"key":"Odd Mushroom"}],"event_choices":[{"damage_healed":0,"gold_gain":0,"player_choice":"Upgraded","damage_taken":0,"max_hp_gain":0,"max_hp_loss":0,"event_name":"Upgrade Shrine","floor":5,"gold_loss":0,"cards_upgraded":["Heavy Blade"]},{"damage_healed":0,"gold_gain":0,"player_choice":"Fought Mushrooms","damage_taken":0,"max_hp_gain":0,"max_hp_loss":0,"event_name":"Mushrooms","floor":12,"gold_loss":0}],"is_beta":false,"boss_relics":[{"not_picked":["Snecko Eye","Pandora\u0027s Box"],"picked":"Tiny House"}],"items_purged_floors":[14],"is_endless":false,"potions_floor_spawned":[1,2,3,10,16],"killed_by":"3 Byrds","ascension_level":6}