{"gold_per_floor":[116,116,78,78,95,128,128,160,187,219,219,231,406,424,424,519,519,533,553,280,299,9,9,9],"floor_reached":24,"playtime":1228,"items_purged":["Doubt"],"score":422,"play_id":"9f9bb64c-cd95-4fab-96bd-130eae97d541","local_time":"20190220191659","is_ascension_mode":true,"campfire_choices":[{"data":"True Grit","floor":7.0,"key":"SMITH"},{"floor":11.0,"key":"REST"},{"floor":15.0,"key":"REST"},{"data":"Metallicize","floor":23,"key":"SMITH"}],"neow_cost":"NONE","seed_source_timestamp":0,"circlet_count":0,"master_deck":["AscendersBane","Strike_R","Strike_R","Strike_R","Strike_R","Defend_R","Defend_R+1","Defend_R","Defend_R+1","Bash","Armaments+1","Metallicize+1","True Grit+1","Flame Barrier","Demon Form","Battle Trance","Heavy Blade","Shrug It Off+1"],"special_seed":0,"relics":["Burning Blood","NeowsBlessing","War Paint","Pen Nib","Blood Vial","PreservedInsect","Busted Crown","Sling","Toxic Egg 2"],"potions_floor_usage":[21,21,24],"damage_taken":[{"damage":0.0,"enemies":"Small Slimes","floor":1.0,"turns":1.0},{"damage":0.0,"enemies":"2 Louse","floor":5.0,"turns":1.0},{"damage":0.0,"enemies":"Lagavulin","floor":6.0,"turns":1.0},{"damage":15.0,"enemies":"3 Sentries","floor":8.0,"turns":12.0},{"damage":72.0,"enemies":"Gremlin Nob","floor":10.0,"turns":7.0},{"damage":8.0,"enemies":"Jaw Worm","floor":12.0,"turns":5.0},{"damage":20.0,"enemies":"Gremlin Gang","floor":14.0,"turns":8.0},{"damage":21.0,"enemies":"The Guardian","floor":16.0,"turns":12.0},{"damage":6,"enemies":"Shell Parasite","floor":18,"turns":8},{"damage":28,"enemies":"3 Byrds","floor":19,"turns":5},{"damage":13,"enemies":"Cultist and Chosen","floor":21,"turns":6},{"damage":52,"enemies":"Slavers","floor":24,"turns":4}],"seed_played":"-7405194219893678200","potions_obtained":[{"floor":1.0,"key":"PowerPotion"},{"floor":8.0,"key":"FearPotion"},{"floor":12.0,"key":"Swift Potion"},{"floor":21,"key":"GamblersBrew"}],"is_trial":false,"path_per_floor":["M","?","$","?","M","E","R","E","T","E","R","M","?","M","R","B",null,"M","M","$","M","$","R","E"],"character_chosen":"IRONCLAD","items_purchased":["Metallicize","Sling","Toxic Egg 2","Shrug It Off+1"],"campfire_rested":2,"item_purchase_floors":[3,20,22,22],"current_hp_per_floor":[78,71,71,71,77,80,80,71,71,7,31,31,31,19,43,30,68,70,50,50,45,45,45,0],"gold":9,"neow_bonus":"THREE_ENEMY_KILL","is_prod":false,"is_daily":false,"chose_seed":false,"campfire_upgraded":2,"win_rate":0,"timestamp":1550719019,"path_taken":["M","?","$","?","?","E","R","E","T","E","R","?","?","M","R","BOSS","M","M","$","M","$","R","E"],"build_version":"2019-01-23","purchased_purges":1,"victory":false,"max_hp_per_floor":[80,80,80,80,80,80,80,80,80,80,80,80,80,80,80,80,80,80,80,80,80,80,80,80],"card_choices":[{"not_picked":["Ghostly Armor","Dual Wield"],"picked":"Armaments","floor":1.0},{"not_picked":["Clash","Twin Strike"],"picked":"True Grit","floor":5.0},{"not_picked":["Spot Weakness","Heavy Blade"],"picked":"Flame Barrier","floor":6.0},{"not_picked":["Corruption","Intimidate","Thunderclap"],"picked":"SKIP","floor":8.0},{"not_picked":["Whirlwind","Thunderclap"],"picked":"Demon Form","floor":10.0},{"not_picked":["Clothesline","Thunderclap"],"picked":"Battle Trance","floor":12.0},{"not_picked":["Combust","Perfected Strike"],"picked":"Heavy Blade","floor":14.0},{"not_picked":["Perfected Strike"],"picked":"SKIP","floor":18},{"not_picked":["Perfected Strike"],"picked":"SKIP","floor":19},{"not_picked":["Sever Soul"],"picked":"SKIP","floor":21}],"player_experience":442189,"relics_obtained":[{"floor":6.0,"key":"War Paint"},{"floor":8.0,"key":"Pen Nib"},{"floor":9.0,"key":"Blood Vial"},{"floor":10.0,"key":"PreservedInsect"}],"event_choices":[{"cards_removed":["Strike_R"],"damage_healed":0.0,"max_hp_gain":0.0,"max_hp_loss":0.0,"gold_gain":0.0,"event_name":"Golden Wing","player_choice":"Card Removal","floor":2.0,"gold_loss":0.0,"damage_taken":7.0},{"damage_healed":0.0,"max_hp_gain":0.0,"max_hp_loss":0.0,"gold_gain":0.0,"event_name":"Living Wall","player_choice":"Grow","floor":4.0,"gold_loss":0.0,"damage_taken":0.0,"cards_upgraded":["Armaments"]},{"damage_healed":0.0,"max_hp_gain":0.0,"max_hp_loss":0.0,"gold_gain":175.0,"event_name":"Liars Game","player_choice":"AGREE","floor":13.0,"gold_loss":0.0,"damage_taken":0.0,"cards_obtained":["Doubt"]}],"is_beta":false,"boss_relics":[{"not_picked":["Snecko Eye","Astrolabe"],"picked":"Busted Crown"}],"items_purged_floors":[20],"is_endless":false,"potions_floor_spawned":[1,8,12,21],"killed_by":"Slavers","ascension_level":12}