{"path_per_floor":["M","M","?","?","$","R","M","M","T","R","M","?","R","E","R","B",null,"M","M","$","?","?","R","?","M","T","M","T","M","R","?","R","B",null,"M","M","$","M"],"character_chosen":"DEFECT","items_purchased":["Fruit Juice","Leap","Defragment","Pear"],"gold_per_floor":[112,123,123,123,19,19,44,67,135,135,159,159,159,199,199,328,328,312,337,290,390,390,390,428,444,444,468,468,482,482,482,482,606,606,627,646,351,376,376],"floor_reached":39,"campfire_rested":2,"playtime":2429,"item_purchase_floors":[5,20,37,37],"current_hp_per_floor":[75,62,67,47,47,47,50,41,41,41,34,34,59,41,41,14,85,69,52,52,52,52,52,28,16,16,15,15,22,54,54,54,14,59,31,22,32,29,0],"items_purged":[],"gold":376,"score":425,"play_id":"d6cb6d0e-3b88-491e-9d65-d1444f543382","local_time":"20180611225354","is_prod":false,"is_daily":false,"chose_seed":false,"is_ascension_mode":true,"campfire_upgraded":5,"win_rate":0.0,"timestamp":1528782834,"campfire_choices":[{"data":"Zap","floor":6,"key":"SMITH"},{"data":"Dualcast","floor":10,"key":"SMITH"},{"floor":13,"key":"REST"},{"data":"Conserve Battery","floor":15,"key":"SMITH"},{"data":"Redo","floor":23,"key":"SMITH"},{"floor":30,"key":"REST"},{"data":"Rainbow","floor":32,"key":"SMITH"}],"path_taken":["M","M","?","?","$","R","M","?","T","R","M","?","R","E","R","BOSS","M","M","$","?","?","R","?","M","T","M","?","?","R","?","R","BOSS","M","?","$","M","M"],"build_version":"2018-06-07v3","seed_source_timestamp":1775384910259179,"purchased_purges":0,"victory":false,"master_deck":["Defend_B","Defend_B","Defend_B","Defend_B","Zap+1","Dualcast+1","Darkness+1","Sweeping Beam","Conserve Battery+1","Cold Snap","Echo Form","Redo+1","Capacitor+1","Leap","Bite","Bite","Bite","Bite","Bite","Go for the Eyes","Go for the Eyes","Rainbow+1","Leap","Reboot","Glacier","Hologram","Defragment","Beam Cell+1"],"max_hp_per_floor":[75,75,80,80,80,80,85,85,85,85,85,85,85,85,85,85,85,85,85,85,85,59,59,59,59,59,59,59,59,59,59,59,59,59,59,59,69,69,69],"relics":["Cracked Core","Golden Idol","Bottled Lightning","Happy Flower","Sozu","Red Mask","Regal Pillow","Dodecahedron","Eternal Feather","Pear"],"card_choices":[{"not_picked":["Reinforced Body","Hologram"],"picked":"Darkness","floor":1},{"not_picked":["Ball Lightning","Conserve Battery"],"picked":"Sweeping Beam","floor":2},{"not_picked":["Auto Shields","Turbo"],"picked":"Conserve Battery","floor":7},{"not_picked":["Stack","Auto Shields","Sweeping Beam"],"picked":"SKIP","floor":8},{"not_picked":["Rebound","Streamline"],"picked":"Cold Snap","floor":11},{"not_picked":["White Noise","Conserve Battery","Steam"],"picked":"SKIP","floor":14},{"not_picked":["Meteor Strike","Amplify"],"picked":"Echo Form","floor":16},{"not_picked":["Barrage","Lockon"],"picked":"Redo","floor":18},{"not_picked":["Ball Lightning+1","Lockon"],"picked":"Capacitor+1","floor":19},{"not_picked":["Cold Snap+1","Gash"],"picked":"Go for the Eyes","floor":25},{"not_picked":["Melter","Cold Snap"],"picked":"Go for the Eyes","floor":27},{"not_picked":["Doom and Gloom","Turbo"],"picked":"Rainbow","floor":29},{"not_picked":["Amplify","Echo Form"],"picked":"Reboot","floor":33},{"not_picked":["Streamline+1","Force Field+1"],"picked":"Glacier","floor":35},{"not_picked":["Compile Driver","Go for the Eyes"],"picked":"Hologram","floor":36},{"not_picked":["White Noise+1","Chill"],"picked":"Beam Cell+1","floor":38}],"player_experience":197685,"potions_floor_usage":[7,24,27],"damage_taken":[{"damage":0,"enemies":"Small Slimes","floor":1,"turns":3},{"damage":13,"enemies":"Jaw Worm","floor":2,"turns":5},{"damage":2,"enemies":"2 Louse","floor":7,"turns":2},{"damage":9,"enemies":"Gremlin Gang","floor":8,"turns":4},{"damage":7,"enemies":"Blue Slaver","floor":11,"turns":3},{"damage":18,"enemies":"3 Sentries","floor":14,"turns":5},{"damage":27,"enemies":"The Guardian","floor":16,"turns":10},{"damage":16,"enemies":"2 Thieves","floor":18,"turns":4},{"damage":17,"enemies":"Spheric Guardian","floor":19,"turns":4},{"damage":36,"floor":24,"turns":6},{"damage":26,"enemies":"Snake Plant","floor":25,"turns":5},{"damage":15,"enemies":"Snecko","floor":27,"turns":6},{"damage":11,"enemies":"Centurion and Healer","floor":29,"turns":7},{"damage":64,"enemies":"Automaton","floor":33,"turns":11},{"damage":42,"enemies":"3 Darklings","floor":35,"turns":8},{"damage":17,"enemies":"Orb Walker","floor":36,"turns":3},{"damage":11,"enemies":"Sphere and 2 Shapes","floor":38,"turns":6},{"damage":35,"enemies":"3 Darklings","floor":39,"turns":2}],"relics_obtained":[{"floor":9,"key":"Bottled Lightning"},{"floor":14,"key":"Happy Flower"},{"floor":24,"key":"Red Mask"},{"floor":26,"key":"Regal Pillow"},{"floor":28,"key":"Dodecahedron"}],"event_choices":[{"event_name":"Big Fish","player_choice":"Donut","floor":3,"damage_taken":0},{"event_name":"Golden Idol","player_choice":"Take Damage","floor":4,"damage_taken":0},{"event_name":"Upgrade Shrine","player_choice":"Upgraded","floor":12,"damage_taken":0},{"event_name":"Golden Shrine","player_choice":"Pray","floor":21,"damage_taken":0},{"event_name":"Vampires","player_choice":"Became a vampire","floor":22,"damage_taken":0},{"event_name":"Masked Bandits","player_choice":"Fought over 390 gold","floor":24,"damage_taken":0},{"event_name":"The Library","player_choice":"Read","floor":31,"damage_taken":0}],"boss_relics":[{"not_picked":["Black Star","Lizard Tail"],"picked":"Sozu"},{"not_picked":["Snecko Eye","Calling Bell"],"picked":"Eternal Feather"}],"items_purged_floors":[],"potions_floor_spawned":[1,7,14,16,18,19,27,29],"seed_played":"7409501403340627537","killed_by":"3 Darklings","ascension_level":1,"potions_obtained":[{"floor":1,"key":"FearPotion"},{"floor":7,"key":"Block Potion"},{"floor":14,"key":"SneckoOil"}],"is_trial":false}