{"gold_per_floor":[110,110,125,2,17,17,32,58,113,113,113],"floor_reached":11,"playtime":377,"items_purged":["Strike_B"],"score":117,"play_id":"5c99102e-6c6d-4663-85fd-d343ccec7182","local_time":"20190129221525","is_ascension_mode":true,"campfire_choices":[{"data":"Storm","floor":6.0,"key":"SMITH"},{"data":"Defragment","floor":10,"key":"SMITH"}],"neow_cost":"NONE","seed_source_timestamp":1029242557694644,"circlet_count":0,"master_deck":["AscendersBane","Strike_B","Strike_B","Defend_B","Defend_B","Defend_B","Defend_B","Zap","Dualcast","Storm+1","Genetic Algorithm","Defragment+1","Self Repair","Redo","Capacitor"],"special_seed":0,"relics":["Cracked Core","Bottled Tornado"],"potions_floor_usage":[],"damage_taken":[{"damage":11.0,"enemies":"Small Slimes","floor":1.0,"turns":4.0},{"damage":12.0,"enemies":"2 Louse","floor":3.0,"turns":3.0},{"damage":0.0,"enemies":"Cultist","floor":5.0,"turns":3.0},{"damage":23.0,"enemies":"Exordium Thugs","floor":7.0,"turns":4.0},{"damage":23.0,"enemies":"3 Sentries","floor":8.0,"turns":6.0},{"damage":31,"enemies":"Gremlin Nob","floor":11,"turns":3}],"seed_played":"-7858662588049527141","potions_obtained":[{"floor":5.0,"key":"Regen Potion"}],"is_trial":false,"path_per_floor":["M","?","M","$","M","R","M","E","T","R","E"],"character_chosen":"DEFECT","items_purchased":["Block Potion"],"campfire_rested":0,"item_purchase_floors":[4],"current_hp_per_floor":[57,57,45,45,45,45,29,28,28,28,0],"gold":113,"neow_bonus":"TRANSFORM_CARD","is_prod":false,"is_daily":false,"chose_seed":false,"campfire_upgraded":2,"win_rate":0,"timestamp":1548818125,"path_taken":["M","?","M","$","M","R","M","E","T","R","E"],"build_version":"2019-01-23","purchased_purges":1,"victory":false,"max_hp_per_floor":[75,75,75,75,75,75,75,75,75,75,75],"card_choices":[{"not_picked":["Redo","Stack"],"picked":"Genetic Algorithm","floor":1.0},{"not_picked":["Conserve Battery","Leap"],"picked":"Defragment","floor":3.0},{"not_picked":["Rip and Tear","Stack"],"picked":"Self Repair","floor":5.0},{"not_picked":["Ball Lightning","Streamline"],"picked":"Redo","floor":7.0},{"not_picked":["Go for the Eyes","All For One"],"picked":"Capacitor","floor":8.0}],"player_experience":547774,"relics_obtained":[{"floor":8.0,"key":"Bottled Tornado"}],"event_choices":[{"damage_healed":0.0,"max_hp_gain":0.0,"max_hp_loss":0.0,"gold_gain":0.0,"event_name":"Scrap Ooze","player_choice":"Fled","floor":2.0,"gold_loss":0.0,"damage_taken":0.0}],"is_beta":false,"boss_relics":[],"items_purged_floors":[4],"is_endless":false,"potions_floor_spawned":[5],"killed_by":"Gremlin Nob","ascension_level":12}