{"gold_per_floor":[111,286,302,302,312,337,337,337,337,337,61,61,102,121,121,245,245,259,284,284,309,209,244,244,256,256,256,256,256,256,273,273,273],"floor_reached":33,"playtime":1543,"items_purged":["Regret","Doubt"],"score":298,"play_id":"7176f4e2-81e9-4bdc-84c4-308de0ededc6","local_time":"20190129230518","is_ascension_mode":true,"campfire_choices":[{"data":"Zap","floor":7,"key":"SMITH"},{"floor":10,"key":"REST"},{"data":"Redo","floor":15,"key":"SMITH"},{"data":"Dualcast","floor":24,"key":"SMITH"},{"data":"Rainbow","floor":28,"key":"SMITH"},{"data":"Coolheaded","floor":30,"key":"SMITH"},{"floor":32,"key":"REST"}],"neow_cost":"NONE","seed_source_timestamp":1642085761171070,"circlet_count":0,"master_deck":["Strike_B","Strike_B","Strike_B","Strike_B","Defend_B","Defend_B+1","Defend_B","Defend_B","Zap+1","Dualcast+1","Cold Snap","Redo+1","Cold Snap","Rainbow+1","Coolheaded+1","Injury","Beam Cell","Rainbow","Leap+1","Parasite","Hologram+1","Streamline+1","Decay","Decay","Sweeping Beam+1"],"relics":["Cracked Core","NeowsBlessing","Blue Candle","Matryoshka","Turnip","Art of War","Gremlin Horn","Bloody Idol","Anchor","Cursed Key","Boot","Dream Catcher","War Paint","The Courier","Pen Nib"],"potions_floor_usage":[6,16,23,23],"damage_taken":[{"damage":0,"enemies":"Jaw Worm","floor":1,"turns":1},{"damage":0,"enemies":"Small Slimes","floor":3,"turns":1},{"damage":0,"enemies":"Cultist","floor":5,"turns":1},{"damage":37,"enemies":"Lagavulin","floor":6,"turns":6},{"damage":8,"enemies":"3 Sentries","floor":13,"turns":6},{"damage":12,"enemies":"Large Slime","floor":14,"turns":4},{"damage":31,"enemies":"Hexaghost","floor":16,"turns":10},{"damage":1,"enemies":"Shell Parasite","floor":18,"turns":6},{"damage":10,"enemies":"2 Thieves","floor":19,"turns":4},{"damage":23,"enemies":"Slavers","floor":23,"turns":7},{"damage":15,"enemies":"Snake Plant","floor":25,"turns":4},{"damage":14,"enemies":"Snecko","floor":31,"turns":5},{"damage":63,"enemies":"Champ","floor":33,"turns":11}],"seed_played":"660073663422602080","potions_obtained":[{"floor":5,"key":"Fire Potion"},{"floor":13,"key":"EssenceOfSteel"},{"floor":16,"key":"GamblersBrew"},{"floor":19,"key":"AttackPotion"},{"floor":23,"key":"Poison Potion"}],"is_trial":false,"path_per_floor":["M","?","M","?","M","E","R","?","T","R","$","?","E","M","R","B",null,"M","M","?","T","$","E","R","M","T","?","R","T","R","M","R","B"],"character_chosen":"DEFECT","items_purchased":["Rainbow","Coolheaded"],"campfire_rested":2,"item_purchase_floors":[11,11],"current_hp_per_floor":[75,75,75,75,75,38,38,38,38,60,60,60,52,40,40,9,75,74,64,64,69,69,51,51,41,41,41,41,41,41,32,54,0],"gold":273,"neow_bonus":"THREE_ENEMY_KILL","is_prod":false,"is_daily":false,"chose_seed":false,"campfire_upgraded":5,"win_rate":0,"timestamp":1548831918,"path_taken":["M","?","M","?","?","E","R","?","T","R","$","?","E","M","R","BOSS","M","M","?","?","$","E","R","M","T","?","R","?","R","M","R","BOSS"],"build_version":"2019-01-23","purchased_purges":2,"victory":false,"max_hp_per_floor":[75,75,75,75,75,75,75,75,75,75,75,75,75,75,75,75,75,75,75,75,75,75,75,75,75,75,75,75,75,75,75,75,75],"card_choices":[{"not_picked":["Compile Driver","Recycle"],"picked":"Cold Snap","floor":1},{"not_picked":["Stack","Genetic Algorithm"],"picked":"Hologram","floor":3},{"not_picked":["Undo","Cold Snap"],"picked":"Redo","floor":5},{"not_picked":["Turbo","Steam"],"picked":"Cold Snap","floor":6},{"not_picked":["Tempest","Compile Driver","Sunder"],"picked":"SKIP","floor":13},{"not_picked":["Rebound","Chaos"],"picked":"Beam Cell","floor":14},{"not_picked":["Meteor Strike","Electrodynamics"],"picked":"Rainbow","floor":16},{"not_picked":["Cold Snap","Undo"],"picked":"Leap","floor":18},{"not_picked":["Streamline","Compile Driver","Steam Power+1"],"picked":"SKIP","floor":19},{"not_picked":["Heatsinks","FTL"],"picked":"Hologram+1","floor":23},{"not_picked":["BootSequence","Gash+1"],"picked":"Streamline+1","floor":25},{"not_picked":["Fusion","Sunder"],"picked":"Sweeping Beam+1","floor":31}],"player_experience":249460,"relics_obtained":[{"floor":6,"key":"Matryoshka"},{"floor":9,"key":"Art of War"},{"floor":9,"key":"Gremlin Horn"},{"floor":13,"key":"Anchor"},{"floor":21,"key":"Boot"},{"floor":21,"key":"Dream Catcher"},{"floor":23,"key":"War Paint"},{"floor":26,"key":"The Courier"},{"floor":29,"key":"Pen Nib"}],"event_choices":[{"damage_healed":0,"gold_gain":175,"player_choice":"AGREE","damage_taken":0,"max_hp_gain":0,"max_hp_loss":0,"event_name":"Liars Game","floor":2,"gold_loss":0,"cards_obtained":["Doubt"]},{"cards_removed":["Hologram"],"damage_healed":0,"gold_gain":0,"player_choice":"Gave Card","damage_taken":0,"relics_obtained":["Blue Candle"],"max_hp_gain":0,"max_hp_loss":0,"event_name":"WeMeetAgain","floor":4,"gold_loss":0},{"damage_healed":0,"gold_gain":0,"player_choice":"Box","damage_taken":0,"relics_obtained":["Turnip"],"max_hp_gain":0,"max_hp_loss":0,"event_name":"Big Fish","floor":8,"gold_loss":0,"cards_obtained":["Regret"]},{"damage_healed":0,"gold_gain":0,"player_choice":"Take Wound","damage_taken":0,"relics_obtained":["Golden Idol"],"max_hp_gain":0,"max_hp_loss":0,"event_name":"Golden Idol","floor":12,"gold_loss":0,"cards_obtained":["Injury"]},{"damage_healed":0,"gold_gain":0,"player_choice":"Gave Idol","damage_taken":0,"relics_obtained":["Bloody Idol"],"max_hp_gain":0,"max_hp_loss":0,"event_name":"Forgotten Altar","floor":20,"relics_lost":["Golden Idol"],"gold_loss":0},{"damage_healed":0,"gold_gain":0,"player_choice":"Ignored","damage_taken":0,"max_hp_gain":0,"max_hp_loss":0,"event_name":"Ghosts","floor":27,"gold_loss":0}],"is_beta":false,"boss_relics":[{"not_picked":["Black Star","Runic Dome"],"picked":"Cursed Key"}],"items_purged_floors":[11,22],"is_endless":false,"potions_floor_spawned":[5,13,16,19,23],"killed_by":"Champ","ascension_level":2}