{"gold_per_floor":[115,115,115,115,139,139,175,188,268,294,347,362,375,410,410,536,536,559,484,484,507,527,527],"floor_reached":23,"playtime":1166,"items_purged":[],"score":211,"play_id":"1aad6509-d95f-4e71-bada-57c8475047fd","local_time":"20190101231319","is_ascension_mode":true,"campfire_choices":[{"floor":6,"key":"REST"},{"floor":15,"key":"REST"}],"neow_cost":"NONE","seed_source_timestamp":43602566289379,"circlet_count":0,"master_deck":["Strike_R","Strike_R+1","Strike_R+1","Strike_R","Strike_R","Defend_R","Defend_R","Defend_R","Defend_R","Clash","Metallicize","Metallicize","Anger","Seeing Red","Reaper","Cleave","Flex"],"relics":["Burning Blood","Golden Idol","Pen Nib","Mummified Hand","Odd Mushroom","Centennial Puzzle","Letter Opener","Eternal Feather"],"potions_floor_usage":[23],"damage_taken":[{"damage":7,"enemies":"Small Slimes","floor":1,"turns":5},{"damage":2,"enemies":"Jaw Worm","floor":5,"turns":4},{"damage":36,"enemies":"Lagavulin","floor":7,"turns":7},{"damage":0,"enemies":"2 Louse","floor":8,"turns":2},{"damage":22,"enemies":"The Mushroom Lair","floor":10,"turns":5},{"damage":2,"enemies":"2 Fungi Beasts","floor":12,"turns":5},{"damage":12,"enemies":"Large Slime","floor":13,"turns":9},{"damage":8,"enemies":"Gremlin Nob","floor":14,"turns":3},{"damage":13,"enemies":"Slime Boss","floor":16,"turns":7},{"damage":12,"enemies":"Shell Parasite","floor":18,"turns":7},{"damage":8,"enemies":"Spheric Guardian","floor":21,"turns":4},{"damage":31,"enemies":"Centurion and Healer","floor":22,"turns":5},{"damage":83,"enemies":"Gremlin Leader","floor":23,"turns":9}],"seed_played":"2851179590040773112","potions_obtained":[{"floor":1,"key":"SteroidPotion"},{"floor":13,"key":"SteroidPotion"},{"floor":18,"key":"SteroidPotion"}],"is_trial":false,"path_per_floor":["M","?","?","?","M","R","E","M","T","?","T","M","M","E","R","B",null,"M","?","?","M","M","E"],"character_chosen":"IRONCLAD","items_purchased":[],"campfire_rested":2,"item_purchase_floors":[],"current_hp_per_floor":[87,87,69,47,51,77,47,53,53,37,37,41,35,33,59,52,88,86,86,86,84,63,0],"gold":527,"neow_bonus":"TEN_PERCENT_HP_BONUS","is_prod":false,"is_daily":false,"chose_seed":false,"campfire_upgraded":0,"win_rate":0,"timestamp":1546351999,"path_taken":["M","?","?","?","M","R","E","M","T","?","?","M","?","E","R","BOSS","M","?","?","M","?","E"],"build_version":"2018-12-20","purchased_purges":0,"victory":false,"max_hp_per_floor":[88,88,88,88,88,88,88,88,88,88,88,88,88,88,88,88,88,88,88,88,88,88,88],"card_choices":[{"not_picked":["True Grit","Dropkick","Armaments"],"picked":"SKIP","floor":1},{"not_picked":["Sword Boomerang","True Grit"],"picked":"Clash","floor":5},{"not_picked":["Hemokinesis","Whirlwind"],"picked":"Offering","floor":7},{"not_picked":["Perfected Strike","Body Slam","Combust"],"picked":"SKIP","floor":8},{"not_picked":["Warcry","Reckless Charge"],"picked":"Metallicize","floor":10},{"not_picked":["Spot Weakness","Sever Soul"],"picked":"Metallicize","floor":12},{"not_picked":["Heavy Blade","Body Slam"],"picked":"Anger","floor":13},{"not_picked":["Carnage","True Grit"],"picked":"Seeing Red","floor":14},{"not_picked":["Dark Embrace","Offering"],"picked":"Reaper","floor":16},{"not_picked":["Whirlwind","Heavy Blade"],"picked":"Cleave","floor":18},{"not_picked":["Pummel","Thunderclap+1"],"picked":"Flex","floor":21},{"not_picked":["Feel No Pain","Body Slam+1","Pommel Strike+1"],"picked":"SKIP","floor":22}],"player_experience":20174,"relics_obtained":[{"floor":7,"key":"Pen Nib"},{"floor":9,"key":"Mummified Hand"},{"floor":10,"key":"Odd Mushroom"},{"floor":11,"key":"Centennial Puzzle"},{"floor":14,"key":"Letter Opener"}],"event_choices":[{"cards_removed":["Bash"],"damage_healed":0,"gold_gain":0,"player_choice":"Forget","damage_taken":0,"max_hp_gain":0,"max_hp_loss":0,"event_name":"Living Wall","floor":2,"gold_loss":0},{"damage_healed":0,"gold_gain":0,"player_choice":"Entered Light","damage_taken":18,"max_hp_gain":0,"max_hp_loss":0,"event_name":"Shining Light","floor":3,"gold_loss":0,"cards_upgraded":["Strike_R","Strike_R"]},{"damage_healed":0,"gold_gain":0,"player_choice":"Take Damage","damage_taken":22,"relics_obtained":["Golden Idol"],"max_hp_gain":0,"max_hp_loss":0,"event_name":"Golden Idol","floor":4,"gold_loss":0},{"damage_healed":0,"gold_gain":0,"player_choice":"Fought Mushrooms","damage_taken":0,"max_hp_gain":0,"max_hp_loss":0,"event_name":"Mushrooms","floor":10,"gold_loss":0},{"cards_removed":["Offering"],"damage_healed":0,"gold_gain":0,"player_choice":"Gave Gold","damage_taken":0,"max_hp_gain":0,"max_hp_loss":0,"event_name":"Beggar","floor":19,"gold_loss":75},{"damage_healed":0,"gold_gain":0,"player_choice":"Bought 0 Potions","damage_taken":0,"max_hp_gain":0,"max_hp_loss":0,"event_name":"The Woman in Blue","floor":20,"gold_loss":0}],"is_beta":false,"boss_relics":[{"not_picked":["Orrery","Fusion Hammer"],"picked":"Eternal Feather"}],"items_purged_floors":[],"is_endless":false,"potions_floor_spawned":[1,8,13,18,21],"killed_by":"Gremlin Leader","ascension_level":1}