{"gold_per_floor":[115,115,115,26,38,72,72,97,97,22,41,55,68,68,68,68],"floor_reached":16,"playtime":545,"items_purged":["Strike_G"],"score":243,"play_id":"e3fd3af8-68d9-4851-9996-15fdcc9ccb05","local_time":"20190221160853","is_ascension_mode":true,"campfire_choices":[{"data":"Dash","floor":7,"key":"SMITH"},{"data":"Parasite","floor":15,"key":"PURGE"}],"neow_cost":"NONE","seed_source_timestamp":192356016153140,"circlet_count":0,"master_deck":["AscendersBane","Defend_G+1","Defend_G","Defend_G","Defend_G","Defend_G","Strike_G","Strike_G","Strike_G","Strike_G","Survivor","Neutralize","Backflip+1","Footwork","Dash+1","Cloak And Dagger","Flying Knee","Cloak And Dagger","Flying Knee","Escape Plan"],"relics":["Ring of the Snake","NeowsBlessing","Peace Pipe","Ice Cream","Anchor","Mummified Hand"],"potions_floor_usage":[16,16],"damage_taken":[{"damage":0,"enemies":"2 Louse","floor":1,"turns":1},{"damage":0,"enemies":"Jaw Worm","floor":5,"turns":1},{"damage":0,"enemies":"Lagavulin","floor":6,"turns":1},{"damage":30,"enemies":"Gremlin Nob","floor":8,"turns":6},{"damage":0,"enemies":"Small Slimes","floor":11,"turns":3},{"damage":0,"enemies":"Blue Slaver","floor":12,"turns":4},{"damage":1,"enemies":"Looter","floor":13,"turns":4},{"damage":24,"enemies":"Slime Boss","floor":16,"turns":15}],"seed_played":"3813986837384378737","potions_obtained":[{"floor":8,"key":"SpeedPotion"},{"floor":12,"key":"Ancient Potion"}],"is_trial":false,"path_per_floor":["M","?","T","$","M","E","R","E","T","$","M","M","M","?","R","B"],"character_chosen":"THE_SILENT","items_purchased":["Footwork"],"campfire_rested":0,"item_purchase_floors":[4],"current_hp_per_floor":[59,39,39,39,39,39,39,9,9,9,9,9,8,24,24,0],"gold":68,"neow_bonus":"THREE_ENEMY_KILL","is_prod":false,"is_daily":false,"chose_seed":false,"campfire_upgraded":1,"win_rate":0,"timestamp":1550783333,"path_taken":["M","?","?","$","M","E","R","E","T","$","M","M","M","?","R","BOSS"],"build_version":"2019-01-23","purchased_purges":1,"victory":false,"max_hp_per_floor":[66,66,66,66,66,66,66,66,66,66,66,66,66,66,63,63],"card_choices":[{"not_picked":["Prepared","Cloak And Dagger"],"picked":"Backflip","floor":1},{"not_picked":["Riddle With Holes","Slice"],"picked":"Dash","floor":5},{"not_picked":["Underhanded Strike","Distraction"],"picked":"Cloak And Dagger","floor":6},{"not_picked":["Quick Slash","Dagger Spray"],"picked":"Flying Knee","floor":8},{"not_picked":["Slice","Predator"],"picked":"Cloak And Dagger","floor":11},{"not_picked":["Tactician","Skewer"],"picked":"Flying Knee","floor":12},{"not_picked":["Choke","Sucker Punch"],"picked":"Escape Plan","floor":13}],"player_experience":813013,"relics_obtained":[{"floor":3,"key":"Peace Pipe"},{"floor":6,"key":"Ice Cream"},{"floor":8,"key":"Anchor"},{"floor":9,"key":"Mummified Hand"}],"event_choices":[{"damage_healed":0,"gold_gain":0,"player_choice":"Entered Light","damage_taken":20,"max_hp_gain":0,"max_hp_loss":0,"event_name":"Shining Light","floor":2,"gold_loss":0,"cards_upgraded":["Defend_G","Backflip"]},{"damage_healed":16,"gold_gain":0,"player_choice":"Healed and dodged fight","damage_taken":0,"max_hp_gain":0,"max_hp_loss":0,"event_name":"Mushrooms","floor":14,"gold_loss":0,"cards_obtained":["Parasite"]}],"is_beta":false,"boss_relics":[],"items_purged_floors":[10],"is_endless":false,"potions_floor_spawned":[8,12,13],"killed_by":"Slime Boss","ascension_level":16}