{"gold_per_floor":[117,117,42,59,59,59,97,97,97,116,116,132,132,132,132,256,256,269,117,135,10,10,10,43,43,73,96,120,459,482,482,482,606,606,631,631,649,649,499,534,547,547,547,547,567,587,606,156,156,156],"floor_reached":51,"playtime":1762,"items_purged":["Corruption","True Grit","Clash+1","Iron Wave","Combust+1"],"score":915,"play_id":"4c7ccd4c-fe6e-4d01-b960-997699a2cc8e","local_time":"20190203210658","is_ascension_mode":false,"campfire_choices":[{"data":"Uppercut","floor":6,"key":"SMITH"},{"data":"Combust","floor":8,"key":"SMITH"},{"data":"Offering","floor":11,"key":"SMITH"},{"data":"Cleave","floor":13,"key":"SMITH"},{"data":"Headbutt","floor":15,"key":"SMITH"},{"data":"Flex","floor":23,"key":"SMITH"},{"floor":25,"key":"REST"},{"floor":32,"key":"REST"},{"floor":42,"key":"REST"},{"floor":44,"key":"REST"},{"floor":49,"key":"REST"}],"neow_cost":"NONE","seed_source_timestamp":1455804693359292,"circlet_count":0,"master_deck":["Flex+1","Headbutt+1","Offering+1","Dropkick","Uppercut+1","Cleave+1","Dropkick"],"relics":["Pandora\u0027s Box","Golden Idol","Sundial","Whetstone","Philosopher\u0027s Stone","Omamori","Tiny Chest","Old Coin","Runic Pyramid","Potion Belt","Kunai","Brimstone"],"potions_floor_usage":[12,16,24,30,50,50,50,50],"damage_taken":[{"damage":6,"enemies":"2 Louse","floor":1,"turns":1},{"damage":6,"enemies":"Cultist","floor":4,"turns":2},{"damage":6,"enemies":"Gremlin Nob","floor":7,"turns":2},{"damage":6,"enemies":"Small Slimes","floor":10,"turns":1},{"damage":7,"enemies":"3 Louse","floor":12,"turns":2},{"damage":9,"enemies":"Slime Boss","floor":16,"turns":3},{"damage":17,"enemies":"Shell Parasite","floor":18,"turns":2},{"damage":6,"enemies":"Spheric Guardian","floor":20,"turns":1},{"damage":6,"enemies":"Gremlin Leader","floor":24,"turns":1},{"damage":7,"enemies":"Snecko","floor":27,"turns":2},{"damage":6,"enemies":"Centurion and Healer","floor":28,"turns":1},{"damage":7,"enemies":"Slavers","floor":29,"turns":1},{"damage":12,"enemies":"Shelled Parasite and Fungi","floor":30,"turns":1},{"damage":38,"enemies":"Automaton","floor":33,"turns":4},{"damage":6,"enemies":"3 Shapes","floor":35,"turns":1},{"damage":13,"enemies":"3 Darklings","floor":37,"turns":2},{"damage":6,"enemies":"Nemesis","floor":40,"turns":1},{"damage":41,"enemies":"4 Shapes","floor":41,"turns":2},{"damage":6,"enemies":"Spire Growth","floor":45,"turns":1},{"damage":18,"enemies":"Writhing Mass","floor":46,"turns":2},{"damage":6,"enemies":"Jaw Worm Horde","floor":47,"turns":2},{"damage":14,"enemies":"Awakened One","floor":50,"turns":3}],"seed_played":"1181436418692067061","potions_obtained":[{"floor":1,"key":"Regen Potion"},{"floor":4,"key":"LiquidBronze"},{"floor":7,"key":"BloodPotion"},{"floor":16,"key":"Dexterity Potion"},{"floor":18,"key":"SpeedPotion"},{"floor":27,"key":"SkillPotion"},{"floor":41,"key":"EssenceOfSteel"},{"floor":45,"key":"EssenceOfSteel"},{"floor":46,"key":"Energy Potion"}],"is_trial":false,"path_per_floor":["M","?","$","M","?","R","E","R","T","M","R","M","R","?","R","B",null,"M","$","M","$","?","R","E","R","T","M","M","E","M","?","R","B",null,"M","?","M","?","$","E","M","R","T","R","M","M","M","$","R","B",null],"character_chosen":"IRONCLAD","items_purchased":["Swift Potion","Brimstone","GamblersBrew"],"campfire_rested":5,"item_purchase_floors":[19,48,48],"current_hp_per_floor":[74,74,74,68,68,68,62,62,62,56,56,56,56,61,61,64,79,62,62,56,56,56,56,50,73,73,66,60,53,41,41,64,26,79,73,73,60,60,60,54,13,35,35,57,51,33,27,27,49,35],"gold":156,"neow_bonus":"BOSS_RELIC","is_prod":false,"is_daily":false,"chose_seed":false,"campfire_upgraded":6,"win_rate":0,"timestamp":1549246018,"path_taken":["M","?","$","?","?","R","E","R","T","M","R","M","R","?","R","BOSS","M","$","M","$","?","R","E","R","T","M","M","E","?","?","R","BOSS","M","?","M","?","$","E","?","R","T","R","M","M","M","$","R","BOSS"],"build_version":"2019-01-23","purchased_purges":5,"victory":true,"max_hp_per_floor":[80,80,80,80,74,74,74,74,74,74,74,74,74,79,79,79,79,79,79,79,79,79,79,79,79,79,79,79,79,79,79,79,79,79,79,79,79,75,75,75,75,75,75,75,75,75,75,75,75,75],"card_choices":[{"not_picked":["Power Through","Anger"],"picked":"Uppercut","floor":1},{"not_picked":["Iron Wave","Havoc","Sentinel"],"picked":"SKIP","floor":4},{"not_picked":["Combust","Feed","Infernal Blade"],"picked":"SKIP","floor":7},{"not_picked":["Hemokinesis","Warcry","Perfected Strike"],"picked":"SKIP","floor":10},{"not_picked":["Body Slam","Intimidate","Clothesline"],"picked":"SKIP","floor":12},{"not_picked":["Shrug It Off+1","Second Wind","Clothesline"],"picked":"SKIP","floor":18},{"not_picked":["Sword Boomerang","Reckless Charge"],"picked":"Dropkick","floor":20},{"not_picked":["Anger","Entrench","Havoc"],"picked":"SKIP","floor":24},{"not_picked":["Clash+1","Rampage","Pommel Strike+1"],"picked":"SKIP","floor":27},{"not_picked":["Thunderclap","Headbutt","Iron Wave"],"picked":"SKIP","floor":28},{"not_picked":["Iron Wave","Shockwave","Body Slam"],"picked":"SKIP","floor":29},{"not_picked":["Dropkick","Heavy Blade","Searing Blow"],"picked":"SKIP","floor":30},{"not_picked":["Iron Wave+1","Body Slam+1","Wild Strike"],"picked":"SKIP","floor":35},{"not_picked":["Sword Boomerang+1","Pommel Strike","Shrug It Off"],"picked":"SKIP","floor":37},{"not_picked":["Body Slam","True Grit","Armaments"],"picked":"SKIP","floor":40},{"not_picked":["Heavy Blade+1","Evolve+1","Clash+1"],"picked":"SKIP","floor":41},{"not_picked":["Wild Strike+1","Combust","Sever Soul+1"],"picked":"SKIP","floor":45},{"not_picked":["Dropkick","Clash+1","Spot Weakness+1"],"picked":"SKIP","floor":46},{"not_picked":["Thunderclap+1","Disarm+1","Clothesline"],"picked":"SKIP","floor":47}],"player_experience":660847,"relics_obtained":[{"floor":7,"key":"Sundial"},{"floor":9,"key":"Whetstone"},{"floor":24,"key":"Omamori"},{"floor":26,"key":"Tiny Chest"},{"floor":29,"key":"Old Coin"},{"floor":40,"key":"Potion Belt"},{"floor":43,"key":"Kunai"}],"event_choices":[{"damage_healed":0,"gold_gain":0,"cards_transformed":["Bash"],"player_choice":"Transformed","damage_taken":0,"max_hp_gain":0,"max_hp_loss":0,"event_name":"Transmorgrifier","floor":2,"gold_loss":0,"cards_obtained":["Cleave"]},{"damage_healed":0,"gold_gain":0,"player_choice":"Lose Max HP","damage_taken":0,"relics_obtained":["Golden Idol"],"max_hp_gain":0,"max_hp_loss":6,"event_name":"Golden Idol","floor":5,"gold_loss":0},{"damage_healed":0,"gold_gain":0,"player_choice":"Donut","damage_taken":0,"max_hp_gain":5,"max_hp_loss":0,"event_name":"Big Fish","floor":14,"gold_loss":0},{"cards_removed":["Heavy Blade"],"damage_healed":0,"gold_gain":0,"player_choice":"Took Card","damage_taken":0,"max_hp_gain":0,"max_hp_loss":0,"event_name":"NoteForYourself","floor":22,"gold_loss":0,"cards_obtained":["Iron Wave"]},{"damage_healed":0,"gold_gain":0,"player_choice":"Ignored","damage_taken":0,"max_hp_gain":0,"max_hp_loss":0,"event_name":"Cursed Tome","floor":31,"gold_loss":0},{"damage_healed":0,"gold_gain":0,"player_choice":"Memory 1","damage_taken":0,"max_hp_gain":0,"max_hp_loss":0,"event_name":"SensoryStone","floor":36,"gold_loss":0},{"damage_healed":0,"gold_gain":0,"player_choice":"Max HP","damage_taken":0,"max_hp_gain":0,"max_hp_loss":4,"event_name":"Winding Halls","floor":38,"gold_loss":0}],"is_beta":false,"boss_relics":[{"not_picked":["Ectoplasm","Orrery"],"picked":"Philosopher\u0027s Stone"},{"not_picked":["Eternal Feather","Tiny House"],"picked":"Runic Pyramid"}],"items_purged_floors":[3,19,21,39,48],"is_endless":false,"potions_floor_spawned":[1,4,7,16,18,20,27,41,45,46],"ascension_level":0}