{"gold_per_floor":[366,376,391,27,39,39,52,84,108,183,183,211,211,245,245,245],"floor_reached":16,"playtime":532,"items_purged":["Decay"],"score":210,"play_id":"16da49b7-6669-4973-9546-34cc4a85b59f","local_time":"20190125170903","is_ascension_mode":true,"campfire_choices":[{"data":"Carnage","floor":6,"key":"SMITH"},{"data":"Demon Form","floor":11,"key":"SMITH"},{"data":"Immolate","floor":13,"key":"SMITH"},{"data":"Rampage","floor":15,"key":"SMITH"}],"neow_cost":"CURSE","seed_source_timestamp":665070276905175,"circlet_count":0,"master_deck":["AscendersBane","Strike_R","Strike_R","Strike_R","Strike_R","Strike_R","Defend_R","Defend_R","Defend_R","Defend_R","Bash","Carnage+1","Warcry","Rampage+1","Immolate+1","Seeing Red","Second Wind","Demon Form+1","Corruption","Burning Pact"],"relics":["Burning Blood","Lantern","Centennial Puzzle","Art of War","Bag of Preparation","Vajra"],"potions_floor_usage":[8,16],"damage_taken":[{"damage":3,"enemies":"Cultist","floor":1,"turns":4},{"damage":9,"enemies":"Jaw Worm","floor":2,"turns":3},{"damage":3,"enemies":"2 Louse","floor":3,"turns":3},{"damage":6,"enemies":"Blue Slaver","floor":5,"turns":3},{"damage":0,"enemies":"Large Slime","floor":7,"turns":4},{"damage":16,"enemies":"Gremlin Nob","floor":8,"turns":3},{"damage":27,"enemies":"3 Sentries","floor":12,"turns":5},{"damage":15,"enemies":"Gremlin Nob","floor":14,"turns":3},{"damage":25,"enemies":"Hexaghost","floor":16,"turns":7}],"seed_played":"6498044356176867753","potions_obtained":[{"floor":1,"key":"Poison Potion"},{"floor":2,"key":"LiquidBronze"},{"floor":7,"key":"PowerPotion"}],"is_trial":false,"path_per_floor":["M","M","M","$","M","R","M","E","T","?","R","E","R","E","R","B"],"character_chosen":"IRONCLAD","items_purchased":["Immolate","Lantern"],"campfire_rested":0,"item_purchase_floors":[4,4],"current_hp_per_floor":[71,68,71,71,71,71,75,65,65,54,54,33,33,24,24,0],"gold":245,"neow_bonus":"TWO_FIFTY_GOLD","is_prod":false,"is_daily":false,"chose_seed":false,"campfire_upgraded":4,"win_rate":0,"timestamp":1548454143,"path_taken":["M","M","M","$","M","R","M","E","T","?","R","E","R","E","R","BOSS"],"build_version":"2019-01-23","purchased_purges":1,"victory":false,"max_hp_per_floor":[75,75,75,75,75,75,75,75,75,75,75,75,75,75,75,75],"card_choices":[{"not_picked":["Second Wind","Clash"],"picked":"Carnage","floor":1},{"not_picked":["Clash","Feel No Pain"],"picked":"Warcry","floor":2},{"not_picked":["Pommel Strike","Armaments"],"picked":"Rampage","floor":3},{"not_picked":["Clothesline","Hemokinesis"],"picked":"Seeing Red","floor":5},{"not_picked":["Pommel Strike","Iron Wave"],"picked":"Second Wind","floor":7},{"not_picked":["Heavy Blade","Twin Strike"],"picked":"Demon Form","floor":8},{"not_picked":["Burning Pact","Headbutt"],"picked":"Corruption","floor":12},{"not_picked":["Havoc","Cleave"],"picked":"Burning Pact","floor":14}],"player_experience":447838,"relics_obtained":[{"floor":8,"key":"Centennial Puzzle"},{"floor":9,"key":"Art of War"},{"floor":12,"key":"Bag of Preparation"},{"floor":14,"key":"Vajra"}],"event_choices":[{"damage_healed":0,"gold_gain":75,"player_choice":"Gather Gold","damage_taken":11,"max_hp_gain":0,"max_hp_loss":0,"event_name":"World of Goop","floor":10,"gold_loss":0}],"is_beta":false,"boss_relics":[],"items_purged_floors":[4],"is_endless":false,"potions_floor_spawned":[1,2,7],"killed_by":"Hexaghost","ascension_level":15}