{"gold_per_floor":[215,226,243,256,275,275,310,310,310,320,350,350,350,386,386,386],"floor_reached":16,"playtime":1028,"items_purged":[],"score":244,"play_id":"a48fe297-b0c5-480d-98fc-2257c876a670","local_time":"20190225140939","is_ascension_mode":true,"campfire_choices":[{"data":"True Grit","floor":6,"key":"SMITH"},{"floor":8,"key":"REST"},{"floor":15,"key":"REST"}],"neow_cost":"NONE","seed_source_timestamp":530341347776866,"circlet_count":0,"master_deck":["AscendersBane","Strike_R","Strike_R","Strike_R","Strike_R","Strike_R","Defend_R","Defend_R","Defend_R","Defend_R","Bash","Metallicize","Body Slam","Pummel","Shrug It Off","True Grit+1","Juggernaut","Iron Wave","Spot Weakness","Corruption"],"relics":["Burning Blood","Paper Frog","Ornamental Fan","Matryoshka","Golden Idol","Darkstone Periapt"],"potions_floor_usage":[7,11,16],"damage_taken":[{"damage":7,"enemies":"Cultist","floor":1,"turns":4},{"damage":13,"enemies":"Jaw Worm","floor":2,"turns":5},{"damage":3,"enemies":"2 Louse","floor":3,"turns":4},{"damage":11,"enemies":"Blue Slaver","floor":4,"turns":6},{"damage":15,"enemies":"Large Slime","floor":5,"turns":10},{"damage":54,"enemies":"Gremlin Nob","floor":7,"turns":6},{"damage":0,"enemies":"3 Louse","floor":10,"turns":6},{"damage":22,"enemies":"3 Sentries","floor":11,"turns":9},{"damage":19,"enemies":"Lagavulin","floor":14,"turns":9},{"damage":53,"enemies":"Slime Boss","floor":16,"turns":10}],"seed_played":"-4614504073212205444","potions_obtained":[{"floor":2,"key":"Dexterity Potion"},{"floor":4,"key":"GamblersBrew"},{"floor":5,"key":"Regen Potion"},{"floor":14,"key":"Fruit Juice"}],"is_trial":false,"path_per_floor":["M","M","M","M","M","R","E","R","T","M","E","?","?","E","R","B"],"character_chosen":"IRONCLAD","items_purchased":[],"campfire_rested":2,"item_purchase_floors":[],"current_hp_per_floor":[67,60,63,58,49,49,16,38,38,44,28,28,28,15,35,0],"gold":386,"neow_bonus":"HUNDRED_GOLD","is_prod":false,"is_daily":false,"chose_seed":false,"campfire_upgraded":1,"win_rate":0,"timestamp":1551121779,"path_taken":["M","?","M","M","M","R","E","R","T","M","E","?","?","E","R","BOSS"],"build_version":"2019-01-23","purchased_purges":0,"victory":false,"max_hp_per_floor":[75,75,75,75,75,75,75,75,75,75,75,68,68,68,68,73],"card_choices":[{"not_picked":["Thunderclap","Power Through"],"picked":"Metallicize","floor":1},{"not_picked":["Thunderclap","Wild Strike"],"picked":"Body Slam","floor":2},{"not_picked":["Sword Boomerang","Perfected Strike"],"picked":"Pummel","floor":3},{"not_picked":["Fire Breathing","Twin Strike"],"picked":"Shrug It Off","floor":4},{"not_picked":["Pommel Strike","Reckless Charge"],"picked":"True Grit","floor":5},{"not_picked":["True Grit","Entrench"],"picked":"Juggernaut","floor":7},{"not_picked":["Rupture","Perfected Strike"],"picked":"Iron Wave","floor":10},{"not_picked":["Infernal Blade","Anger"],"picked":"Spot Weakness","floor":11},{"not_picked":["Heavy Blade","Hemokinesis"],"picked":"Corruption","floor":14}],"player_experience":842708,"relics_obtained":[{"floor":7,"key":"Paper Frog"},{"floor":9,"key":"Ornamental Fan"},{"floor":11,"key":"Matryoshka"},{"floor":14,"key":"Darkstone Periapt"}],"event_choices":[{"damage_healed":0,"gold_gain":0,"player_choice":"Lose Max HP","damage_taken":0,"relics_obtained":["Golden Idol"],"max_hp_gain":0,"max_hp_loss":7,"event_name":"Golden Idol","floor":12,"gold_loss":0},{"damage_healed":0,"gold_gain":0,"player_choice":"Ignored","damage_taken":0,"max_hp_gain":0,"max_hp_loss":0,"event_name":"Golden Wing","floor":13,"gold_loss":0}],"is_beta":false,"boss_relics":[],"items_purged_floors":[],"is_endless":false,"potions_floor_spawned":[2,4,5,14],"killed_by":"Slime Boss","ascension_level":20}