{"gold_per_floor":[219,235,215,229,240,240,271,271,271,271,304,304,321,333,333,437,437,457,382,382,330,312,31,56,56,83,83,100,100],"floor_reached":29,"playtime":2352,"items_purged":[],"score":329,"play_id":"daf6db85-4b22-434c-8415-2f84c4d05c7b","local_time":"20190210094639","is_ascension_mode":true,"campfire_choices":[{"data":"True Grit","floor":6,"key":"SMITH"},{"data":"Body Slam","floor":8,"key":"SMITH"},{"data":"Entrench","floor":10,"key":"SMITH"},{"data":"Shockwave","floor":12,"key":"SMITH"},{"data":"Bash","floor":15,"key":"SMITH"},{"floor":25,"key":"REST"},{"data":"Armaments","floor":27,"key":"SMITH"}],"neow_cost":"NONE","seed_source_timestamp":53409763459367,"circlet_count":0,"master_deck":["Strike_R","Strike_R","Strike_R","Strike_R","Defend_R","Defend_R","Defend_R","Defend_R","Bash+1","Inflame","True Grit+1","Entrench+1","Body Slam+1","Shockwave+1","Disarm","Barricade","Armaments+1","Shrug It Off","Madness"],"relics":["Burning Blood","Boot","Question Card","Busted Crown","Bottled Lightning","PreservedInsect","Ancient Tea Set","Smiling Mask"],"potions_floor_usage":[7,16,18,18,29],"damage_taken":[{"damage":11,"enemies":"Small Slimes","floor":1,"turns":4},{"damage":1,"enemies":"Cultist","floor":2,"turns":3},{"damage":2,"enemies":"Jaw Worm","floor":4,"turns":4},{"damage":18,"enemies":"Gremlin Gang","floor":5,"turns":7},{"damage":33,"enemies":"3 Sentries","floor":7,"turns":15},{"damage":22,"enemies":"Gremlin Nob","floor":11,"turns":4},{"damage":1,"enemies":"2 Fungi Beasts","floor":13,"turns":4},{"damage":10,"enemies":"Exordium Thugs","floor":14,"turns":5},{"damage":15,"enemies":"The Guardian","floor":16,"turns":15},{"damage":20,"enemies":"3 Byrds","floor":18,"turns":6},{"damage":24,"enemies":"2 Thieves","floor":22,"turns":4},{"damage":30,"enemies":"Book of Stabbing","floor":24,"turns":8},{"damage":13,"enemies":"Snake Plant","floor":28,"turns":6},{"damage":32,"enemies":"Gremlin Leader","floor":29,"turns":7}],"seed_played":"3807832520571899901","potions_obtained":[{"floor":2,"key":"Regen Potion"},{"floor":3,"key":"GamblersBrew"},{"floor":7,"key":"Explosive Potion"},{"floor":11,"key":"EssenceOfSteel"},{"floor":14,"key":"Swift Potion"},{"floor":18,"key":"SpeedPotion"}],"is_trial":false,"path_per_floor":["M","M","?","M","M","R","E","R","T","R","E","R","M","M","R","B",null,"M","?","T","$","M","$","E","R","T","R","M","E"],"character_chosen":"IRONCLAD","items_purchased":["Armaments","Shrug It Off","PreservedInsect","Madness"],"campfire_rested":1,"item_purchase_floors":[21,23,23,23],"current_hp_per_floor":[67,72,72,76,64,64,52,52,52,52,36,36,41,37,37,28,67,53,53,53,53,35,35,11,35,35,35,28,0],"gold":100,"neow_bonus":"HUNDRED_GOLD","is_prod":false,"is_daily":false,"chose_seed":false,"campfire_upgraded":6,"win_rate":0,"timestamp":1549820799,"path_taken":["M","M","?","?","M","R","E","R","T","R","E","R","M","M","R","BOSS","M","?","?","$","M","$","E","R","T","R","M","E"],"build_version":"2019-01-23","purchased_purges":0,"victory":false,"max_hp_per_floor":[80,80,80,80,80,80,80,80,80,80,80,80,80,80,80,80,80,80,80,80,80,80,80,80,80,80,80,80,80],"card_choices":[{"not_picked":["Havoc","Thunderclap"],"picked":"Inflame","floor":1},{"not_picked":["Headbutt","Pommel Strike"],"picked":"True Grit","floor":2},{"not_picked":["Feel No Pain","Cleave"],"picked":"Entrench","floor":4},{"not_picked":["Uppercut","Twin Strike"],"picked":"Body Slam","floor":5},{"not_picked":["Clothesline","Thunderclap","True Grit"],"picked":"SKIP","floor":7},{"not_picked":["Rage","Power Through"],"picked":"Shockwave","floor":11},{"not_picked":["Perfected Strike","Sword Boomerang","Headbutt","Dropkick"],"picked":"SKIP","floor":13},{"not_picked":["Juggernaut","Headbutt","Spot Weakness"],"picked":"Disarm","floor":14},{"not_picked":["Berserk","Brutality","Immolate"],"picked":"Barricade","floor":16},{"not_picked":["Flex+1","Thunderclap"],"picked":"SKIP","floor":18},{"not_picked":["Armaments","Whirlwind"],"picked":"SKIP","floor":22},{"not_picked":["Fiend Fire","Cleave"],"picked":"SKIP","floor":24},{"not_picked":["Second Wind","Twin Strike"],"picked":"SKIP","floor":28}],"player_experience":317511,"relics_obtained":[{"floor":7,"key":"Boot"},{"floor":11,"key":"Question Card"},{"floor":20,"key":"Bottled Lightning"},{"floor":24,"key":"Ancient Tea Set"},{"floor":26,"key":"Smiling Mask"}],"event_choices":[{"damage_healed":0,"gold_gain":0,"player_choice":"Bought 1 Potion","damage_taken":0,"max_hp_gain":0,"max_hp_loss":0,"event_name":"The Woman in Blue","floor":3,"gold_loss":0},{"cards_removed":["Strike_R"],"damage_healed":0,"gold_gain":0,"player_choice":"Gave Gold","damage_taken":0,"max_hp_gain":0,"max_hp_loss":0,"event_name":"Beggar","floor":19,"gold_loss":75}],"is_beta":false,"boss_relics":[{"not_picked":["Velvet Choker","Black Blood"],"picked":"Busted Crown"}],"items_purged_floors":[],"is_endless":false,"potions_floor_spawned":[2,7,11,14,18],"killed_by":"Gremlin Leader","ascension_level":6}