{"gold_per_floor":[362,362,379,0,12,12,26,26,26,44,76,76,86,86,86,187,187,205,205,222,222,242,242,267,267,345,358,371,471,498,510,522,534],"floor_reached":33,"playtime":1502,"items_purged":["Decay"],"score":396,"play_id":"32d0eeda-e470-4184-8db7-e732705ef514","local_time":"20190205175236","is_ascension_mode":true,"campfire_choices":[{"data":"Body Slam","floor":6,"key":"SMITH"},{"data":"Body Slam","floor":8,"key":"SMITH"},{"data":"Pommel Strike","floor":12,"key":"SMITH"},{"data":"Armaments","floor":15,"key":"SMITH"},{"data":"Bash","floor":23,"key":"SMITH"},{"data":"Feed","floor":25,"key":"SMITH"},{"floor":32,"key":"REST"}],"neow_cost":"CURSE","seed_source_timestamp":2228241673378410,"circlet_count":0,"master_deck":["Strike_R","Strike_R","Strike_R","Strike_R","Defend_R","Defend_R","Defend_R","Defend_R","Bash+1","Body Slam+1","Pommel Strike+1","Thunderclap","Thunderclap","Body Slam+1","Flex","Armaments+1","True Grit+1","Cleave+1","Iron Wave+1","Feed+1","Rampage+1"],"relics":["Burning Blood","NlothsMask","Paper Frog","Nunchaku","Pantograph","White Beast Statue","Darkstone Periapt","Mercury Hourglass","FossilizedHelix","Singing Bowl","MawBank","Thread and Needle"],"potions_floor_usage":[17,20,22,27,28,29,29,33],"damage_taken":[{"damage":3,"enemies":"Cultist","floor":1,"turns":3},{"damage":6,"enemies":"Small Slimes","floor":3,"turns":4},{"damage":9,"enemies":"2 Louse","floor":5,"turns":2},{"damage":20,"enemies":"Gremlin Gang","floor":7,"turns":3},{"damage":6,"enemies":"2 Fungi Beasts","floor":10,"turns":2},{"damage":25,"enemies":"3 Sentries","floor":11,"turns":5},{"damage":18,"enemies":"Red Slaver","floor":13,"turns":3},{"damage":0,"enemies":"Slime Boss","floor":16,"turns":6},{"damage":25,"enemies":"Spheric Guardian","floor":18,"turns":5},{"damage":25,"enemies":"3 Byrds","floor":20,"turns":5},{"damage":15,"enemies":"Centurion and Healer","floor":22,"turns":5},{"damage":1,"enemies":"Gremlin Leader","floor":24,"turns":4},{"damage":21,"enemies":"Snecko","floor":27,"turns":5},{"damage":3,"enemies":"3 Cultists","floor":28,"turns":4},{"damage":14,"enemies":"Colosseum Slavers","floor":29,"turns":2},{"damage":22,"enemies":"Colosseum Nobs","floor":29,"turns":4},{"damage":74,"enemies":"Automaton","floor":33,"turns":8}],"seed_played":"-6051141987228207865","potions_obtained":[{"floor":3,"key":"PowerPotion"},{"floor":11,"key":"LiquidBronze"},{"floor":16,"key":"Fruit Juice"},{"floor":18,"key":"Ancient Potion"},{"floor":19,"key":"FairyPotion"},{"floor":20,"key":"Ancient Potion"},{"floor":22,"key":"SteroidPotion"},{"floor":24,"key":"Explosive Potion"},{"floor":27,"key":"FearPotion"},{"floor":28,"key":"Energy Potion"},{"floor":29,"key":"Swift Potion"}],"is_trial":false,"path_per_floor":["M","?","M","$","M","R","M","R","T","M","E","R","M","?","R","B",null,"M","?","M","?","M","R","E","R","T","M","M","?","T","?","R","B"],"character_chosen":"IRONCLAD","items_purchased":["Paper Frog","Thunderclap"],"campfire_rested":1,"item_purchase_floors":[4,4],"current_hp_per_floor":[80,80,80,80,77,77,63,63,63,63,44,44,32,25,25,56,79,60,60,41,41,32,32,37,37,37,22,29,18,18,18,45,0],"gold":534,"neow_bonus":"TWO_FIFTY_GOLD","is_prod":false,"is_daily":false,"chose_seed":false,"campfire_upgraded":6,"win_rate":0,"timestamp":1549417956,"path_taken":["M","?","M","$","?","R","M","R","T","M","E","R","M","?","R","BOSS","M","?","?","?","M","R","E","R","T","?","M","?","?","?","R","BOSS"],"build_version":"2019-01-23","purchased_purges":1,"victory":false,"max_hp_per_floor":[80,80,80,80,80,80,80,80,80,80,80,80,80,80,80,80,85,85,85,85,85,85,85,85,85,85,85,89,93,93,93,93,93],"card_choices":[{"not_picked":["Havoc","Clash"],"picked":"Body Slam","floor":1},{"not_picked":["True Grit","Sever Soul"],"picked":"Pommel Strike","floor":3},{"not_picked":["Wild Strike","True Grit"],"picked":"Thunderclap","floor":5},{"not_picked":["True Grit","Disarm"],"picked":"Body Slam","floor":7},{"not_picked":["Sword Boomerang","Burning Pact"],"picked":"Flex","floor":10},{"not_picked":["Bloodletting","Hemokinesis","Fire Breathing"],"picked":"SKIP","floor":11},{"not_picked":["Flex","Spot Weakness"],"picked":"Armaments","floor":13},{"not_picked":["Wild Strike","Havoc+1"],"picked":"True Grit+1","floor":18},{"not_picked":["Hemokinesis+1","Havoc"],"picked":"Cleave+1","floor":20},{"not_picked":["Burning Pact","Clash+1"],"picked":"Iron Wave+1","floor":22},{"not_picked":["Carnage","Thunderclap"],"picked":"Feed","floor":24},{"not_picked":["Thunderclap","Flex","Reckless Charge"],"picked":"SKIP","floor":27},{"not_picked":["Havoc","Warcry","Burning Pact+1"],"picked":"SKIP","floor":28},{"not_picked":["Cleave+1","Body Slam+1"],"picked":"Rampage+1","floor":29}],"player_experience":264945,"relics_obtained":[{"floor":11,"key":"Nunchaku"},{"floor":24,"key":"Darkstone Periapt"},{"floor":26,"key":"Mercury Hourglass"},{"floor":29,"key":"FossilizedHelix"},{"floor":29,"key":"Singing Bowl"},{"floor":30,"key":"MawBank"}],"event_choices":[{"damage_healed":0,"gold_gain":0,"player_choice":"Trade","damage_taken":0,"relics_obtained":["NlothsMask"],"max_hp_gain":0,"max_hp_loss":0,"event_name":"FaceTrader","floor":2,"gold_loss":0},{"damage_healed":0,"gold_gain":0,"player_choice":"Success","damage_taken":7,"relics_obtained":["Pantograph"],"max_hp_gain":0,"max_hp_loss":0,"event_name":"Scrap Ooze","floor":14,"gold_loss":0},{"damage_healed":0,"gold_gain":0,"player_choice":"Got Potions","damage_taken":0,"max_hp_gain":0,"max_hp_loss":0,"event_name":"Lab","floor":19,"gold_loss":0},{"cards_removed":["Strike_R"],"damage_healed":0,"gold_gain":0,"player_choice":"Offered Basic","damage_taken":0,"max_hp_gain":0,"max_hp_loss":0,"event_name":"Bonfire Elementals","floor":21,"gold_loss":0},{"damage_healed":0,"gold_gain":0,"player_choice":"Fight","damage_taken":0,"max_hp_gain":0,"max_hp_loss":0,"event_name":"Colosseum","floor":29,"gold_loss":0},{"damage_healed":0,"gold_gain":0,"player_choice":"Fought Nobs","damage_taken":0,"max_hp_gain":0,"max_hp_loss":0,"event_name":"Colosseum","floor":29,"gold_loss":0},{"damage_healed":0,"gold_gain":0,"player_choice":"Opened","damage_taken":0,"relics_obtained":["Thread and Needle"],"max_hp_gain":0,"max_hp_loss":0,"event_name":"The Mausoleum","floor":31,"gold_loss":0}],"is_beta":false,"boss_relics":[{"not_picked":["Fusion Hammer","Calling Bell"],"picked":"White Beast Statue"}],"items_purged_floors":[4],"is_endless":false,"potions_floor_spawned":[3,11,16,18,20,22,24,27,28,29,29],"killed_by":"Automaton","ascension_level":5}