{"gold_per_floor":[215,23,33,45,57,57,68,68,68,68,68,68,85,98,98,98],"floor_reached":16,"playtime":412,"items_purged":["Strike_R"],"score":132,"play_id":"dbdaeeec-b84f-44d4-9e66-bc088ed7e502","local_time":"20190106092741","is_ascension_mode":true,"campfire_choices":[{"data":"Spot Weakness","floor":6,"key":"SMITH"},{"data":"Bash","floor":11,"key":"SMITH"},{"data":"Warcry","floor":15,"key":"SMITH"}],"neow_cost":"NONE","seed_source_timestamp":1408020843617851,"circlet_count":0,"master_deck":["Strike_R","Strike_R","Strike_R","Defend_R","Defend_R","Defend_R","Defend_R","Bash+1","Spot Weakness+1","Cleave","Warcry+1","Pummel"],"relics":["Burning Blood","Unceasing Top","Bird Faced Urn"],"potions_floor_usage":[16,16],"damage_taken":[{"damage":6,"enemies":"Cultist","floor":1,"turns":3},{"damage":10,"enemies":"Small Slimes","floor":3,"turns":3},{"damage":18,"enemies":"Jaw Worm","floor":4,"turns":4},{"damage":13,"enemies":"Red Slaver","floor":5,"turns":3},{"damage":7,"enemies":"3 Louse","floor":7,"turns":3},{"damage":16,"enemies":"Blue Slaver","floor":13,"turns":3},{"damage":6,"enemies":"Looter","floor":14,"turns":2},{"damage":36,"enemies":"The Guardian","floor":16,"turns":4}],"seed_played":"-4827351068448978353","potions_obtained":[{"floor":3,"key":"LiquidBronze"},{"floor":4,"key":"Strength Potion"}],"is_trial":false,"path_per_floor":["M","$","M","M","M","R","M","$","T","?","R","?","M","M","R","B"],"character_chosen":"IRONCLAD","items_purchased":["Spot Weakness","FearPotion"],"campfire_rested":0,"item_purchase_floors":[2,2],"current_hp_per_floor":[72,72,68,56,49,49,48,48,48,48,48,48,38,38,38,2],"gold":98,"neow_bonus":"HUNDRED_GOLD","is_prod":false,"is_daily":false,"chose_seed":false,"campfire_upgraded":3,"win_rate":0,"timestamp":1546784861,"path_taken":["M","$","M","M","M","R","M","?","T","?","R","?","?","M","R","BOSS"],"build_version":"2019-01-03v4","purchased_purges":1,"victory":false,"max_hp_per_floor":[80,80,80,80,80,80,80,80,80,80,80,80,80,80,80,80],"card_choices":[{"not_picked":["Havoc","Anger","Shrug It Off"],"picked":"SKIP","floor":1},{"not_picked":["Infernal Blade","Rage","Disarm"],"picked":"SKIP","floor":3},{"not_picked":["Iron Wave","True Grit"],"picked":"Cleave","floor":4},{"not_picked":["Headbutt","Clash","Flex"],"picked":"SKIP","floor":5},{"not_picked":["Armaments","Rage"],"picked":"Warcry","floor":7},{"not_picked":["Perfected Strike","Offering"],"picked":"Pummel","floor":13},{"not_picked":["Iron Wave","Armaments","True Grit"],"picked":"SKIP","floor":14}],"player_experience":324842,"relics_obtained":[{"floor":9,"key":"Unceasing Top"}],"event_choices":[{"damage_healed":0,"gold_gain":0,"player_choice":"Searched \u00271\u0027 times","damage_taken":0,"relics_obtained":["Bird Faced Urn"],"max_hp_gain":0,"max_hp_loss":0,"event_name":"Dead Adventurer","floor":10,"gold_loss":0},{"cards_removed":["Strike_R"],"damage_healed":0,"gold_gain":0,"player_choice":"Purged","damage_taken":0,"max_hp_gain":0,"max_hp_loss":0,"event_name":"Purifier","floor":12,"gold_loss":0}],"is_beta":false,"boss_relics":[],"items_purged_floors":[2],"is_endless":false,"potions_floor_spawned":[3,4,5],"killed_by":"The Guardian","ascension_level":8}