{"gold_per_floor":[110,125,138,138,88,88,114,114,114,149,149,182,195,66,66,161,161,177,177,188,208,218,218,253,272,272,272,292,292,304,334,334,433,433,451,154,174,185,185,185,0,0,0,11,11,26,26,42,42,42],"floor_reached":51,"playtime":2440,"items_purged":["Strike_R","Defend_R"],"score":1047,"play_id":"66431aa4-8015-4707-b5b8-d82b40e61eaa","local_time":"20181203141917","is_ascension_mode":true,"campfire_choices":[{"data":"Bash","floor":6,"key":"SMITH"},{"floor":8,"key":"REST"},{"data":"Immolate","floor":11,"key":"SMITH"},{"data":"Heavy Blade","floor":15,"key":"SMITH"},{"data":"Heavy Blade","floor":23,"key":"SMITH"},{"data":"Demon Form","floor":29,"key":"SMITH"},{"floor":32,"key":"REST"},{"data":"Apotheosis","floor":40,"key":"SMITH"},{"data":"Intimidate","floor":42,"key":"SMITH"},{"data":"Heavy Blade","floor":45,"key":"SMITH"},{"data":"Warcry","floor":47,"key":"SMITH"},{"data":"Ghostly Armor","floor":49,"key":"SMITH"}],"neow_cost":"PERCENT_DAMAGE","seed_source_timestamp":238498789464567,"circlet_count":0,"master_deck":["Defend_R","Defend_R","Defend_R","Bash+1","Inflame+1","Intimidate+1","Inflame","Immolate+1","Ghostly Armor+1","Heavy Blade+1","Demon Form+1","Warcry+1","Reaper","Injury","Carnage","Flex+1","Heavy Blade+1","Ghostly Armor+1","Whirlwind","True Grit+1","Warcry+1","Bite","Bite","Bite","Bite","Bite","Flex+1","Heavy Blade+1","Ghostly Armor+1","Thunderclap","Reaper","Disarm","Apotheosis+1","Burning Pact+1","Sentinel+1","Warcry+1","Writhe","Regret","Feel No Pain+1","Warcry+1","Second Wind+1"],"relics":["Burning Blood","Du-Vu Doll","Ornamental Fan","Mercury Hourglass","Prayer Wheel","Pen Nib","Velvet Choker","Charon\u0027s Ashes","Blue Candle","Dead Branch","Cursed Key","Red Mask","Singing Bowl"],"potions_floor_usage":[10,16,20,24,28,31,33,50,50,50],"damage_taken":[{"damage":2,"enemies":"Jaw Worm","floor":1,"turns":3},{"damage":0,"enemies":"Small Slimes","floor":2,"turns":3},{"damage":6,"enemies":"Cultist","floor":3,"turns":3},{"damage":24,"enemies":"Gremlin Nob","floor":7,"turns":4},{"damage":18,"enemies":"Lagavulin","floor":10,"turns":4},{"damage":13,"enemies":"Gremlin Nob","floor":12,"turns":3},{"damage":0,"enemies":"Gremlin Gang","floor":13,"turns":1},{"damage":19,"enemies":"Hexaghost","floor":16,"turns":7},{"damage":8,"enemies":"Chosen","floor":18,"turns":2},{"damage":16,"enemies":"Shell Parasite","floor":20,"turns":4},{"damage":7,"enemies":"Chosen and Byrds","floor":21,"turns":2},{"damage":11,"enemies":"Sentry and Sphere","floor":22,"turns":3},{"damage":0,"enemies":"Gremlin Leader","floor":24,"turns":3},{"damage":14,"enemies":"Centurion and Healer","floor":25,"turns":2},{"damage":10,"enemies":"Snecko","floor":28,"turns":3},{"damage":3,"enemies":"3 Cultists","floor":30,"turns":3},{"damage":30,"enemies":"Book of Stabbing","floor":31,"turns":4},{"damage":26,"enemies":"Champ","floor":33,"turns":8},{"damage":8,"enemies":"3 Shapes","floor":35,"turns":1},{"damage":1,"enemies":"Orb Walker","floor":37,"turns":2},{"damage":23,"enemies":"3 Darklings","floor":38,"turns":3},{"damage":1,"enemies":"Jaw Worm Horde","floor":44,"turns":2},{"damage":5,"enemies":"Sphere and 2 Shapes","floor":46,"turns":3},{"damage":26,"enemies":"Transient","floor":48,"turns":5},{"damage":78,"enemies":"Awakened One","floor":50,"turns":7}],"seed_played":"1324869434917645495","potions_obtained":[{"floor":2,"key":"Block Potion"},{"floor":10,"key":"Ancient Potion"},{"floor":13,"key":"Regen Potion"},{"floor":16,"key":"Fire Potion"},{"floor":18,"key":"Strength Potion"},{"floor":22,"key":"Dexterity Potion"},{"floor":24,"key":"EssenceOfSteel"},{"floor":30,"key":"Block Potion"},{"floor":31,"key":"PowerPotion"},{"floor":37,"key":"BloodPotion"},{"floor":38,"key":"Energy Potion"}],"is_trial":false,"path_per_floor":["M","M","M","?","?","R","E","R","T","E","R","E","M","$","R","B",null,"M","?","M","M","M","R","E","M","T","?","M","R","M","E","R","B",null,"M","$","M","M","?","R","?","R","T","M","R","M","R","M","R","B",null],"character_chosen":"IRONCLAD","items_purchased":["Heavy Blade","Apotheosis"],"campfire_rested":2,"item_purchase_floors":[14,36],"current_hp_per_floor":[55,61,61,61,61,61,43,67,67,55,55,48,54,54,54,55,74,72,72,67,66,73,73,79,71,71,56,56,56,56,38,54,42,53,54,54,56,54,56,56,56,56,56,58,58,60,60,62,62,24],"gold":42,"neow_bonus":"ONE_RARE_RELIC","is_prod":false,"is_daily":false,"chose_seed":false,"campfire_upgraded":10,"win_rate":0,"timestamp":1543864757,"path_taken":["M","M","M","?","?","R","E","R","T","E","R","E","M","$","R","BOSS","M","?","?","?","M","R","E","M","T","?","M","R","M","E","R","BOSS","M","$","M","M","?","R","?","R","T","M","R","M","R","M","R","BOSS"],"build_version":"2018-11-15","purchased_purges":2,"victory":true,"max_hp_per_floor":[80,80,80,80,80,80,80,80,80,80,80,80,80,80,80,80,80,80,80,80,80,80,80,80,80,80,56,56,56,56,56,56,56,56,56,56,56,56,56,56,56,56,56,58,58,60,60,62,62,62],"card_choices":[{"not_picked":["Cleave","Clothesline"],"picked":"Inflame","floor":1},{"not_picked":["Body Slam","Metallicize"],"picked":"Intimidate","floor":2},{"not_picked":["Wild Strike","Perfected Strike","Iron Wave"],"picked":"SKIP","floor":3},{"not_picked":["Evolve","Iron Wave"],"picked":"Inflame","floor":7},{"not_picked":["Iron Wave","Clash"],"picked":"Immolate","floor":10},{"not_picked":["Anger","Exhume","Twin Strike"],"picked":"SKIP","floor":12},{"not_picked":["Twin Strike","Thunderclap"],"picked":"Ghostly Armor","floor":13},{"not_picked":["Havoc","Wild Strike","Armaments"],"picked":"SKIP","floor":13},{"not_picked":["Dark Embrace","Immolate"],"picked":"Demon Form","floor":16},{"not_picked":["Anger","Sentinel"],"picked":"Warcry+1","floor":18},{"not_picked":["Wild Strike+1","Clash","Pommel Strike"],"picked":"SKIP","floor":18},{"not_picked":["Infernal Blade","Evolve+1"],"picked":"Carnage","floor":20},{"not_picked":["Clothesline","True Grit","Shrug It Off"],"picked":"SKIP","floor":20},{"not_picked":["Perfected Strike+1","Metallicize"],"picked":"Flex+1","floor":21},{"not_picked":["Iron Wave","Shrug It Off"],"picked":"Heavy Blade","floor":21},{"not_picked":["Warcry","Headbutt"],"picked":"Ghostly Armor+1","floor":22},{"not_picked":["Berserk","Body Slam"],"picked":"Whirlwind","floor":22},{"not_picked":["Iron Wave","Wild Strike+1","Sword Boomerang"],"picked":"SKIP","floor":24},{"not_picked":["Infernal Blade","Pommel Strike+1"],"picked":"True Grit+1","floor":25},{"not_picked":["Reckless Charge","Demon Form"],"picked":"Warcry","floor":25},{"not_picked":["Shrug It Off+1","Infernal Blade"],"picked":"Flex+1","floor":28},{"not_picked":["Rampage","Wild Strike","Anger+1"],"picked":"SKIP","floor":28},{"not_picked":["Dropkick+1","Body Slam"],"picked":"Heavy Blade","floor":30},{"not_picked":["Flex","Havoc+1"],"picked":"Ghostly Armor+1","floor":30},{"not_picked":["Blood for Blood","True Grit"],"picked":"Thunderclap","floor":31},{"not_picked":["Barricade","Exhume"],"picked":"Reaper","floor":33},{"not_picked":["Pommel Strike","Rupture"],"picked":"Disarm","floor":35},{"not_picked":["Shrug It Off+1","Body Slam+1","Battle Trance+1"],"picked":"SKIP","floor":35},{"not_picked":["Heavy Blade","Armaments"],"picked":"Burning Pact+1","floor":37},{"not_picked":["Shockwave","Iron Wave","True Grit"],"picked":"SKIP","floor":37},{"not_picked":["Headbutt+1","Brutality"],"picked":"Sentinel+1","floor":38},{"not_picked":["True Grit+1","Wild Strike"],"picked":"Warcry+1","floor":38},{"not_picked":["Armaments","Wild Strike"],"picked":"Feel No Pain+1","floor":44},{"not_picked":["Anger","Havoc","Perfected Strike+1"],"picked":"Singing Bowl","floor":44},{"not_picked":["Anger","Entrench+1","Dual Wield+1"],"picked":"Singing Bowl","floor":46},{"not_picked":["Armaments","Cleave+1"],"picked":"Warcry+1","floor":46},{"not_picked":["Seeing Red","Iron Wave"],"picked":"Second Wind+1","floor":48},{"not_picked":["Berserk","Armaments","Heavy Blade"],"picked":"Singing Bowl","floor":48}],"player_experience":276525,"relics_obtained":[{"floor":7,"key":"Ornamental Fan"},{"floor":9,"key":"Mercury Hourglass"},{"floor":10,"key":"Prayer Wheel"},{"floor":12,"key":"Pen Nib"},{"floor":24,"key":"Charon\u0027s Ashes"},{"floor":26,"key":"Blue Candle"},{"floor":31,"key":"Dead Branch"},{"floor":43,"key":"Singing Bowl"}],"event_choices":[{"damage_healed":0,"gold_gain":0,"player_choice":"Grow","damage_taken":0,"max_hp_gain":0,"max_hp_loss":0,"event_name":"Living Wall","floor":4,"gold_loss":0,"cards_upgraded":["Inflame"]},{"cards_removed":["Strike_R"],"damage_healed":0,"gold_gain":0,"player_choice":"Card Removal","damage_taken":0,"max_hp_gain":0,"max_hp_loss":0,"event_name":"The Cleric","floor":5,"gold_loss":50},{"damage_healed":0,"gold_gain":0,"player_choice":"2 cards matched","damage_taken":0,"max_hp_gain":0,"max_hp_loss":0,"event_name":"Match and Keep!","floor":19,"gold_loss":0,"cards_obtained":["Reaper","Injury"]},{"damage_healed":0,"gold_gain":0,"player_choice":"Became a vampire","damage_taken":0,"max_hp_gain":0,"max_hp_loss":24,"event_name":"Vampires","floor":27,"gold_loss":0,"cards_obtained":["Bite","Bite","Bite","Bite","Bite"]},{"damage_healed":14,"gold_gain":0,"player_choice":"Writhe","damage_taken":0,"max_hp_gain":0,"max_hp_loss":0,"event_name":"Winding Halls","floor":39,"gold_loss":0,"cards_obtained":["Writhe"]},{"damage_healed":0,"gold_gain":0,"player_choice":"Paid","damage_taken":0,"relics_obtained":["Red Mask"],"max_hp_gain":0,"max_hp_loss":0,"event_name":"Tomb of Lord Red Mask","floor":41,"gold_loss":185}],"is_beta":false,"boss_relics":[{"not_picked":["Pandora\u0027s Box","Orrery"],"picked":"Velvet Choker"},{"not_picked":["Runic Pyramid","Black Star"],"picked":"Cursed Key"}],"items_purged_floors":[14,36],"is_endless":false,"potions_floor_spawned":[2,10,13,16,18,22,24,25,30,31,37,38],"ascension_level":6}