{"gold_per_floor":[116,116,130,21,21,53,53,76,76,154,154,204,216,236,236,313,313,328,378,391,391,391,391,424,45,68,99,115,127,147,72,72,149,149,166,116,136,149,160,160,16,16,16,51,70,70,97,133,145,157],"floor_reached":50,"playtime":2440,"items_purged":[],"score":1073,"play_id":"5b65623c-012b-4778-822e-66fa6373eac7","local_time":"20190210231508","is_ascension_mode":true,"campfire_choices":[{"data":"Zap","floor":7.0,"key":"SMITH"},{"data":"Melter","floor":11.0,"key":"SMITH"},{"data":"Genetic Algorithm","floor":15.0,"key":"SMITH"},{"floor":23.0,"key":"REST"},{"floor":32.0,"key":"REST"},{"floor":40.0,"key":"REST"},{"floor":46.0,"key":"REST"},{"data":"Barrage","floor":49.0,"key":"SMITH"}],"neow_cost":"NONE","seed_source_timestamp":0,"circlet_count":0,"master_deck":["AscendersBane","Strike_B","Strike_B","Defend_B","Defend_B","Defend_B","Defend_B","Zap+1","Dualcast+1","Cold Snap","Genetic Algorithm+1","Skim","Melter+1","Conserve Battery+1","Ball Lightning","Electrodynamics","Steam","Static Discharge","Barrage+1","Go for the Eyes","Leap","Bandage Up","Self Repair","Hologram","Loop","Buffer+1","Go for the Eyes+1","Self Repair","Writhe","Loop"],"special_seed":0,"relics":["FrozenCore","NeowsBlessing","Gambling Chip","Odd Mushroom","Bottled Flame","Symbiotic Virus","Happy Flower","Cables","Bag of Marbles","Ice Cream","Inserter","Strawberry","Centennial Puzzle","Regal Pillow","MawBank","War Paint"],"potions_floor_usage":[50],"damage_taken":[{"damage":0.0,"enemies":"Small Slimes","floor":1.0,"turns":1.0},{"damage":0.0,"enemies":"2 Louse","floor":3.0,"turns":1.0},{"damage":0.0,"enemies":"Gremlin Nob","floor":6.0,"turns":1.0},{"damage":3.0,"enemies":"The Mushroom Lair","floor":8.0,"turns":5.0},{"damage":0.0,"enemies":"Cultist","floor":13.0,"turns":3.0},{"damage":6.0,"enemies":"Blue Slaver","floor":14.0,"turns":3.0},{"damage":23.0,"enemies":"The Guardian","floor":16.0,"turns":11.0},{"damage":22.0,"enemies":"Chosen","floor":18.0,"turns":5.0},{"damage":2.0,"enemies":"Shell Parasite","floor":20.0,"turns":5.0},{"damage":29.0,"enemies":"Slavers","floor":24.0,"turns":4.0},{"damage":40.0,"enemies":"Book of Stabbing","floor":27.0,"turns":5.0},{"damage":0.0,"enemies":"3 Cultists","floor":28.0,"turns":4.0},{"damage":3.0,"enemies":"Centurion and Healer","floor":29.0,"turns":7.0},{"damage":0.0,"enemies":"Snake Plant","floor":30.0,"turns":3.0},{"damage":35.0,"enemies":"Automaton","floor":33.0,"turns":11.0},{"damage":18.0,"enemies":"3 Shapes","floor":35.0,"turns":4.0},{"damage":36.0,"enemies":"3 Darklings","floor":37.0,"turns":5.0},{"damage":17.0,"enemies":"Spire Growth","floor":38.0,"turns":7.0},{"damage":0.0,"enemies":"Sphere and 2 Shapes","floor":39.0,"turns":3.0},{"damage":67.0,"enemies":"Reptomancer","floor":44.0,"turns":8.0},{"damage":0.0,"enemies":"3 Darklings","floor":45.0,"turns":8.0},{"damage":0.0,"enemies":"Nemesis","floor":47.0,"turns":5.0},{"damage":90,"enemies":"Donu and Deca","floor":50,"turns":9}],"seed_played":"-8606450542980542051","potions_obtained":[{"floor":3.0,"key":"EssenceOfSteel"},{"floor":8.0,"key":"SkillPotion"},{"floor":16.0,"key":"SpeedPotion"},{"floor":18.0,"key":"Fire Potion"},{"floor":24.0,"key":"Ancient Potion"},{"floor":29.0,"key":"FocusPotion"},{"floor":35.0,"key":"Energy Potion"},{"floor":38.0,"key":"GamblersBrew"},{"floor":44.0,"key":"Poison Potion"},{"floor":47.0,"key":"SteroidPotion"}],"is_trial":false,"path_per_floor":["M","?","M","$","?","E","R","?","T","T","R","?","M","M","R","B",null,"M","?","M","?","?","R","E","$","T","E","M","M","M","$","R","B",null,"M","?","M","M","M","R","$","?","T","E","M","R","E","T","R","B"],"character_chosen":"DEFECT","items_purchased":["Skim","Regen Potion","Cables","Leap","Bandage Up","Loop","Strawberry"],"campfire_rested":4,"item_purchase_floors":[4,4,25,25,25,31,41],"current_hp_per_floor":[64,57,57,57,62,62,62,73,73,73,73,73,73,67,67,44,68,46,46,44,44,44,66,37,37,37,1,12,20,31,31,53,29,64,46,46,21,15,19,41,48,65,65,9,27,66,77,77,77,0],"gold":157,"neow_bonus":"THREE_ENEMY_KILL","is_prod":false,"is_daily":false,"chose_seed":false,"campfire_upgraded":4,"win_rate":0,"timestamp":1549808108,"path_taken":["M","?","M","$","?","E","R","?","T","?","R","?","M","M","R","BOSS","M","?","M","?","?","R","E","$","T","E","?","M","M","$","R","BOSS","M","?","M","M","?","R","$","?","T","E","M","R","E","?","R","BOSS"],"build_version":"2019-01-23","purchased_purges":0,"victory":false,"max_hp_per_floor":[71,71,71,71,76,76,76,76,76,76,76,76,76,76,76,76,76,76,76,76,76,76,76,76,76,76,76,76,76,76,76,76,76,76,76,76,76,76,76,76,83,83,83,83,83,83,83,83,83,83],"card_choices":[{"not_picked":["Redo","Steam"],"picked":"Cold Snap","floor":1.0},{"not_picked":["Hello World","Steam"],"picked":"Genetic Algorithm","floor":3.0},{"not_picked":["Undo","Capacitor","Force Field"],"picked":"SKIP","floor":6.0},{"not_picked":["Gash","BootSequence"],"picked":"Melter","floor":8.0},{"not_picked":["Static Discharge","Lockon"],"picked":"Conserve Battery","floor":13.0},{"not_picked":["Hologram","Turbo"],"picked":"Ball Lightning","floor":14.0},{"not_picked":["Biased Cognition","Fission"],"picked":"Electrodynamics","floor":16.0},{"not_picked":["Aggregate","Sweeping Beam"],"picked":"Steam","floor":18.0},{"not_picked":["Double Energy","Ball Lightning"],"picked":"Static Discharge","floor":20.0},{"not_picked":["Genetic Algorithm","Aggregate"],"picked":"Go for the Eyes","floor":24.0},{"not_picked":["Rebound+1","Scrape"],"picked":"Self Repair","floor":27.0},{"not_picked":["Auto Shields","Storm"],"picked":"Hologram","floor":28.0},{"not_picked":["Ball Lightning","Storm+1","Steam"],"picked":"SKIP","floor":29.0},{"not_picked":["Sweeping Beam+1","Blizzard","Ball Lightning"],"picked":"SKIP","floor":30.0},{"not_picked":["Multi-Cast","Core Surge"],"picked":"Buffer","floor":33.0},{"not_picked":["Cold Snap","Melter","Sweeping Beam"],"picked":"SKIP","floor":35.0},{"not_picked":["Reprogram+1","Static Discharge"],"picked":"Go for the Eyes+1","floor":37.0},{"not_picked":["Conserve Battery","Reinforced Body"],"picked":"Self Repair","floor":38.0},{"not_picked":["Rebound","Steam","Beam Cell+1"],"picked":"SKIP","floor":39.0},{"not_picked":["Self Repair","Leap+1"],"picked":"Loop","floor":44.0},{"not_picked":["Streamline+1","Steam Power+1","Beam Cell"],"picked":"SKIP","floor":45.0},{"not_picked":["Gash","Static Discharge","Steam+1"],"picked":"SKIP","floor":47.0}],"player_experience":333799,"relics_obtained":[{"floor":6.0,"key":"Gambling Chip"},{"floor":8.0,"key":"Odd Mushroom"},{"floor":9.0,"key":"Bottled Flame"},{"floor":10.0,"key":"Symbiotic Virus"},{"floor":24.0,"key":"Happy Flower"},{"floor":26.0,"key":"Bag of Marbles"},{"floor":27.0,"key":"Ice Cream"},{"floor":43.0,"key":"Centennial Puzzle"},{"floor":44.0,"key":"Regal Pillow"},{"floor":47.0,"key":"MawBank"},{"floor":48.0,"key":"War Paint"}],"event_choices":[{"cards_removed":["Strike_B"],"damage_healed":0.0,"max_hp_gain":0.0,"max_hp_loss":0.0,"gold_gain":0.0,"event_name":"Golden Wing","player_choice":"Card Removal","floor":2.0,"gold_loss":0.0,"damage_taken":7.0},{"damage_healed":0.0,"max_hp_gain":5.0,"max_hp_loss":0.0,"gold_gain":0.0,"event_name":"Big Fish","player_choice":"Donut","floor":5.0,"gold_loss":0.0,"damage_taken":0.0},{"damage_healed":0.0,"max_hp_gain":0.0,"max_hp_loss":0.0,"gold_gain":0.0,"event_name":"Mushrooms","player_choice":"Fought Mushrooms","floor":8.0,"gold_loss":0.0,"damage_taken":0.0},{"damage_healed":0.0,"max_hp_gain":0.0,"max_hp_loss":0.0,"gold_gain":50.0,"event_name":"Golden Shrine","player_choice":"Pray","floor":12.0,"gold_loss":0.0,"damage_taken":0.0},{"damage_healed":0.0,"max_hp_gain":0.0,"max_hp_loss":0.0,"gold_gain":50.0,"event_name":"Nest","player_choice":"Stole From Cult","floor":19.0,"gold_loss":0.0,"damage_taken":0.0},{"damage_healed":0.0,"max_hp_gain":0.0,"max_hp_loss":0.0,"gold_gain":0.0,"event_name":"Vampires","player_choice":"Ignored","floor":21.0,"gold_loss":0.0,"damage_taken":0.0},{"damage_healed":0.0,"max_hp_gain":0.0,"max_hp_loss":0.0,"gold_gain":0.0,"cards_transformed":["Strike_B"],"event_name":"Transmorgrifier","player_choice":"Transformed","floor":22.0,"gold_loss":0.0,"damage_taken":0.0,"cards_obtained":["Barrage"]},{"damage_healed":0.0,"max_hp_gain":0.0,"max_hp_loss":0.0,"gold_gain":0.0,"event_name":"Designer","player_choice":"Upgrade","floor":36.0,"gold_loss":50.0,"damage_taken":0.0,"cards_upgraded":["Buffer"]},{"damage_healed":17.0,"max_hp_gain":0.0,"max_hp_loss":0.0,"gold_gain":0.0,"event_name":"Winding Halls","player_choice":"Writhe","floor":42.0,"gold_loss":0.0,"damage_taken":0.0,"cards_obtained":["Writhe"]}],"is_beta":false,"boss_relics":[{"not_picked":["Runic Dome","White Beast Statue"],"picked":"FrozenCore"},{"not_picked":["Fusion Hammer","Black Star"],"picked":"Inserter"}],"items_purged_floors":[],"is_endless":false,"potions_floor_spawned":[3,8,16,18,24,29,35,38,44,47],"killed_by":"Donu and Deca","ascension_level":15}