{"gold_per_floor":[118,134,14,25,41,41,73,88,88,88,38,72,72,72,72,169,169,186,203,203,223,223,254,254,264,311,327,402,419,419],"floor_reached":30,"playtime":1183,"items_purged":[],"score":477,"play_id":"957506e9-624e-466f-b899-51f8054ca545","local_time":"20190201210032","is_ascension_mode":true,"campfire_choices":[{"data":"Neutralize","floor":6,"key":"SMITH"},{"data":"Blade Dance","floor":10,"key":"SMITH"},{"data":"Blade Dance","floor":15,"key":"SMITH"},{"floor":24,"key":"REST"}],"neow_cost":"NONE","seed_source_timestamp":1283178552818757,"circlet_count":0,"master_deck":["Defend_G","Defend_G","Defend_G","Defend_G","Defend_G","Strike_G","Strike_G","Strike_G","Survivor","Neutralize+1","Terror","Footwork","Accuracy+1","Accuracy+1","Slice","Blade Dance","Blade Dance+1","Blade Dance+1","Tools of the Trade","Burst","Accuracy","Neutralize","Dark Shackles","A Thousand Cuts","Cloak And Dagger+1"],"relics":["Ring of the Snake","Strawberry","Orichalcum","Mango","Singing Bowl","Fusion Hammer","Ice Cream","Oddly Smooth Stone","Bottled Flame"],"potions_floor_usage":[12,23,23,27],"damage_taken":[{"damage":1,"enemies":"Small Slimes","floor":1,"turns":4},{"damage":2,"enemies":"Jaw Worm","floor":2,"turns":5},{"damage":0,"enemies":"2 Louse","floor":4,"turns":5},{"damage":4,"enemies":"2 Fungi Beasts","floor":5,"turns":6},{"damage":24,"enemies":"Lagavulin","floor":7,"turns":11},{"damage":14,"enemies":"Exordium Wildlife","floor":8,"turns":6},{"damage":0,"enemies":"Gremlin Nob","floor":12,"turns":3},{"damage":2,"enemies":"Hexaghost","floor":16,"turns":7},{"damage":5,"enemies":"Spheric Guardian","floor":18,"turns":3},{"damage":8,"enemies":"Shell Parasite","floor":19,"turns":3},{"damage":17,"enemies":"Centurion and Healer","floor":21,"turns":3},{"damage":0,"enemies":"Gremlin Leader","floor":23,"turns":3},{"damage":38,"enemies":"Snecko","floor":25,"turns":8},{"damage":18,"enemies":"Snake Plant","floor":27,"turns":4},{"damage":4,"enemies":"Cultist and Chosen","floor":29,"turns":4},{"damage":21,"enemies":"Book of Stabbing","floor":30,"turns":4}],"seed_played":"5395297825525199842","potions_obtained":[{"floor":2,"key":"GhostInAJar"},{"floor":5,"key":"SpeedPotion"},{"floor":8,"key":"GhostInAJar"},{"floor":12,"key":"Weak Potion"},{"floor":16,"key":"Dexterity Potion"},{"floor":19,"key":"PowerPotion"},{"floor":21,"key":"SteroidPotion"},{"floor":25,"key":"Energy Potion"},{"floor":29,"key":"Energy Potion"}],"is_trial":false,"path_per_floor":["M","M","$","M","M","R","E","M","T","R","?","E","?","?","R","B",null,"M","M","?","M","?","E","R","M","T","M","T","M","E"],"character_chosen":"THE_SILENT","items_purchased":["Accuracy","Block Potion"],"campfire_rested":1,"item_purchase_floors":[3,3],"current_hp_per_floor":[69,67,67,67,63,63,39,25,39,39,39,39,21,21,21,19,73,70,62,62,47,47,47,75,39,39,23,23,19,0],"gold":419,"neow_bonus":"RANDOM_COMMON_RELIC","is_prod":false,"is_daily":false,"chose_seed":false,"campfire_upgraded":3,"win_rate":0,"timestamp":1549072832,"path_taken":["M","M","$","M","M","R","E","M","T","R","?","E","?","?","R","BOSS","M","M","?","M","?","E","R","M","T","?","?","M","E"],"build_version":"2019-01-23","purchased_purges":0,"victory":false,"max_hp_per_floor":[77,77,77,77,77,77,77,77,91,91,91,91,91,91,91,91,91,93,93,93,95,95,95,95,97,97,99,99,99,99],"card_choices":[{"not_picked":["Prepared","Dodge and Roll"],"picked":"Terror","floor":1},{"not_picked":["Dagger Throw","PiercingWail"],"picked":"Footwork","floor":2},{"not_picked":["Expertise","Acrobatics"],"picked":"Accuracy","floor":4},{"not_picked":["Deadly Poison","Concentrate"],"picked":"Slice","floor":5},{"not_picked":["Grand Finale","Poisoned Stab"],"picked":"Blade Dance","floor":7},{"not_picked":["Bane","Prepared"],"picked":"Blade Dance","floor":8},{"not_picked":["Backstab","Predator"],"picked":"Blade Dance","floor":12},{"not_picked":["Phantasmal Killer","Venomology"],"picked":"Burst","floor":16},{"not_picked":["Outmaneuver","Dagger Spray","Terror"],"picked":"Singing Bowl","floor":18},{"not_picked":["Prepared","Poisoned Stab"],"picked":"Accuracy","floor":19},{"not_picked":["Riddle With Holes+1","Deadly Poison","Dagger Throw"],"picked":"Singing Bowl","floor":21},{"not_picked":["Finisher","Outmaneuver"],"picked":"A Thousand Cuts","floor":23},{"not_picked":["Crippling Poison","Dagger Throw","Endless Agony"],"picked":"Singing Bowl","floor":25},{"not_picked":["Blade Dance","Tactician+1","Eviscerate"],"picked":"Singing Bowl","floor":27},{"not_picked":["Masterful Stab+1","Well Laid Plans+1"],"picked":"Cloak And Dagger+1","floor":29}],"player_experience":634374,"relics_obtained":[{"floor":7,"key":"Orichalcum"},{"floor":9,"key":"Mango"},{"floor":12,"key":"Singing Bowl"},{"floor":23,"key":"Ice Cream"},{"floor":26,"key":"Oddly Smooth Stone"},{"floor":28,"key":"Bottled Flame"}],"event_choices":[{"cards_removed":["Strike_G"],"damage_healed":0,"gold_gain":0,"player_choice":"Card Removal","damage_taken":0,"max_hp_gain":0,"max_hp_loss":0,"event_name":"The Cleric","floor":11,"gold_loss":50},{"damage_healed":0,"gold_gain":0,"player_choice":"Entered Light","damage_taken":18,"max_hp_gain":0,"max_hp_loss":0,"event_name":"Shining Light","floor":13,"gold_loss":0,"cards_upgraded":["Accuracy","Accuracy"]},{"damage_healed":0,"gold_gain":0,"cards_transformed":["Strike_G"],"player_choice":"Change","damage_taken":0,"max_hp_gain":0,"max_hp_loss":0,"event_name":"Living Wall","floor":14,"gold_loss":0,"cards_obtained":["Tools of the Trade"]},{"damage_healed":0,"gold_gain":0,"player_choice":"Ignored","damage_taken":0,"max_hp_gain":0,"max_hp_loss":0,"event_name":"The Mausoleum","floor":20,"gold_loss":0},{"damage_healed":0,"gold_gain":0,"player_choice":"2 cards matched","damage_taken":0,"max_hp_gain":0,"max_hp_loss":0,"event_name":"Match and Keep!","floor":22,"gold_loss":0,"cards_obtained":["Neutralize","Dark Shackles"]}],"is_beta":false,"boss_relics":[{"not_picked":["Calling Bell","Runic Dome"],"picked":"Fusion Hammer"}],"items_purged_floors":[],"is_endless":false,"potions_floor_spawned":[2,5,8,12,16,19,21,25,29],"killed_by":"Book of Stabbing","ascension_level":9}