{"gold_per_floor":[15,31,31,44,61,61,90,90,136,161,184,199,199,218,218,218],"floor_reached":16,"playtime":520,"items_purged":[],"score":224,"play_id":"8dbe969a-d75d-4eb7-9db8-b082b38c5251","local_time":"20190201152001","is_ascension_mode":true,"campfire_choices":[{"data":"Blood for Blood","floor":6,"key":"SMITH"},{"floor":8,"key":"REST"},{"floor":15,"key":"REST"}],"neow_cost":"NO_GOLD","seed_source_timestamp":1263408927041622,"circlet_count":0,"master_deck":["AscendersBane","Strike_R","Strike_R","Strike_R","Strike_R","Defend_R","Defend_R","Defend_R","Defend_R","Bash","Clash","Seeing Red","Pummel","Blood for Blood+1","Intimidate","Berserk+1","Corruption","Intimidate"],"relics":["Burning Blood","Unceasing Top","Paper Frog","Smiling Mask","Strawberry","Bag of Preparation"],"potions_floor_usage":[5,10,12,16],"damage_taken":[{"damage":1,"enemies":"Cultist","floor":1,"turns":3},{"damage":7,"enemies":"Jaw Worm","floor":2,"turns":4},{"damage":3,"enemies":"2 Louse","floor":4,"turns":3},{"damage":33,"enemies":"Lots of Slimes","floor":5,"turns":5},{"damage":45,"enemies":"3 Sentries","floor":7,"turns":10},{"damage":10,"enemies":"Lagavulin","floor":10,"turns":5},{"damage":38,"enemies":"Gremlin Gang","floor":12,"turns":5},{"damage":5,"enemies":"Red Slaver","floor":14,"turns":3},{"damage":34,"enemies":"The Guardian","floor":16,"turns":4}],"seed_played":"-6354679498492669113","potions_obtained":[{"floor":2,"key":"SteroidPotion"},{"floor":4,"key":"BloodPotion"},{"floor":5,"key":"SpeedPotion"},{"floor":14,"key":"Strength Potion"}],"is_trial":false,"path_per_floor":["M","M","?","M","M","R","E","R","T","E","T","M","?","M","R","B"],"character_chosen":"IRONCLAD","items_purchased":[],"campfire_rested":2,"item_purchase_floors":[],"current_hp_per_floor":[73,72,72,75,55,55,16,38,38,41,41,9,9,10,34,0],"gold":218,"neow_bonus":"ONE_RARE_RELIC","is_prod":false,"is_daily":false,"chose_seed":false,"campfire_upgraded":1,"win_rate":0,"timestamp":1549052401,"path_taken":["M","?","?","?","M","R","E","R","T","E","?","M","?","?","R","BOSS"],"build_version":"2019-01-23","purchased_purges":0,"victory":false,"max_hp_per_floor":[75,75,75,75,75,75,75,75,75,82,82,82,82,82,82,82],"card_choices":[{"not_picked":["Thunderclap","Body Slam"],"picked":"Clash","floor":1},{"not_picked":["Wild Strike","Pummel"],"picked":"Seeing Red","floor":2},{"not_picked":["Fire Breathing","Armaments"],"picked":"Pummel","floor":4},{"not_picked":["Pommel Strike","Havoc"],"picked":"Blood for Blood","floor":5},{"not_picked":["Infernal Blade","Sever Soul"],"picked":"Intimidate","floor":7},{"not_picked":["Armaments","Havoc"],"picked":"Berserk","floor":10},{"not_picked":["Thunderclap","Pommel Strike"],"picked":"Corruption","floor":12},{"not_picked":["Corruption","Reckless Charge"],"picked":"Intimidate","floor":14}],"player_experience":625758,"relics_obtained":[{"floor":7,"key":"Paper Frog"},{"floor":9,"key":"Smiling Mask"},{"floor":10,"key":"Strawberry"},{"floor":11,"key":"Bag of Preparation"}],"event_choices":[{"cards_removed":["Strike_R"],"damage_healed":0,"gold_gain":0,"player_choice":"Offered Basic","damage_taken":0,"max_hp_gain":0,"max_hp_loss":0,"event_name":"Bonfire Elementals","floor":3,"gold_loss":0},{"damage_healed":0,"gold_gain":0,"player_choice":"Forge","damage_taken":0,"max_hp_gain":0,"max_hp_loss":0,"event_name":"Accursed Blacksmith","floor":13,"gold_loss":0,"cards_upgraded":["Berserk"]}],"is_beta":false,"boss_relics":[],"items_purged_floors":[],"is_endless":false,"potions_floor_spawned":[2,4,5,14],"killed_by":"The Guardian","ascension_level":20}