{"gold_per_floor":[112,112,131,131,146,146,171,171,197,217,247,257,257,276,276,276],"floor_reached":16,"playtime":538,"items_purged":[],"score":190,"play_id":"ba9e1460-602e-4217-a9fc-662f5dce0849","local_time":"20190124112140","is_ascension_mode":true,"campfire_choices":[{"data":"Metallicize","floor":6,"key":"SMITH"},{"floor":8,"key":"DIG"},{"data":"True Grit","floor":15,"key":"SMITH"}],"neow_cost":"NONE","seed_source_timestamp":557823220028110,"circlet_count":0,"master_deck":["AscendersBane","Strike_R","Strike_R","Strike_R+1","Strike_R","Strike_R","Defend_R","Defend_R","Defend_R","Defend_R","Bash","Power Through+1","Metallicize+1","Immolate","True Grit+1","Wild Strike"],"relics":["Burning Blood","NeowsBlessing","Shovel","Vajra","Blood Vial","Boot"],"potions_floor_usage":[11,11,16,16],"damage_taken":[{"damage":0,"enemies":"Jaw Worm","floor":1,"turns":1},{"damage":0,"enemies":"Small Slimes","floor":3,"turns":1},{"damage":0,"enemies":"Cultist","floor":5,"turns":1},{"damage":37,"enemies":"3 Sentries","floor":7,"turns":16},{"damage":0,"enemies":"Large Slime","floor":10,"turns":5},{"damage":26,"enemies":"Gremlin Nob","floor":11,"turns":6},{"damage":9,"enemies":"Blue Slaver","floor":12,"turns":4},{"damage":2,"enemies":"Exordium Wildlife","floor":14,"turns":4},{"damage":37,"enemies":"Hexaghost","floor":16,"turns":12}],"seed_played":"2088930467941511473","potions_obtained":[{"floor":1,"key":"SkillPotion"},{"floor":10,"key":"Swift Potion"},{"floor":11,"key":"Explosive Potion"},{"floor":12,"key":"Swift Potion"}],"is_trial":false,"path_per_floor":["M","?","M","T","M","R","E","R","T","M","E","M","?","M","R","B"],"character_chosen":"IRONCLAD","items_purchased":[],"campfire_rested":0,"item_purchase_floors":[],"current_hp_per_floor":[74,59,65,65,71,71,40,40,40,48,30,29,29,35,35,0],"gold":276,"neow_bonus":"THREE_ENEMY_KILL","is_prod":false,"is_daily":false,"chose_seed":false,"campfire_upgraded":2,"win_rate":0,"timestamp":1548346900,"path_taken":["M","?","M","?","M","R","E","R","T","M","E","M","?","?","R","BOSS"],"build_version":"2019-01-23","purchased_purges":0,"victory":false,"max_hp_per_floor":[75,75,75,75,75,75,75,75,75,75,75,75,75,75,75,75],"card_choices":[{"not_picked":["Hemokinesis","True Grit"],"picked":"Power Through","floor":1},{"not_picked":["Armaments","Havoc","Thunderclap"],"picked":"SKIP","floor":3},{"not_picked":["Thunderclap","Clothesline"],"picked":"Metallicize","floor":5},{"not_picked":["Heavy Blade","Warcry","Clash"],"picked":"SKIP","floor":7},{"not_picked":["Twin Strike","Headbutt","Iron Wave"],"picked":"SKIP","floor":10},{"not_picked":["Twin Strike","Wild Strike"],"picked":"Immolate","floor":11},{"not_picked":["Armaments","Pommel Strike"],"picked":"True Grit","floor":12},{"not_picked":["Anger","Clash"],"picked":"Wild Strike","floor":14}],"player_experience":408671,"relics_obtained":[{"floor":7,"key":"Shovel"},{"floor":8,"key":"Vajra"},{"floor":9,"key":"Blood Vial"},{"floor":11,"key":"Boot"}],"event_choices":[{"damage_healed":0,"gold_gain":0,"player_choice":"Entered Light","damage_taken":15,"max_hp_gain":0,"max_hp_loss":0,"event_name":"Shining Light","floor":2,"gold_loss":0,"cards_upgraded":["Strike_R","Power Through"]},{"damage_healed":0,"gold_gain":0,"player_choice":"Bought 0 Potions","damage_taken":0,"max_hp_gain":0,"max_hp_loss":0,"event_name":"The Woman in Blue","floor":13,"gold_loss":0}],"is_beta":false,"boss_relics":[],"items_purged_floors":[],"is_endless":false,"potions_floor_spawned":[1,10,11,12],"killed_by":"Hexaghost","ascension_level":14}