{"gold_per_floor":[115,40,40,40,50,50,69,103,103,113,133,133,65,97,97,171,171,190,80,93,107,123,153,2,2,50,82,82,95,7,34,34,110,110,125,75,92,102,122,122,139,164,164,164,164,164,164,184,184,184],"floor_reached":51,"playtime":4986,"items_purged":["Strike_G","Strike_G","Strike_G"],"score":1220,"play_id":"0c0cf734-6ae0-4252-a417-6daf5b96551f","local_time":"20190221145430","is_ascension_mode":true,"campfire_choices":[{"data":"Dagger Throw","floor":6,"key":"SMITH"},{"floor":12,"key":"REST"},{"data":"Footwork","floor":15,"key":"SMITH"},{"floor":25,"key":"REST"},{"floor":28,"key":"REST"},{"floor":32,"key":"REST"},{"data":"Wraith Form v2","floor":40,"key":"SMITH"},{"floor":47,"key":"RECALL"},{"data":"Crippling Poison","floor":49,"key":"SMITH"}],"neow_cost":"NONE","seed_source_timestamp":183389824906305,"circlet_count":0,"master_deck":["AscendersBane","Defend_G+1","Defend_G+1","Defend_G+1","Survivor+1","Neutralize+1","Deadly Poison+1","Dagger Throw+1","Dagger Spray+1","Flechettes+1","Bouncing Flask+1","PiercingWail+1","Footwork+1","Endless Agony+1","Corpse Explosion+1","Deflect+1","Blur+1","Deadly Poison+1","Slice+1","Crippling Poison+1","Concentrate+1","Noxious Fumes+1","Wraith Form v2+1","Crippling Poison+1"],"relics":["Ring of the Snake","Pocketwatch","The Specimen","Kunai","Runic Pyramid","Ninja Scroll","War Paint","Smiling Mask","Singing Bowl","Ornamental Fan","Busted Crown","Letter Opener","PreservedInsect","Mark of the Bloom"],"potions_floor_usage":[11,16,21,22,27,31,33,42],"damage_taken":[{"damage":0,"enemies":"Small Slimes","floor":1,"turns":5},{"damage":0,"enemies":"2 Louse","floor":5,"turns":4},{"damage":1,"enemies":"Jaw Worm","floor":7,"turns":2},{"damage":32,"enemies":"3 Sentries","floor":8,"turns":9},{"damage":6,"enemies":"Lots of Slimes","floor":10,"turns":2},{"damage":7,"enemies":"Gremlin Gang","floor":11,"turns":2},{"damage":7,"enemies":"Gremlin Nob","floor":14,"turns":4},{"damage":1,"enemies":"The Guardian","floor":16,"turns":9},{"damage":3,"enemies":"Chosen","floor":18,"turns":5},{"damage":0,"enemies":"Spheric Guardian","floor":20,"turns":6},{"damage":12,"enemies":"Snake Plant","floor":21,"turns":4},{"damage":0,"enemies":"Snecko","floor":22,"turns":4},{"damage":24,"enemies":"Book of Stabbing","floor":23,"turns":8},{"damage":18,"enemies":"Gremlin Leader","floor":27,"turns":6},{"damage":4,"enemies":"Shelled Parasite and Fungi","floor":29,"turns":3},{"damage":7,"enemies":"Slavers","floor":31,"turns":4},{"damage":26,"enemies":"Collector","floor":33,"turns":9},{"damage":0,"enemies":"3 Shapes","floor":35,"turns":5},{"damage":0,"enemies":"3 Darklings","floor":37,"turns":4},{"damage":31,"enemies":"Spire Growth","floor":38,"turns":6},{"damage":0,"enemies":"Writhing Mass","floor":39,"turns":6},{"damage":4,"enemies":"3 Darklings","floor":41,"turns":4},{"damage":13,"enemies":"Nemesis","floor":42,"turns":7},{"damage":0,"enemies":"Jaw Worm Horde","floor":48,"turns":3},{"damage":13,"enemies":"Awakened One","floor":50,"turns":15}],"seed_played":"-8469876119066824027","potions_obtained":[{"floor":5,"key":"PowerPotion"},{"floor":14,"key":"Poison Potion"},{"floor":16,"key":"Poison Potion"},{"floor":18,"key":"Energy Potion"},{"floor":21,"key":"FearPotion"},{"floor":27,"key":"EssenceOfSteel"},{"floor":29,"key":"Energy Potion"},{"floor":39,"key":"AttackPotion"},{"floor":41,"key":"Ancient Potion"}],"is_trial":false,"path_per_floor":["M","?","?","?","M","R","M","E","T","M","M","R","$","E","R","B",null,"M","$","M","M","M","E","$","R","T","E","R","M","$","E","R","B",null,"M","$","M","M","M","R","M","E","T","?","?","?","R","M","R","B",null],"character_chosen":"THE_SILENT","items_purchased":["Footwork","Blur","War Paint","Noxious Fumes"],"campfire_rested":4,"item_purchase_floors":[13,19,24,30],"current_hp_per_floor":[59,59,59,59,59,59,58,26,26,20,13,32,32,25,25,24,56,53,53,53,41,41,17,17,36,36,18,37,35,35,30,51,25,59,61,61,63,34,36,36,34,23,23,23,67,67,67,67,67,54],"gold":184,"neow_bonus":"UPGRADE_CARD","is_prod":false,"is_daily":false,"chose_seed":false,"campfire_upgraded":4,"win_rate":0,"timestamp":1550778870,"path_taken":["M","?","?","?","M","R","?","E","T","M","?","R","$","E","R","BOSS","M","?","M","M","M","E","$","R","T","E","R","M","$","E","R","BOSS","M","$","M","M","M","R","M","E","T","?","?","?","R","M","R","BOSS"],"build_version":"2019-01-23","purchased_purges":3,"victory":true,"max_hp_per_floor":[66,66,66,66,66,66,66,66,66,66,66,66,66,66,66,66,66,66,66,66,66,66,66,66,66,66,66,66,68,68,70,70,70,70,72,72,74,76,78,78,80,82,82,82,67,67,67,67,67,67],"card_choices":[{"not_picked":["Outmaneuver","Reflex"],"picked":"Deadly Poison","floor":1},{"not_picked":["Slice","Backflip"],"picked":"Dagger Throw","floor":5},{"not_picked":["Cloak And Dagger","Noxious Fumes"],"picked":"Dagger Spray","floor":7},{"not_picked":["Prepared","Concentrate"],"picked":"Flechettes","floor":8},{"not_picked":["Prepared","Dagger Throw"],"picked":"Bouncing Flask","floor":10},{"not_picked":["Outmaneuver","Dodge and Roll"],"picked":"PiercingWail","floor":11},{"not_picked":["Dagger Spray","Infinite Blades"],"picked":"Endless Agony","floor":14},{"not_picked":["Grand Finale","Phantasmal Killer"],"picked":"Corpse Explosion","floor":16},{"not_picked":["All Out Attack","Poisoned Stab"],"picked":"Deflect","floor":18},{"not_picked":["Slice","Dash"],"picked":"Deadly Poison","floor":20},{"not_picked":["Terror","Predator+1"],"picked":"Slice","floor":21},{"not_picked":["Prepared","Caltrops"],"picked":"Crippling Poison+1","floor":22},{"not_picked":["Dagger Spray","Deadly Poison","Predator"],"picked":"SKIP","floor":23},{"not_picked":["PiercingWail","Cloak And Dagger"],"picked":"Concentrate+1","floor":27},{"not_picked":["Expertise","Backflip","Calculated Gamble"],"picked":"Singing Bowl","floor":29},{"not_picked":["Heel Hook","Slice+1","Distraction"],"picked":"Singing Bowl","floor":31},{"not_picked":["Envenom","Storm of Steel"],"picked":"Wraith Form v2","floor":33},{"not_picked":["Heel Hook"],"picked":"Singing Bowl","floor":35},{"not_picked":["Dash"],"picked":"Singing Bowl","floor":37},{"not_picked":["Underhanded Strike+1"],"picked":"Singing Bowl","floor":38},{"not_picked":["Tactician"],"picked":"Singing Bowl","floor":39},{"not_picked":["Outmaneuver"],"picked":"Singing Bowl","floor":41},{"not_picked":["Setup"],"picked":"Singing Bowl","floor":42},{"not_picked":[],"picked":"Crippling Poison","floor":48}],"player_experience":804231,"relics_obtained":[{"floor":8,"key":"Pocketwatch"},{"floor":9,"key":"The Specimen"},{"floor":14,"key":"Kunai"},{"floor":23,"key":"Ninja Scroll"},{"floor":26,"key":"Smiling Mask"},{"floor":27,"key":"Singing Bowl"},{"floor":31,"key":"Ornamental Fan"},{"floor":42,"key":"Letter Opener"},{"floor":43,"key":"PreservedInsect"}],"event_choices":[{"cards_removed":["Strike_G"],"damage_healed":0,"gold_gain":0,"player_choice":"Card Removal","damage_taken":0,"max_hp_gain":0,"max_hp_loss":0,"event_name":"The Cleric","floor":2,"gold_loss":75},{"cards_removed":["Strike_G"],"damage_healed":0,"gold_gain":0,"player_choice":"Forget","damage_taken":0,"max_hp_gain":0,"max_hp_loss":0,"event_name":"Living Wall","floor":3,"gold_loss":0},{"cards_removed":["Defend_G"],"damage_healed":0,"gold_gain":0,"player_choice":"Purged","damage_taken":0,"max_hp_gain":0,"max_hp_loss":0,"event_name":"Purifier","floor":4,"gold_loss":0},{"cards_removed":["Defend_G"],"damage_healed":0,"gold_gain":0,"player_choice":"Removed Skill","damage_taken":0,"max_hp_gain":0,"max_hp_loss":0,"event_name":"Falling","floor":44,"gold_loss":0},{"damage_healed":67,"gold_gain":0,"player_choice":"Heal","damage_taken":0,"max_hp_gain":0,"max_hp_loss":15,"event_name":"The Moai Head","floor":45,"gold_loss":0},{"damage_healed":0,"gold_gain":0,"player_choice":"Upgrade","damage_taken":0,"relics_obtained":["Mark of the Bloom"],"max_hp_gain":0,"max_hp_loss":0,"event_name":"MindBloom","floor":46,"gold_loss":0,"cards_upgraded":["Defend_G","Defend_G","Defend_G","Deadly Poison","Dagger Spray","Flechettes","Bouncing Flask","Endless Agony","Corpse Explosion","Deflect","Blur","Deadly Poison","Slice","Noxious Fumes"]}],"is_beta":false,"boss_relics":[{"not_picked":["Calling Bell","Empty Cage"],"picked":"Runic Pyramid"},{"not_picked":["Tiny House","Eternal Feather"],"picked":"Busted Crown"}],"items_purged_floors":[19,30,36],"is_endless":false,"potions_floor_spawned":[5,14,16,18,21,27,29,39,41],"ascension_level":15}