{"gold_per_floor":[116,132,407,420,90,90,106,106,129,147,147,172,192,210,210,285,285,301,13,29,29,48,48,62,94,94,94,108,68,68,80,80,157,157,167,67,81,92,92,92,92,92],"floor_reached":42,"playtime":2367,"items_purged":["Regret","Shame"],"score":771,"play_id":"051a778d-d549-4b25-9ecf-42ec8164c025","local_time":"20190227092149","is_ascension_mode":true,"campfire_choices":[{"data":"Zap","floor":6.0,"key":"SMITH"},{"data":"Dualcast","floor":8.0,"key":"SMITH"},{"floor":15.0,"key":"REST"},{"floor":23.0,"key":"REST"},{"floor":27,"key":"REST"},{"data":"Defragment","floor":30,"key":"SMITH"},{"floor":32,"key":"REST"},{"floor":40,"key":"REST"}],"neow_cost":"NONE","seed_source_timestamp":607887746249163,"circlet_count":0,"master_deck":["AscendersBane","Strike_B+1","Strike_B+1","Strike_B","Defend_B","Defend_B","Zap+1","Dualcast+1","Loop","White Noise","Conserve Battery","Go for the Eyes","Conserve Battery","Cold Snap","Defragment+1","FTL","Cold Snap+1","Core Surge","Machine Learning+1","Steam Power+1","Chaos+1","Self Repair","All For One","Madness","Madness"],"special_seed":0,"relics":["Cracked Core","Orichalcum","Singing Bowl","Regal Pillow","Centennial Puzzle","Whetstone","Orrery","StoneCalendar","Prayer Wheel","Anchor","Question Card","Astrolabe"],"potions_floor_usage":[25,33,33],"damage_taken":[{"damage":6.0,"enemies":"Jaw Worm","floor":1.0,"turns":2.0},{"damage":0.0,"enemies":"Cultist","floor":2.0,"turns":4.0},{"damage":0.0,"enemies":"2 Louse","floor":4.0,"turns":2.0},{"damage":8.0,"enemies":"Exordium Wildlife","floor":7.0,"turns":4.0},{"damage":12.0,"enemies":"Exordium Thugs","floor":10.0,"turns":4.0},{"damage":4.0,"enemies":"Large Slime","floor":13.0,"turns":4.0},{"damage":6.0,"enemies":"Exordium Wildlife","floor":14.0,"turns":4.0},{"damage":20.0,"enemies":"The Guardian","floor":16.0,"turns":11.0},{"damage":30.0,"enemies":"3 Byrds","floor":18.0,"turns":5.0},{"damage":7.0,"enemies":"Shell Parasite","floor":20.0,"turns":6.0},{"damage":19.0,"enemies":"Snake Plant","floor":22.0,"turns":5.0},{"damage":18,"enemies":"Cultist and Chosen","floor":24,"turns":7},{"damage":40,"enemies":"Slavers","floor":25,"turns":5},{"damage":8,"enemies":"Centurion and Healer","floor":28,"turns":6},{"damage":27,"enemies":"Shelled Parasite and Fungi","floor":31,"turns":7},{"damage":62,"enemies":"Champ","floor":33,"turns":20},{"damage":0,"enemies":"3 Shapes","floor":35,"turns":5},{"damage":55,"enemies":"3 Darklings","floor":37,"turns":7},{"damage":17,"enemies":"Maw","floor":38,"turns":8},{"damage":74,"enemies":"Transient","floor":42,"turns":5}],"seed_played":"1956619208299603098","potions_obtained":[{"floor":4.0,"key":"EssenceOfSteel"},{"floor":7.0,"key":"AttackPotion"},{"floor":13.0,"key":"Strength Potion"},{"floor":14.0,"key":"Weak Potion"},{"floor":18.0,"key":"PowerPotion"},{"floor":24,"key":"Weak Potion"},{"floor":28,"key":"FocusPotion"},{"floor":31,"key":"Explosive Potion"}],"is_trial":false,"path_per_floor":["M","M","?","M","$","R","M","R","T","M","?","T","M","M","R","B",null,"M","$","M","?","M","R","M","E","T","R","M","$","R","M","R","B",null,"M","$","M","M","?","R","?","M"],"character_chosen":"DEFECT","items_purchased":["Singing Bowl","StoneCalendar","FTL"],"campfire_rested":5,"item_purchase_floors":[5,19,29],"current_hp_per_floor":[58,58,58,58,58,58,50,50,50,40,22,22,20,14,51,33,72,42,42,35,35,20,61,47,9,9,51,47,47,47,22,66,4,75,77,77,33,25,6,53,53,0],"gold":92,"neow_bonus":"RANDOM_COMMON_RELIC","is_prod":false,"is_daily":false,"chose_seed":false,"campfire_upgraded":3,"win_rate":0,"timestamp":1551288109,"path_taken":["M","M","?","M","?","R","?","R","T","?","?","?","M","?","R","BOSS","M","?","?","?","M","R","M","E","T","R","M","$","R","M","R","BOSS","M","$","M","M","?","R","?","?"],"build_version":"2019-01-23","purchased_purges":2,"victory":false,"max_hp_per_floor":[71,71,71,71,71,71,71,71,71,73,73,73,75,75,75,77,83,83,83,83,83,87,87,91,93,93,93,97,97,97,99,99,99,99,101,101,105,107,107,107,107,107],"card_choices":[{"not_picked":["Compile Driver","Rebound"],"picked":"Loop","floor":1.0},{"not_picked":["Rebound","Redo","Steam"],"picked":"SKIP","floor":2.0},{"not_picked":["Beam Cell","Doom and Gloom","Genetic Algorithm"],"picked":"SKIP","floor":4.0},{"not_picked":["Undo","Coolheaded"],"picked":"White Noise","floor":7.0},{"not_picked":["Loop","Recycle","Force Field"],"picked":"Singing Bowl","floor":10.0},{"not_picked":["Steam Power","Meteor Strike","Compile Driver"],"picked":"Singing Bowl","floor":13.0},{"not_picked":["Sweeping Beam","Doom and Gloom"],"picked":"Conserve Battery","floor":14.0},{"not_picked":["Reboot","Rainbow","Fission"],"picked":"Singing Bowl","floor":16.0},{"not_picked":["Ball Lightning","Lockon","Hologram"],"picked":"Singing Bowl","floor":17.0},{"not_picked":["Rebound","Streamline","Compile Driver"],"picked":"Singing Bowl","floor":17.0},{"not_picked":["Ball Lightning","Barrage"],"picked":"Go for the Eyes","floor":17.0},{"not_picked":["Beam Cell","Conserve Battery","Steam"],"picked":"Singing Bowl","floor":17.0},{"not_picked":["Leap","Genetic Algorithm"],"picked":"Conserve Battery","floor":17.0},{"not_picked":["Storm","Reboot"],"picked":"Cold Snap","floor":18.0},{"not_picked":["Leap","Streamline"],"picked":"Defragment","floor":20.0},{"not_picked":["Redo","Beam Cell","Compile Driver+1"],"picked":"Singing Bowl","floor":22.0},{"not_picked":["Hologram","Sweeping Beam","Coolheaded"],"picked":"Singing Bowl","floor":22.0},{"not_picked":["Compile Driver","Meteor Strike","Coolheaded"],"picked":"Singing Bowl","floor":24},{"not_picked":["Conserve Battery","Steam","Turbo"],"picked":"Singing Bowl","floor":24},{"not_picked":["Skim+1","Lockon","Reboot"],"picked":"Singing Bowl","floor":25},{"not_picked":["Aggregate","Blizzard","BootSequence","Beam Cell"],"picked":"Singing Bowl","floor":28},{"not_picked":["Sweeping Beam","Steam","Conserve Battery+1","Compile Driver"],"picked":"Singing Bowl","floor":28},{"not_picked":["Genetic Algorithm","Gash","Blizzard","Reprogram"],"picked":"Singing Bowl","floor":31},{"not_picked":["Redo","Beam Cell","Capacitor"],"picked":"Cold Snap+1","floor":31},{"not_picked":["Thunder Strike","All For One","Rainbow"],"picked":"Core Surge","floor":33},{"not_picked":["Gash","Rebound","Hologram","Loop+1"],"picked":"Singing Bowl","floor":35},{"not_picked":["Static Discharge","Beam Cell","Steam"],"picked":"Self Repair","floor":35},{"not_picked":["Go for the Eyes","Hologram","Tempest","Steam+1"],"picked":"Singing Bowl","floor":37},{"not_picked":["Steam","Conserve Battery+1","Compile Driver","Chaos"],"picked":"Singing Bowl","floor":37},{"not_picked":["Beam Cell","Recycle","Steam+1","Reinforced Body"],"picked":"Singing Bowl","floor":38},{"not_picked":["Lockon","Reprogram","Undo+1"],"picked":"All For One","floor":38}],"player_experience":544350,"relics_obtained":[{"floor":9.0,"key":"Regal Pillow"},{"floor":12.0,"key":"Whetstone"},{"floor":25,"key":"Anchor"},{"floor":26,"key":"Question Card"}],"event_choices":[{"damage_healed":0.0,"max_hp_gain":0.0,"max_hp_loss":0.0,"gold_gain":275.0,"event_name":"Golden Shrine","player_choice":"Desecrate","floor":3.0,"gold_loss":0.0,"damage_taken":0.0,"cards_obtained":["Regret"]},{"damage_healed":0.0,"max_hp_gain":0.0,"max_hp_loss":0.0,"gold_gain":0.0,"event_name":"Scrap Ooze","player_choice":"Success","floor":11.0,"gold_loss":0.0,"damage_taken":18.0,"relics_obtained":["Centennial Puzzle"]},{"damage_healed":0.0,"max_hp_gain":0.0,"max_hp_loss":0.0,"gold_gain":0.0,"event_name":"Addict","player_choice":"Stole Relic","floor":21.0,"gold_loss":0.0,"damage_taken":0.0,"relics_obtained":["Prayer Wheel"],"cards_obtained":["Shame"]},{"damage_healed":0,"gold_gain":0,"player_choice":"Embrace Madness","damage_taken":19,"max_hp_gain":0,"max_hp_loss":0,"event_name":"Winding Halls","floor":39,"gold_loss":0,"cards_obtained":["Madness","Madness"]},{"damage_healed":0,"gold_gain":0,"player_choice":"Ignored","damage_taken":0,"max_hp_gain":0,"max_hp_loss":0,"event_name":"Mysterious Sphere","floor":41,"gold_loss":0}],"is_beta":false,"boss_relics":[{"not_picked":["Black Star","Philosopher\u0027s Stone"],"picked":"Orrery"},{"not_picked":["Tiny House","White Beast Statue"],"picked":"Astrolabe"}],"items_purged_floors":[5,36],"is_endless":false,"potions_floor_spawned":[4,7,13,14,16,18,24,28,31],"killed_by":"Transient","ascension_level":15}