{"gold_per_floor":[109,109,126,46,121,156,170,170,223,223,234,234,265,279,279,378,378,390,390,422,435,486,521,521,552,607,115,115,125,125,140,140,244,244,255,58,83,83,183,201,201,249,261,273,303,315,337,381,393,405,417,429,9,43,43],"floor_reached":56,"playtime":3430,"items_purged":["Strike_G","Strike_G"],"score":1221,"play_id":"62aa8e83-2fba-467d-b7d8-a34eaa8f7eae","local_time":"20190218120856","is_ascension_mode":false,"campfire_choices":[{"data":"Envenom","floor":10.0,"key":"SMITH"},{"data":"Neutralize","floor":12.0,"key":"SMITH"},{"floor":15.0,"key":"REST"},{"data":"Malaise","floor":24.0,"key":"SMITH"},{"data":"Footwork","floor":28.0,"key":"SMITH"},{"data":"Neutralize","floor":30.0,"key":"SMITH"},{"data":"Backstab","floor":32.0,"key":"SMITH"},{"floor":41.0,"key":"RECALL"},{"data":"Cloak And Dagger","floor":44.0,"key":"SMITH"},{"data":"Sucker Punch","floor":46.0,"key":"SMITH"},{"floor":49.0,"key":"REST"},{"data":"Cloak And Dagger","floor":52.0,"key":"SMITH"}],"neow_cost":"NONE","seed_source_timestamp":13359475602905,"circlet_count":0,"master_deck":["Defend_G","Defend_G","Defend_G","Strike_G","Survivor","Neutralize+1","Cloak And Dagger+1","Neutralize+1","Footwork+1","Envenom+1","Backstab+1","Poisoned Stab","Malaise+1","Backflip","Adrenaline","Sucker Punch+1","Infinite Blades","Bane+1","Backstab+1","Tools of the Trade+1","Masterful Stab+1","Deadly Poison+1","Bouncing Flask+1","Terror+1","Flash of Steel+1","Madness","Madness","Cloak And Dagger+1","Master of Strategy","After Image+1"],"special_seed":0,"relics":["White Beast Statue","Bronze Scales","Snake Skull","Blood Vial","Philosopher\u0027s Stone","MutagenicStrength","Red Mask","Boot","Frozen Egg 2","Molten Egg 2","Tiny Chest","Ninja Scroll","Bag of Marbles","Astrolabe","Thread and Needle","MawBank","Ancient Tea Set","Strawberry","Shuriken","Dead Branch"],"potions_floor_usage":[55],"damage_taken":[{"damage":5.0,"enemies":"Small Slimes","floor":1.0,"turns":6.0},{"damage":0.0,"enemies":"Cultist","floor":3.0,"turns":5.0},{"damage":28.0,"enemies":"Gremlin Nob","floor":6.0,"turns":6.0},{"damage":0.0,"enemies":"2 Louse","floor":7.0,"turns":1.0},{"damage":1.0,"enemies":"Blue Slaver","floor":11.0,"turns":4.0},{"damage":10.0,"enemies":"3 Sentries","floor":13.0,"turns":7.0},{"damage":3.0,"enemies":"Red Slaver","floor":14.0,"turns":4.0},{"damage":5.0,"enemies":"The Guardian","floor":16.0,"turns":9.0},{"damage":1.0,"enemies":"Spheric Guardian","floor":18.0,"turns":5.0},{"damage":2.0,"enemies":"Masked Bandits","floor":20.0,"turns":5.0},{"damage":3.0,"enemies":"3 Byrds","floor":21.0,"turns":4.0},{"damage":20.0,"enemies":"Slavers","floor":23.0,"turns":5.0},{"damage":14.0,"enemies":"Book of Stabbing","floor":25.0,"turns":4.0},{"damage":0.0,"enemies":"3 Cultists","floor":29.0,"turns":4.0},{"damage":4.0,"enemies":"Snake Plant","floor":31.0,"turns":2.0},{"damage":30.0,"enemies":"Automaton","floor":33.0,"turns":8.0},{"damage":0.0,"enemies":"Orb Walker","floor":35.0,"turns":1.0},{"damage":0.0,"enemies":"Mind Bloom Boss Battle","floor":39.0,"turns":5.0},{"damage":0.0,"enemies":"3 Shapes","floor":40.0,"turns":1.0},{"damage":0.0,"enemies":"Sphere and 2 Shapes","floor":45.0,"turns":3.0},{"damage":0.0,"enemies":"Jaw Worm Horde","floor":47.0,"turns":2.0},{"damage":52.0,"enemies":"Reptomancer","floor":48.0,"turns":3.0},{"damage":48.0,"enemies":"Awakened One","floor":50.0,"turns":12.0},{"damage":41.0,"enemies":"Shield and Spear","floor":54.0,"turns":4.0},{"damage":37,"enemies":"The Heart","floor":55,"turns":6}],"seed_played":"4767164413708632851","potions_obtained":[{"floor":1.0,"key":"GhostInAJar"},{"floor":3.0,"key":"Explosive Potion"},{"floor":6.0,"key":"Swift Potion"},{"floor":7.0,"key":"Poison Potion"},{"floor":11.0,"key":"PowerPotion"},{"floor":13.0,"key":"Fire Potion"},{"floor":14.0,"key":"LiquidBronze"},{"floor":16.0,"key":"Poison Potion"},{"floor":18.0,"key":"Strength Potion"},{"floor":20.0,"key":"Dexterity Potion"},{"floor":21.0,"key":"LiquidBronze"},{"floor":23.0,"key":"AttackPotion"},{"floor":25.0,"key":"SpeedPotion"},{"floor":29.0,"key":"FearPotion"},{"floor":31.0,"key":"SkillPotion"},{"floor":33.0,"key":"LiquidBronze"},{"floor":35.0,"key":"FearPotion"},{"floor":39.0,"key":"Swift Potion"},{"floor":40.0,"key":"Dexterity Potion"},{"floor":45.0,"key":"Swift Potion"},{"floor":47.0,"key":"Explosive Potion"},{"floor":48.0,"key":"Regen Potion"},{"floor":54.0,"key":"Strength Potion"}],"is_trial":false,"path_per_floor":["M","?","M","$","?","E","M","?","T","R","M","R","E","M","R","B",null,"M","?","?","M","T","E","R","E","T","$","R","M","R","M","R","B",null,"M","$","T","?","?","M","R","T","T","R","M","R","M","E","R","B",null,"R","$","E","B",null],"character_chosen":"THE_SILENT","items_purchased":["Footwork","Ninja Scroll","Bag of Marbles","Bane+1","Flash of Steel+1","Shuriken","Master of Strategy"],"campfire_rested":2,"item_purchase_floors":[4,27,27,27,36,53,53],"current_hp_per_floor":[65,65,65,65,54,26,26,26,26,26,25,25,15,14,35,32,70,69,69,68,67,67,49,49,37,37,37,37,39,39,37,37,9,70,70,70,70,61,63,65,65,65,65,65,67,67,69,25,48,17,77,77,77,36,1],"gold":43,"neow_bonus":"BOSS_RELIC","is_prod":false,"is_daily":false,"chose_seed":false,"campfire_upgraded":9,"win_rate":0,"timestamp":1550520536,"path_taken":["M","?","?","?","?","E","M","?","T","R","?","R","E","M","R","BOSS","M","?","?","M","?","E","R","E","T","$","R","M","R","M","R","BOSS","M","$","?","?","?","M","R","?","T","R","M","R","M","E","R","BOSS","R","$","E","BOSS"],"build_version":"2019-01-23","purchased_purges":2,"victory":true,"max_hp_per_floor":[70,70,70,70,70,70,70,70,70,70,70,70,70,70,70,70,70,70,70,70,70,70,70,70,70,70,70,70,70,70,70,70,70,70,70,70,70,70,70,70,70,70,70,70,70,70,70,77,77,77,77,77,77,77,77],"card_choices":[{"not_picked":["Underhanded Strike","Poisoned Stab"],"picked":"Cloak And Dagger","floor":1.0},{"not_picked":["Catalyst","Heel Hook","Prepared"],"picked":"SKIP","floor":3.0},{"not_picked":["Blade Dance","Quick Slash"],"picked":"Envenom","floor":6.0},{"not_picked":["Bane","Backflip"],"picked":"Backstab","floor":7.0},{"not_picked":["Concentrate","Outmaneuver"],"picked":"Poisoned Stab","floor":11.0},{"not_picked":["Caltrops","Infinite Blades"],"picked":"Malaise","floor":13.0},{"not_picked":["Caltrops","Acrobatics"],"picked":"Backflip","floor":14.0},{"not_picked":["Malaise","A Thousand Cuts"],"picked":"Adrenaline","floor":16.0},{"not_picked":["Accuracy","Acrobatics","Backflip"],"picked":"SKIP","floor":18.0},{"not_picked":["Dagger Throw","Flying Knee+1"],"picked":"Sucker Punch","floor":20.0},{"not_picked":["Finisher","Skewer"],"picked":"Infinite Blades","floor":21.0},{"not_picked":["Doppelganger","Deadly Poison+1","Blade Dance"],"picked":"SKIP","floor":23.0},{"not_picked":["Skewer","Reflex","Masterful Stab+1"],"picked":"SKIP","floor":25.0},{"not_picked":["Escape Plan+1","Dagger Spray+1"],"picked":"Backstab+1","floor":29.0},{"not_picked":["Sucker Punch+1","Blade Dance+1","Catalyst"],"picked":"SKIP","floor":31.0},{"not_picked":["Doppelganger","Corpse Explosion"],"picked":"Tools of the Trade+1","floor":33.0},{"not_picked":["Deadly Poison+1","Dagger Throw+1"],"picked":"Terror+1","floor":35.0},{"not_picked":["Dagger Spray+1","PiercingWail","Venomology"],"picked":"SKIP","floor":40.0},{"not_picked":["Underhanded Strike+1","Quick Slash+1","Poisoned Stab+1"],"picked":"SKIP","floor":45.0},{"not_picked":["Concentrate","PiercingWail+1"],"picked":"Cloak And Dagger","floor":47.0},{"not_picked":["Dagger Throw+1","Predator+1","Backflip+1"],"picked":"SKIP","floor":48.0},{"not_picked":["Deflect+1","Doppelganger"],"picked":"After Image+1","floor":54.0}],"player_experience":427725,"relics_obtained":[{"floor":6.0,"key":"Bronze Scales"},{"floor":9.0,"key":"Snake Skull"},{"floor":13.0,"key":"Blood Vial"},{"floor":20.0,"key":"Red Mask"},{"floor":22.0,"key":"Boot"},{"floor":23.0,"key":"Frozen Egg 2"},{"floor":25.0,"key":"Molten Egg 2"},{"floor":26.0,"key":"Tiny Chest"},{"floor":39.0,"key":"Thread and Needle"},{"floor":42.0,"key":"MawBank"},{"floor":43.0,"key":"Ancient Tea Set"},{"floor":48.0,"key":"Strawberry"},{"floor":54.0,"key":"Dead Branch"}],"event_choices":[{"damage_healed":0.0,"max_hp_gain":0.0,"max_hp_loss":0.0,"gold_gain":0.0,"event_name":"Match and Keep!","player_choice":"1 cards matched","floor":2.0,"gold_loss":0.0,"damage_taken":0.0,"cards_obtained":["Neutralize"]},{"damage_healed":0.0,"max_hp_gain":0.0,"max_hp_loss":0.0,"gold_gain":75.0,"event_name":"World of Goop","player_choice":"Gather Gold","floor":5.0,"gold_loss":0.0,"damage_taken":11.0},{"cards_removed":["Strike_G"],"damage_healed":0.0,"max_hp_gain":0.0,"max_hp_loss":0.0,"gold_gain":0.0,"event_name":"Bonfire Elementals","player_choice":"Offered Basic","floor":8.0,"gold_loss":0.0,"damage_taken":0.0},{"damage_healed":0.0,"max_hp_gain":0.0,"max_hp_loss":0.0,"gold_gain":0.0,"event_name":"Drug Dealer","player_choice":"Inject Mutagens","floor":19.0,"gold_loss":0.0,"damage_taken":0.0,"relics_obtained":["MutagenicStrength"]},{"damage_healed":0.0,"max_hp_gain":0.0,"max_hp_loss":0.0,"gold_gain":0.0,"event_name":"Masked Bandits","player_choice":"Fought Bandits","floor":20.0,"gold_loss":0.0,"damage_taken":0.0},{"damage_healed":0.0,"max_hp_gain":0.0,"max_hp_loss":0.0,"gold_gain":0.0,"event_name":"Winding Halls","player_choice":"Embrace Madness","floor":38.0,"gold_loss":0.0,"damage_taken":9.0,"cards_obtained":["Madness","Madness"]},{"damage_healed":0.0,"max_hp_gain":0.0,"max_hp_loss":0.0,"gold_gain":0.0,"event_name":"MindBloom","player_choice":"Fight","floor":39.0,"gold_loss":0.0,"damage_taken":0.0}],"is_beta":false,"boss_relics":[{"not_picked":["Sozu","Velvet Choker"],"picked":"Philosopher\u0027s Stone"},{"not_picked":["Calling Bell","Cursed Key"],"picked":"Astrolabe"}],"items_purged_floors":[27,36],"is_endless":false,"potions_floor_spawned":[1,3,6,7,11,13,14,16,18,20,21,23,25,29,31,33,35,39,40,45,47,48,54],"ascension_level":0}