{"gold_per_floor":[16,28,38,57,72,72,98,98,98,109,7,7,24,54,54,54],"floor_reached":16,"playtime":838,"items_purged":[],"score":156,"play_id":"c120dfef-818a-4e8f-97b5-4b8dfb735296","local_time":"20190215184533","is_ascension_mode":true,"campfire_choices":[{"data":"Body Slam","floor":6,"key":"SMITH"},{"floor":8,"key":"REST"},{"floor":15,"key":"REST"}],"neow_cost":"NO_GOLD","seed_source_timestamp":0,"circlet_count":0,"master_deck":["AscendersBane","Strike_R","Strike_R","Strike_R","Defend_R","Defend_R","Defend_R","Defend_R","Bash","Ghostly Armor","Body Slam+1","Shrug It Off","Inflame"],"special_seed":0,"relics":["Burning Blood","Darkstone Periapt","Singing Bowl","Regal Pillow","Tiny Chest"],"potions_floor_usage":[10],"damage_taken":[{"damage":5.0,"enemies":"Cultist","floor":1.0,"turns":5.0},{"damage":2.0,"enemies":"Jaw Worm","floor":2.0,"turns":4.0},{"damage":0.0,"enemies":"2 Louse","floor":3.0,"turns":4.0},{"damage":1,"enemies":"Large Slime","floor":4,"turns":7},{"damage":39,"enemies":"Lots of Slimes","floor":5,"turns":7},{"damage":43,"enemies":"Lagavulin","floor":7,"turns":8},{"damage":16,"enemies":"Gremlin Gang","floor":10,"turns":8},{"damage":15,"enemies":"3 Louse","floor":13,"turns":5},{"damage":56,"enemies":"The Guardian","floor":16,"turns":18}],"seed_played":"-1637632693617993626","potions_obtained":[{"floor":4,"key":"Energy Potion"},{"floor":5,"key":"GamblersBrew"},{"floor":7,"key":"BloodPotion"}],"is_trial":false,"path_per_floor":["M","M","M","M","M","R","E","R","T","M","$","?","M","T","R","B"],"character_chosen":"IRONCLAD","items_purchased":["Shrug It Off","Inflame"],"campfire_rested":2,"item_purchase_floors":[11,11],"current_hp_per_floor":[73,77,80,80,47,47,10,34,34,34,34,22,15,15,55,0],"gold":54,"neow_bonus":"REMOVE_TWO","is_prod":false,"is_daily":false,"chose_seed":false,"campfire_upgraded":1,"win_rate":0,"timestamp":1550285133,"path_taken":["M","M","M","?","M","R","E","R","T","M","$","?","M","?","R","BOSS"],"build_version":"2019-01-23","purchased_purges":0,"victory":false,"max_hp_per_floor":[80,80,80,80,80,80,80,80,80,82,82,82,84,84,84,84],"card_choices":[{"not_picked":["Heavy Blade","Warcry","Burning Pact"],"picked":"SKIP","floor":1.0},{"not_picked":["Havoc","Twin Strike"],"picked":"Ghostly Armor","floor":2.0},{"not_picked":["Wild Strike","Thunderclap","Pommel Strike"],"picked":"SKIP","floor":3.0},{"not_picked":["Rage","Cleave"],"picked":"Body Slam","floor":4},{"not_picked":["Dropkick","Flex","Warcry"],"picked":"SKIP","floor":5},{"not_picked":["Twin Strike","Clothesline","Dropkick"],"picked":"SKIP","floor":7},{"not_picked":["Corruption","Evolve","Clash"],"picked":"Singing Bowl","floor":10},{"not_picked":["Battle Trance","Sever Soul","Wild Strike"],"picked":"Singing Bowl","floor":13}],"player_experience":379898,"relics_obtained":[{"floor":7,"key":"Darkstone Periapt"},{"floor":9,"key":"Singing Bowl"},{"floor":14,"key":"Tiny Chest"}],"event_choices":[{"damage_healed":0,"gold_gain":0,"player_choice":"Success","damage_taken":12,"relics_obtained":["Regal Pillow"],"max_hp_gain":0,"max_hp_loss":0,"event_name":"Scrap Ooze","floor":12,"gold_loss":0}],"is_beta":false,"boss_relics":[],"items_purged_floors":[],"is_endless":false,"potions_floor_spawned":[4,5,7],"killed_by":"The Guardian","ascension_level":10}