{"gold_per_floor":[116,38,38,63,63,101,101,116,116,116,139,139,178,201,201,322,322,342,93,106,7,21,21,46,77,101,120,120,138,138,10,10,141,141,155,155,175,194,214,214,232,232,232,232,16,31,31,44,44,44],"floor_reached":50,"playtime":2092,"items_purged":["Strike_B","Strike_B","Strike_B"],"score":763,"play_id":"3dbadc3e-f02c-47c4-81e1-a04bf8e447be","local_time":"20190126191835","is_ascension_mode":true,"campfire_choices":[{"data":"Loop","floor":7,"key":"SMITH"},{"data":"Storm","floor":12,"key":"SMITH"},{"floor":15,"key":"REST"},{"floor":23,"key":"REST"},{"floor":28,"key":"REST"},{"floor":30,"key":"REST"},{"floor":32,"key":"REST"},{"floor":40,"key":"REST"},{"floor":42,"key":"REST"},{"floor":44,"key":"RECALL"},{"floor":49,"key":"REST"}],"neow_cost":"NONE","seed_source_timestamp":757694291208882,"circlet_count":0,"master_deck":["Defend_B","Defend_B","Defend_B","Zap","Dualcast","Storm+1","Loop+1","Storm","Biased Cognition","Tempest","BootSequence","Core Surge","Melter+1","Storm+1","Lockon","Leap","BootSequence","Darkness","Leap+1","Auto Shields","Capacitor","Electrodynamics","Redo+1","Self Repair","Force Field","Seek","Hologram+1","Hologram+1","Core Surge","Glacier","Coolheaded+1","FTL+1"],"relics":["Cracked Core","Golden Idol","Thread and Needle","Dodecahedron","Smiling Mask","Velvet Choker","DollysMirror","Torii","Lizard Tail","Blue Candle"],"potions_floor_usage":[13,13,16,33,33,38,48,50,50],"damage_taken":[{"damage":0,"enemies":"2 Louse","floor":1,"turns":2},{"damage":8,"enemies":"Small Slimes","floor":4,"turns":3},{"damage":34,"enemies":"3 Sentries","floor":6,"turns":12},{"damage":0,"enemies":"Cultist","floor":8,"turns":3},{"damage":0,"enemies":"Large Slime","floor":11,"turns":4},{"damage":1,"enemies":"Lagavulin","floor":13,"turns":6},{"damage":20,"enemies":"Gremlin Gang","floor":14,"turns":3},{"damage":0,"enemies":"Slime Boss","floor":16,"turns":6},{"damage":0,"enemies":"3 Byrds","floor":18,"turns":3},{"damage":11,"enemies":"2 Thieves","floor":20,"turns":3},{"damage":14,"enemies":"Snecko","floor":22,"turns":3},{"damage":0,"enemies":"Snake Plant","floor":24,"turns":3},{"damage":32,"enemies":"Gremlin Leader","floor":25,"turns":8},{"damage":13,"enemies":"Centurion and Healer","floor":27,"turns":4},{"damage":7,"enemies":"3 Cultists","floor":29,"turns":4},{"damage":44,"enemies":"Automaton","floor":33,"turns":10},{"damage":37,"enemies":"3 Darklings","floor":35,"turns":3},{"damage":1,"enemies":"3 Shapes","floor":37,"turns":4},{"damage":22,"enemies":"Maw","floor":38,"turns":4},{"damage":15,"enemies":"4 Shapes","floor":39,"turns":3},{"damage":8,"enemies":"3 Darklings","floor":41,"turns":4},{"damage":32,"enemies":"Spire Growth","floor":46,"turns":5},{"damage":1,"enemies":"Transient","floor":48,"turns":5},{"damage":85,"enemies":"Awakened One","floor":50,"turns":6}],"seed_played":"-3066283361377517128","potions_obtained":[{"floor":6,"key":"Weak Potion"},{"floor":8,"key":"Strength Potion"},{"floor":11,"key":"GamblersBrew"},{"floor":22,"key":"SpeedPotion"},{"floor":29,"key":"AttackPotion"},{"floor":35,"key":"Energy Potion"},{"floor":39,"key":"FairyPotion"},{"floor":46,"key":"Swift Potion"},{"floor":47,"key":"Explosive Potion"},{"floor":48,"key":"LiquidBronze"}],"is_trial":false,"path_per_floor":["M","$","?","M","?","E","R","M","T","?","M","R","E","M","R","B",null,"M","$","M","$","M","R","M","E","T","M","R","M","R","$","R","B",null,"M","?","M","M","M","R","M","R","T","R","$","M","?","M","R","B"],"character_chosen":"DEFECT","items_purchased":["Loop","DollysMirror","Leap","Capacitor","Core Surge","Glacier"],"campfire_rested":8,"item_purchase_floors":[2,19,21,31,45,45],"current_hp_per_floor":[68,68,68,60,65,31,31,31,31,74,74,74,73,53,74,74,74,74,74,63,63,49,71,71,39,39,26,48,41,63,63,74,30,63,26,26,25,10,37,59,51,73,73,73,73,48,48,54,74,0],"gold":44,"neow_bonus":"REMOVE_CARD","is_prod":false,"is_daily":false,"chose_seed":false,"campfire_upgraded":2,"win_rate":0,"timestamp":1548548315,"path_taken":["M","$","?","M","?","E","R","M","T","?","M","R","E","M","R","BOSS","M","$","M","$","M","R","M","E","T","M","R","M","R","?","R","BOSS","M","?","M","M","M","R","M","R","T","R","$","?","?","?","R","BOSS"],"build_version":"2019-01-23","purchased_purges":3,"victory":false,"max_hp_per_floor":[75,75,69,69,74,74,74,74,74,74,74,74,74,74,74,74,74,74,74,74,74,74,74,74,74,74,74,74,74,74,74,74,74,74,74,74,74,74,74,74,74,74,74,74,74,74,74,74,74,74],"card_choices":[{"not_picked":["Rebound","Gash"],"picked":"Storm","floor":1},{"not_picked":["Sweeping Beam","Ball Lightning"],"picked":"Chill","floor":4},{"not_picked":["Stack","Skim"],"picked":"Storm","floor":6},{"not_picked":["Gash","Sweeping Beam"],"picked":"Biased Cognition","floor":8},{"not_picked":["Fusion","Double Energy","Rip and Tear"],"picked":"SKIP","floor":11},{"not_picked":["FTL","Double Energy"],"picked":"Tempest","floor":13},{"not_picked":["Gash","Leap"],"picked":"BootSequence","floor":14},{"not_picked":["Reboot","Amplify"],"picked":"Core Surge","floor":16},{"not_picked":["Gash","Compile Driver"],"picked":"Melter+1","floor":18},{"not_picked":["Compile Driver","Coolheaded"],"picked":"Lockon","floor":20},{"not_picked":["Stack","Chill"],"picked":"BootSequence","floor":22},{"not_picked":["Fusion","Conserve Battery","Reprogram"],"picked":"SKIP","floor":24},{"not_picked":["Fusion","Cold Snap"],"picked":"Darkness","floor":25},{"not_picked":["Reinforced Body","Go for the Eyes+1"],"picked":"Leap+1","floor":27},{"not_picked":["Gash+1","Steam"],"picked":"Auto Shields","floor":29},{"not_picked":["Meteor Strike","Seek"],"picked":"Electrodynamics","floor":33},{"not_picked":["Gash+1","White Noise+1"],"picked":"Redo+1","floor":35},{"not_picked":["Static Discharge+1","Compile Driver"],"picked":"Force Field","floor":37},{"not_picked":["Beam Cell","Fusion+1"],"picked":"Seek","floor":38},{"not_picked":["Turbo+1","Gash"],"picked":"Hologram+1","floor":39},{"not_picked":["Beam Cell","Go for the Eyes+1"],"picked":"Hologram+1","floor":41},{"not_picked":["Go for the Eyes+1","Doom and Gloom+1"],"picked":"Coolheaded+1","floor":46},{"not_picked":["Ball Lightning","Melter"],"picked":"FTL+1","floor":48}],"player_experience":480866,"relics_obtained":[{"floor":6,"key":"Thread and Needle"},{"floor":9,"key":"Dodecahedron"},{"floor":13,"key":"Smiling Mask"},{"floor":25,"key":"Torii"},{"floor":43,"key":"Blue Candle"}],"event_choices":[{"damage_healed":0,"gold_gain":0,"player_choice":"Lose Max HP","damage_taken":0,"relics_obtained":["Golden Idol"],"max_hp_gain":0,"max_hp_loss":6,"event_name":"Golden Idol","floor":3,"gold_loss":0},{"damage_healed":0,"gold_gain":0,"player_choice":"Donut","damage_taken":0,"max_hp_gain":5,"max_hp_loss":0,"event_name":"Big Fish","floor":5,"gold_loss":0},{"cards_removed":["Chill"],"damage_healed":43,"gold_gain":0,"player_choice":"Offered Uncommon","damage_taken":0,"max_hp_gain":0,"max_hp_loss":0,"event_name":"Bonfire Elementals","floor":10,"gold_loss":0},{"damage_healed":0,"gold_gain":0,"cards_transformed":["Defend_B"],"player_choice":"Transformed","damage_taken":0,"max_hp_gain":0,"max_hp_loss":0,"event_name":"Transmorgrifier","floor":36,"gold_loss":0,"cards_obtained":["Self Repair"]},{"damage_healed":0,"gold_gain":0,"player_choice":"Got Potions","damage_taken":0,"max_hp_gain":0,"max_hp_loss":0,"event_name":"Lab","floor":47,"gold_loss":0}],"is_beta":false,"boss_relics":[{"not_picked":["Philosopher\u0027s Stone","Cursed Key"],"picked":"Velvet Choker"},{"not_picked":["White Beast Statue","Pandora\u0027s Box"],"picked":"Lizard Tail"}],"items_purged_floors":[19,21,31],"is_endless":false,"potions_floor_spawned":[6,8,11,22,29,35,39,46,48],"killed_by":"Awakened One","ascension_level":9}