{"gold_per_floor":[116,3,14,24,44,44,57,87,161,161,177,177,196,214,214,291,291,291],"floor_reached":18,"playtime":645,"items_purged":["Strike_G"],"score":282,"play_id":"181520f6-00f6-48fa-977c-629cdf1140c9","local_time":"20190302194633","is_ascension_mode":true,"campfire_choices":[{"data":"Neutralize","floor":6,"key":"SMITH"},{"data":"Infinite Blades","floor":10,"key":"SMITH"},{"data":"Bane","floor":12,"key":"SMITH"},{"floor":15,"key":"REST"}],"neow_cost":"NONE","seed_source_timestamp":63138056048217,"circlet_count":0,"master_deck":["AscendersBane","Survivor","Neutralize+1","Backstab","Infinite Blades+1","Deadly Poison","Dagger Spray","Cloak And Dagger","Bane+1","Catalyst","Terror","Envenom","Masterful Stab","Acrobatics","Burst","Eviscerate","Quick Slash","Phantasmal Killer","Poisoned Stab","Quick Slash","Unload"],"relics":["Ring of the Snake","Strawberry","Dream Catcher","Ninja Scroll","Pandora\u0027s Box"],"potions_floor_usage":[8,8,16],"damage_taken":[{"damage":2,"enemies":"Cultist","floor":1,"turns":4},{"damage":0,"enemies":"Small Slimes","floor":3,"turns":4},{"damage":0,"enemies":"2 Louse","floor":4,"turns":3},{"damage":3,"enemies":"Looter","floor":5,"turns":3},{"damage":6,"enemies":"Blue Slaver","floor":7,"turns":4},{"damage":13,"enemies":"Gremlin Nob","floor":8,"turns":4},{"damage":14,"enemies":"Large Slime","floor":11,"turns":4},{"damage":2,"enemies":"3 Louse","floor":13,"turns":2},{"damage":1,"enemies":"Blue Slaver","floor":14,"turns":2},{"damage":35,"enemies":"The Guardian","floor":16,"turns":11},{"damage":0,"enemies":"2 Thieves","floor":18,"turns":1}],"seed_played":"6480589819763360821","potions_obtained":[{"floor":1,"key":"LiquidBronze"},{"floor":5,"key":"EssenceOfSteel"},{"floor":7,"key":"Poison Potion"},{"floor":11,"key":"AttackPotion"},{"floor":13,"key":"SneckoOil"}],"is_trial":false,"path_per_floor":["M","$","M","M","M","R","M","E","T","R","M","R","M","M","R","B",null,"M"],"character_chosen":"THE_SILENT","items_purchased":["Infinite Blades"],"campfire_rested":1,"item_purchase_floors":[2],"current_hp_per_floor":[64,64,64,64,61,61,55,42,42,42,28,28,26,25,46,11,58,58],"gold":291,"neow_bonus":"RANDOM_COMMON_RELIC","is_prod":false,"is_daily":false,"chose_seed":false,"campfire_upgraded":3,"win_rate":0,"timestamp":1551552393,"path_taken":["M","$","M","M","M","R","M","E","T","R","M","R","?","M","R","BOSS","M"],"build_version":"2019-01-23","purchased_purges":1,"victory":false,"max_hp_per_floor":[73,73,73,73,73,73,73,73,73,73,73,73,73,73,73,73,73,73],"card_choices":[{"not_picked":["Flying Knee","Poisoned Stab"],"picked":"Backstab","floor":1},{"not_picked":["Endless Agony","Deadly Poison","Flechettes"],"picked":"SKIP","floor":3},{"not_picked":["Endless Agony","Flechettes"],"picked":"Deadly Poison","floor":3},{"not_picked":["Choke","Escape Plan","Tactician"],"picked":"SKIP","floor":4},{"not_picked":["Deflect","Outmaneuver"],"picked":"Dagger Spray","floor":5},{"not_picked":["Dodge and Roll","Riddle With Holes","PiercingWail"],"picked":"SKIP","floor":7},{"not_picked":["PiercingWail","Poisoned Stab"],"picked":"Cloak And Dagger","floor":8},{"not_picked":["Bullet Time","Flying Knee"],"picked":"Bane","floor":11},{"not_picked":["Deflect","Dodge and Roll","Flying Knee"],"picked":"SKIP","floor":13},{"not_picked":["Slice","Deadly Poison"],"picked":"Catalyst","floor":14},{"not_picked":["Dagger Spray","Acrobatics"],"picked":"Terror","floor":15},{"not_picked":["Die Die Die","Burst"],"picked":"Envenom","floor":16}],"player_experience":726891,"relics_obtained":[{"floor":8,"key":"Dream Catcher"},{"floor":9,"key":"Ninja Scroll"}],"event_choices":[],"is_beta":false,"boss_relics":[{"not_picked":["Black Star","White Beast Statue"],"picked":"Pandora\u0027s Box"}],"items_purged_floors":[2],"is_endless":false,"potions_floor_spawned":[1,5,7,11,13],"killed_by":"2 Thieves","ascension_level":14}