{"gold_per_floor":[213,233,9,27,47,47,74,74,100,100,129,129,139,165,165,239,239,222,222,237,32,42,42,42],"floor_reached":24,"playtime":1220,"items_purged":[],"score":361,"play_id":"377536f2-a21c-4571-aaaf-c288d5bf7b66","local_time":"20190211175910","is_ascension_mode":true,"campfire_choices":[{"data":"Gash","floor":6.0,"key":"SMITH"},{"data":"Zap","floor":10,"key":"SMITH"},{"data":"White Noise","floor":12,"key":"SMITH"},{"data":"Rainbow","floor":15,"key":"SMITH"},{"floor":23,"key":"REST"}],"neow_cost":"NONE","seed_source_timestamp":32563936702747,"circlet_count":0,"master_deck":["AscendersBane","Strike_B","Strike_B","Defend_B","Defend_B","Defend_B","Defend_B","Zap+1","Dualcast","Self Repair","Self Repair","Gash+1","Conserve Battery","Hologram","Blind","White Noise+1","Glacier","Genetic Algorithm","Rainbow+1","Core Surge","Leap+1","Cold Snap"],"special_seed":0,"relics":["Cracked Core","Art of War","Lantern","Orichalcum","Omamori","Empty Cage","Sling"],"potions_floor_usage":[7,11,13,16,24,24],"damage_taken":[{"damage":0.0,"enemies":"2 Louse","floor":1.0,"turns":3.0},{"damage":4.0,"enemies":"Jaw Worm","floor":2.0,"turns":4.0},{"damage":8.0,"enemies":"Small Slimes","floor":4.0,"turns":4.0},{"damage":5.0,"enemies":"2 Fungi Beasts","floor":5.0,"turns":4.0},{"damage":39,"enemies":"Gremlin Nob","floor":7,"turns":6},{"damage":42,"enemies":"Lagavulin","floor":11,"turns":8},{"damage":14,"enemies":"3 Louse","floor":13,"turns":5},{"damage":10,"enemies":"The Guardian","floor":16,"turns":14},{"damage":24,"enemies":"2 Thieves","floor":18,"turns":4},{"damage":22,"enemies":"Spheric Guardian","floor":20,"turns":8},{"damage":32,"enemies":"3 Cultists","floor":22,"turns":7},{"damage":40,"enemies":"Slavers","floor":24,"turns":6}],"seed_played":"4857445805077478175","potions_obtained":[{"floor":1.0,"key":"Poison Potion"},{"floor":4.0,"key":"AttackPotion"},{"floor":11,"key":"GamblersBrew"},{"floor":13,"key":"EssenceOfSteel"},{"floor":16,"key":"FocusPotion"},{"floor":20,"key":"Dexterity Potion"}],"is_trial":false,"path_per_floor":["M","M","$","M","M","R","E","?","T","R","E","R","M","T","R","B",null,"M","?","M","$","M","R","E"],"character_chosen":"DEFECT","items_purchased":["Gash","Conserve Battery","Hologram","Blind","Sling"],"campfire_rested":1,"item_purchase_floors":[3,3,3,3,21],"current_hp_per_floor":[64,67,67,71,71,71,46,63,63,63,35,35,28,28,28,32,61,51,51,43,43,18,38,0],"gold":42,"neow_bonus":"HUNDRED_GOLD","is_prod":false,"is_daily":false,"chose_seed":false,"campfire_upgraded":4,"win_rate":0,"timestamp":1549875550,"path_taken":["M","M","$","M","M","R","E","?","T","R","E","R","M","?","R","BOSS","M","?","M","$","M","R","E"],"build_version":"2019-01-23","purchased_purges":0,"victory":false,"max_hp_per_floor":[71,71,71,71,71,71,71,71,71,71,71,71,71,71,71,71,71,71,68,68,68,68,68,68],"card_choices":[{"not_picked":["Blizzard","Steam"],"picked":"Self Repair","floor":1.0},{"not_picked":["Rebound","Hologram"],"picked":"Self Repair","floor":2.0},{"not_picked":["BootSequence","Force Field"],"picked":"White Noise","floor":4.0},{"not_picked":["Ball Lightning","Capacitor"],"picked":"Glacier","floor":5.0},{"not_picked":["Turbo","Consume"],"picked":"Genetic Algorithm","floor":7},{"not_picked":["Loop","Double Energy","Ball Lightning"],"picked":"SKIP","floor":11},{"not_picked":["Stack","Turbo"],"picked":"Rainbow","floor":13},{"not_picked":["Hyperbeam","Amplify"],"picked":"Core Surge","floor":16},{"not_picked":["Glacier","Consume"],"picked":"Leap+1","floor":18},{"not_picked":["Heatsinks+1","Compile Driver+1"],"picked":"Cold Snap","floor":20},{"not_picked":["Sweeping Beam","Steam","Rebound"],"picked":"SKIP","floor":22}],"player_experience":341418,"relics_obtained":[{"floor":7,"key":"Art of War"},{"floor":9,"key":"Lantern"},{"floor":11,"key":"Orichalcum"},{"floor":14,"key":"Omamori"}],"event_choices":[{"damage_healed":17,"gold_gain":0,"player_choice":"Healed and dodged fight","damage_taken":0,"max_hp_gain":0,"max_hp_loss":0,"event_name":"Mushrooms","floor":8,"gold_loss":0,"cards_obtained":["Parasite"]},{"cards_removed":["Parasite"],"damage_healed":0,"gold_gain":0,"player_choice":"Elegance","damage_taken":0,"max_hp_gain":0,"max_hp_loss":0,"event_name":"Back to Basics","floor":19,"gold_loss":0}],"is_beta":false,"boss_relics":[{"not_picked":["Tiny House","FrozenCore"],"picked":"Empty Cage"}],"items_purged_floors":[],"is_endless":false,"potions_floor_spawned":[1,4,11,13,16,20],"killed_by":"Slavers","ascension_level":15}