{"gold_per_floor":[214,214,51,201,201,201,217,292,365,365,381,92,170,90,90,186,186,209,134,157,157,180,180,11,11],"floor_reached":25,"playtime":684,"items_purged":["Doubt"],"score":346,"play_id":"850a53bb-42ce-4ad5-a5fd-fbb4f55f433c","local_time":"20190302153838","is_ascension_mode":true,"campfire_choices":[{"floor":6.0,"key":"REST"},{"floor":10.0,"key":"REST"},{"data":"Noxious Fumes","floor":15,"key":"SMITH"},{"floor":23,"key":"REST"}],"neow_cost":"NONE","seed_source_timestamp":209999856474734,"circlet_count":0,"master_deck":["AscendersBane","Defend_G","Defend_G","Defend_G","Defend_G","Defend_G","Strike_G","Strike_G","Strike_G","Strike_G","Survivor","Neutralize","Noxious Fumes+1","Backstab","Footwork","Adrenaline","Footwork","Adrenaline","Crippling Poison","Infinite Blades"],"special_seed":0,"relics":["Ring of the Serpent","Letter Opener","Golden Idol","Gremlin Horn","Paper Crane","Vajra"],"potions_floor_usage":[22,22],"damage_taken":[{"damage":4.0,"enemies":"Small Slimes","floor":1.0,"turns":5.0},{"damage":1.0,"enemies":"2 Louse","floor":7.0,"turns":4.0},{"damage":2,"enemies":"Jaw Worm","floor":11,"turns":4},{"damage":19,"enemies":"Hexaghost","floor":16,"turns":12},{"damage":25,"enemies":"3 Byrds","floor":18,"turns":5},{"damage":1,"enemies":"Chosen","floor":20,"turns":6},{"damage":12,"enemies":"3 Cultists","floor":22,"turns":5},{"damage":35,"enemies":"Slavers","floor":25,"turns":2}],"seed_played":"-3337514656111120818","potions_obtained":[{"floor":7.0,"key":"Poison Potion"},{"floor":20,"key":"Fire Potion"}],"is_trial":false,"path_per_floor":["M","?","$","?","?","R","M","?","T","R","M","$","T","$","R","B",null,"M","?","M","$","M","R","$","E"],"character_chosen":"THE_SILENT","items_purchased":["Noxious Fumes","Backstab","Footwork","Adrenaline","Footwork","Vajra"],"campfire_rested":3,"item_purchase_floors":[3,3,12,12,14,24],"current_hp_per_floor":[55,37,37,37,14,33,32,21,21,40,38,38,38,38,38,19,54,29,29,28,28,16,35,35,0],"gold":11,"neow_bonus":"HUNDRED_GOLD","is_prod":false,"is_daily":false,"chose_seed":false,"campfire_upgraded":1,"win_rate":0,"timestamp":1551569918,"path_taken":["M","?","$","?","?","R","?","?","T","R","M","$","?","?","R","BOSS","M","?","M","$","M","R","$","E"],"build_version":"2019-01-23","purchased_purges":1,"victory":false,"max_hp_per_floor":[66,66,66,66,66,66,66,66,66,66,66,66,66,66,66,66,66,66,66,66,66,66,66,66,66],"card_choices":[{"not_picked":["Blade Dance","Dodge and Roll","Sucker Punch"],"picked":"SKIP","floor":1.0},{"not_picked":["Escape Plan","Reflex","Endless Agony"],"picked":"SKIP","floor":7.0},{"not_picked":["Flechettes","Sucker Punch","Quick Slash"],"picked":"SKIP","floor":11},{"not_picked":["Bullet Time","Storm of Steel"],"picked":"Adrenaline","floor":16},{"not_picked":["Dagger Spray","Flechettes+1"],"picked":"Crippling Poison","floor":18},{"not_picked":["Dodge and Roll+1","Prepared"],"picked":"Infinite Blades","floor":20},{"not_picked":["Dodge and Roll","Eviscerate","Deflect"],"picked":"SKIP","floor":22}],"player_experience":580825,"relics_obtained":[{"floor":9.0,"key":"Gremlin Horn"},{"floor":13,"key":"Paper Crane"}],"event_choices":[{"damage_healed":0.0,"max_hp_gain":0.0,"max_hp_loss":0.0,"gold_gain":0.0,"event_name":"Scrap Ooze","player_choice":"Success","floor":2.0,"gold_loss":0.0,"damage_taken":18.0,"relics_obtained":["Letter Opener"]},{"damage_healed":0.0,"max_hp_gain":0.0,"max_hp_loss":0.0,"gold_gain":150.0,"event_name":"Liars Game","player_choice":"AGREE","floor":4.0,"gold_loss":0.0,"damage_taken":0.0,"cards_obtained":["Doubt"]},{"damage_healed":0.0,"max_hp_gain":0.0,"max_hp_loss":0.0,"gold_gain":0.0,"event_name":"Golden Idol","player_choice":"Take Damage","floor":5.0,"gold_loss":0.0,"damage_taken":23.0,"relics_obtained":["Golden Idol"]},{"damage_healed":0.0,"max_hp_gain":0.0,"max_hp_loss":0.0,"gold_gain":75.0,"event_name":"World of Goop","player_choice":"Gather Gold","floor":8.0,"gold_loss":0.0,"damage_taken":11.0},{"cards_removed":["Strike_G"],"damage_healed":0,"gold_gain":0,"player_choice":"Gave Gold","damage_taken":0,"max_hp_gain":0,"max_hp_loss":0,"event_name":"Beggar","floor":19,"gold_loss":75}],"is_beta":false,"boss_relics":[{"not_picked":["Pandora\u0027s Box","Black Star"],"picked":"Ring of the Serpent"}],"items_purged_floors":[12],"is_endless":false,"potions_floor_spawned":[7,20],"killed_by":"Slavers","ascension_level":17}