{"gold_per_floor":[109,109,109,109,34,59,59,86,86,101,101,101,18,29,29,107,107,118,138,172,192,208,208,237,237,237,254,267,278,306,317,317,391,391,402,402,416,416,429,429,458,458,485,485],"floor_reached":44,"playtime":2572,"items_purged":["Strike_G"],"score":1058,"play_id":"cc6bf53d-6935-4e7d-9d69-e7823dd7cf49","local_time":"20190221153759","is_ascension_mode":true,"campfire_choices":[{"data":"Dodge and Roll","floor":7,"key":"SMITH"},{"data":"Cloak And Dagger","floor":12,"key":"SMITH"},{"data":"Cloak And Dagger","floor":15,"key":"SMITH"},{"data":"Night Terror","floor":23,"key":"SMITH"},{"data":"Adrenaline","floor":25,"key":"SMITH"},{"data":"Well Laid Plans","floor":32,"key":"SMITH"},{"data":"Well Laid Plans","floor":40,"key":"SMITH"}],"neow_cost":"NONE","seed_source_timestamp":188469032449120,"circlet_count":0,"master_deck":["AscendersBane","Defend_G","Defend_G","Defend_G","Defend_G","Defend_G","Strike_G","Strike_G","Strike_G","Strike_G","Survivor","Neutralize+1","Dagger Throw+1","Dodge and Roll+1","Adrenaline+1","Cloak And Dagger+1","Footwork","Cloak And Dagger+1","Night Terror+1","Finisher+1","Endless Agony+1","Slice","Terror","Corpse Explosion","Backstab","Well Laid Plans+1","Expertise","Envenom+1","Dodge and Roll+1","Well Laid Plans+1","Finisher+1"],"relics":["Ring of the Snake","NeowsBlessing","Incense Burner","Orichalcum","Pantograph","Kunai","CultistMask","WristBlade","Red Mask","Whetstone","Nunchaku","Smiling Mask","Sozu","Molten Egg 2","Lantern"],"potions_floor_usage":[16,16,20,24,24,33,33],"damage_taken":[{"damage":0,"enemies":"Cultist","floor":1,"turns":1},{"damage":0,"enemies":"Lagavulin","floor":6,"turns":1},{"damage":0,"enemies":"Gremlin Nob","floor":8,"turns":1},{"damage":0,"enemies":"Jaw Worm","floor":10,"turns":6},{"damage":0,"enemies":"Small Slimes","floor":14,"turns":9},{"damage":26,"enemies":"Hexaghost","floor":16,"turns":23},{"damage":1,"enemies":"Chosen","floor":18,"turns":6},{"damage":7,"enemies":"Spheric Guardian","floor":19,"turns":4},{"damage":0,"enemies":"Masked Bandits","floor":20,"turns":8},{"damage":20,"enemies":"Snake Plant","floor":21,"turns":6},{"damage":0,"enemies":"Shelled Parasite and Fungi","floor":22,"turns":3},{"damage":6,"enemies":"Slavers","floor":24,"turns":10},{"damage":0,"enemies":"Sentry and Sphere","floor":27,"turns":3},{"damage":0,"enemies":"3 Cultists","floor":28,"turns":2},{"damage":0,"enemies":"Centurion and Healer","floor":29,"turns":6},{"damage":13,"enemies":"Book of Stabbing","floor":30,"turns":4},{"damage":1,"enemies":"Snecko","floor":31,"turns":4},{"damage":0,"enemies":"Collector","floor":33,"turns":8},{"damage":0,"enemies":"3 Shapes","floor":35,"turns":5},{"damage":0,"enemies":"3 Darklings","floor":37,"turns":4},{"damage":24,"enemies":"Transient","floor":39,"turns":5},{"damage":11,"enemies":"Reptomancer","floor":41,"turns":5},{"damage":26,"enemies":"Maw","floor":44,"turns":4}],"seed_played":"2456331790566504770","potions_obtained":[{"floor":8,"key":"Weak Potion"},{"floor":14,"key":"Block Potion"},{"floor":16,"key":"AttackPotion"},{"floor":20,"key":"Energy Potion"},{"floor":22,"key":"EssenceOfSteel"},{"floor":28,"key":"GhostInAJar"},{"floor":29,"key":"LiquidBronze"},{"floor":30,"key":"EssenceOfSteel"}],"is_trial":false,"path_per_floor":["M","?","?","T","$","E","R","E","T","M","?","R","$","M","R","B",null,"M","M","?","M","M","R","E","R","T","M","M","M","E","M","R","B",null,"M","?","M","?","M","R","E","?","T","M"],"character_chosen":"THE_SILENT","items_purchased":["Footwork"],"campfire_rested":0,"item_purchase_floors":[13],"current_hp_per_floor":[59,59,39,39,39,39,39,39,39,39,39,39,39,39,39,38,59,58,51,51,31,31,31,25,25,25,25,25,25,12,11,11,36,59,59,59,59,59,35,35,24,24,24,0],"gold":485,"neow_bonus":"THREE_ENEMY_KILL","is_prod":false,"is_daily":false,"chose_seed":false,"campfire_upgraded":7,"win_rate":0,"timestamp":1550781479,"path_taken":["M","?","?","?","$","E","R","E","T","?","?","R","$","M","R","BOSS","M","?","?","M","M","R","E","R","T","M","M","M","E","M","R","BOSS","M","?","?","?","M","R","E","?","T","M"],"build_version":"2019-01-23","purchased_purges":1,"victory":false,"max_hp_per_floor":[66,66,66,66,66,66,66,66,66,66,66,66,66,66,66,66,66,66,66,66,66,66,66,66,66,66,66,66,66,66,66,66,66,66,66,66,66,63,63,63,63,63,63,63],"card_choices":[{"not_picked":["Blade Dance","Prepared"],"picked":"Dagger Throw","floor":1},{"not_picked":["Outmaneuver","Expertise"],"picked":"Dodge and Roll","floor":6},{"not_picked":["Acrobatics","PiercingWail"],"picked":"Adrenaline","floor":8},{"not_picked":["Calculated Gamble","Underhanded Strike"],"picked":"Cloak And Dagger","floor":10},{"not_picked":["Blade Dance","Choke"],"picked":"Cloak And Dagger","floor":14},{"not_picked":["Burst","Unload"],"picked":"Night Terror","floor":16},{"not_picked":["Slice","Prepared"],"picked":"Finisher","floor":18},{"not_picked":["Riddle With Holes","Underhanded Strike+1","Prepared+1"],"picked":"SKIP","floor":19},{"not_picked":["Choke","Masterful Stab"],"picked":"Endless Agony","floor":20},{"not_picked":["Flying Knee","Dagger Spray"],"picked":"Slice","floor":21},{"not_picked":["Flechettes","Deflect","Crippling Poison"],"picked":"SKIP","floor":22},{"not_picked":["Escape Plan","Predator"],"picked":"Terror","floor":24},{"not_picked":["Poisoned Stab","Crippling Poison"],"picked":"Corpse Explosion","floor":27},{"not_picked":["Deadly Poison","Terror"],"picked":"Backstab","floor":28},{"not_picked":["Dagger Spray","Outmaneuver+1","Noxious Fumes"],"picked":"SKIP","floor":29},{"not_picked":["Flechettes+1","Bane"],"picked":"Well Laid Plans","floor":30},{"not_picked":["Slice","Prepared"],"picked":"Expertise","floor":31},{"not_picked":["Adrenaline","Corpse Explosion"],"picked":"Envenom","floor":33},{"not_picked":["Crippling Poison","Slice+1"],"picked":"Dodge and Roll+1","floor":35},{"not_picked":["Prepared+1","Deflect"],"picked":"Well Laid Plans","floor":37},{"not_picked":["Outmaneuver+1","Deadly Poison+1","Sucker Punch"],"picked":"SKIP","floor":39},{"not_picked":["Deadly Poison","Dagger Spray"],"picked":"Finisher","floor":41}],"player_experience":809217,"relics_obtained":[{"floor":4,"key":"Incense Burner"},{"floor":6,"key":"Orichalcum"},{"floor":8,"key":"Pantograph"},{"floor":9,"key":"Kunai"},{"floor":20,"key":"Red Mask"},{"floor":24,"key":"Whetstone"},{"floor":26,"key":"Nunchaku"},{"floor":30,"key":"Smiling Mask"},{"floor":41,"key":"Molten Egg 2"},{"floor":43,"key":"Lantern"}],"event_choices":[{"damage_healed":0,"gold_gain":0,"player_choice":"Fled","damage_taken":0,"max_hp_gain":0,"max_hp_loss":0,"event_name":"Scrap Ooze","floor":2,"gold_loss":0},{"damage_healed":0,"gold_gain":0,"player_choice":"Entered Light","damage_taken":20,"max_hp_gain":0,"max_hp_loss":0,"event_name":"Shining Light","floor":3,"gold_loss":0,"cards_upgraded":["Dagger Throw","Neutralize"]},{"damage_healed":0,"gold_gain":0,"player_choice":"Trade","damage_taken":0,"relics_obtained":["CultistMask"],"max_hp_gain":0,"max_hp_loss":0,"event_name":"FaceTrader","floor":11,"gold_loss":0},{"damage_healed":0,"gold_gain":0,"player_choice":"Fought Bandits","damage_taken":0,"max_hp_gain":0,"max_hp_loss":0,"event_name":"Masked Bandits","floor":20,"gold_loss":0},{"damage_healed":0,"gold_gain":0,"player_choice":"Forge","damage_taken":0,"max_hp_gain":0,"max_hp_loss":0,"event_name":"Accursed Blacksmith","floor":36,"gold_loss":0,"cards_upgraded":["Envenom"]},{"damage_healed":0,"gold_gain":0,"player_choice":"Max HP","damage_taken":0,"max_hp_gain":0,"max_hp_loss":3,"event_name":"Winding Halls","floor":38,"gold_loss":0},{"damage_healed":0,"gold_gain":0,"player_choice":"Ignored","damage_taken":0,"max_hp_gain":0,"max_hp_loss":0,"event_name":"Mysterious Sphere","floor":42,"gold_loss":0}],"is_beta":false,"boss_relics":[{"not_picked":["Orrery","Busted Crown"],"picked":"WristBlade"},{"not_picked":["Lizard Tail","Velvet Choker"],"picked":"Sozu"}],"items_purged_floors":[5],"is_endless":false,"potions_floor_spawned":[8,14,16,20,22,28,29,30,31,35,37],"killed_by":"Maw","ascension_level":16}