{"gold_per_floor":[115,131,7,17,37,64,64,76,76,76,138,149,149],"floor_reached":13,"playtime":409,"items_purged":["Strike_B"],"score":141,"play_id":"32b7acf9-56ed-4013-aa69-770e3f0c2a28","local_time":"20190207214433","is_ascension_mode":true,"campfire_choices":[{"floor":7,"key":"REST"}],"neow_cost":"PERCENT_DAMAGE","seed_source_timestamp":43716357000230,"circlet_count":0,"master_deck":["Strike_B","Strike_B","Strike_B","Defend_B","Defend_B","Defend_B","Defend_B","Zap","Dualcast","Rebound","Gash","Go for the Eyes","Go for the Eyes","Defragment","Auto Shields","Genetic Algorithm","Streamline","Hyperbeam"],"relics":["Cracked Core","Sundial","Toxic Egg 2","Tiny Chest"],"potions_floor_usage":[8],"damage_taken":[{"damage":6,"enemies":"2 Louse","floor":1,"turns":3},{"damage":1,"enemies":"Jaw Worm","floor":2,"turns":4},{"damage":2,"enemies":"Small Slimes","floor":4,"turns":4},{"damage":16,"enemies":"3 Louse","floor":5,"turns":2},{"damage":35,"enemies":"3 Sentries","floor":6,"turns":9},{"damage":13,"enemies":"Exordium Wildlife","floor":8,"turns":3},{"damage":39,"enemies":"Gremlin Nob","floor":11,"turns":6},{"damage":5,"enemies":"2 Fungi Beasts","floor":12,"turns":3},{"damage":9,"enemies":"Blue Slaver","floor":13,"turns":1}],"seed_played":"-2725154607896912959","potions_obtained":[{"floor":4,"key":"LiquidBronze"},{"floor":6,"key":"SteroidPotion"},{"floor":12,"key":"Poison Potion"}],"is_trial":false,"path_per_floor":["M","M","$","M","M","E","R","M","T","?","E","M","M"],"character_chosen":"DEFECT","items_purchased":["Go for the Eyes"],"campfire_rested":1,"item_purchase_floors":[3],"current_hp_per_floor":[58,57,57,55,39,4,30,17,17,46,7,2,0],"gold":149,"neow_bonus":"TWENTY_PERCENT_HP_BONUS","is_prod":false,"is_daily":false,"chose_seed":false,"campfire_upgraded":0,"win_rate":0,"timestamp":1549543473,"path_taken":["M","M","$","M","M","E","R","M","T","?","E","M","M"],"build_version":"2019-01-23","purchased_purges":1,"victory":false,"max_hp_per_floor":[89,89,89,89,89,89,89,89,89,89,89,89,89],"card_choices":[{"not_picked":["Beam Cell","Barrage"],"picked":"Rebound","floor":1},{"not_picked":["Stack","Ball Lightning"],"picked":"Gash","floor":2},{"not_picked":["Blizzard","Storm"],"picked":"Go for the Eyes","floor":4},{"not_picked":["FTL","Genetic Algorithm"],"picked":"Defragment","floor":5},{"not_picked":["Turbo","Sweeping Beam"],"picked":"Auto Shields","floor":6},{"not_picked":["Leap","Coolheaded"],"picked":"Genetic Algorithm","floor":8},{"not_picked":["Skim+1","Reprogram+1"],"picked":"Streamline","floor":11},{"not_picked":["Barrage","Redo+1"],"picked":"Hyperbeam","floor":12}],"player_experience":288060,"relics_obtained":[{"floor":6,"key":"Sundial"},{"floor":9,"key":"Toxic Egg 2"},{"floor":11,"key":"Tiny Chest"}],"event_choices":[{"damage_healed":29,"gold_gain":0,"player_choice":"Banana","damage_taken":0,"max_hp_gain":0,"max_hp_loss":0,"event_name":"Big Fish","floor":10,"gold_loss":0}],"is_beta":false,"boss_relics":[],"items_purged_floors":[3],"is_endless":false,"potions_floor_spawned":[4,6,12],"killed_by":"Blue Slaver","ascension_level":9}