{"gold_per_floor":[117,117,42,66,216,234,234,573,573,596,610,39,62,62],"floor_reached":14,"playtime":581,"items_purged":["Doubt"],"score":166,"play_id":"9cc6a35b-b317-4f7e-b1e3-04000552586e","local_time":"20190128151147","is_ascension_mode":true,"campfire_choices":[{"data":"Buffer","floor":7.0,"key":"SMITH"}],"neow_cost":"NONE","seed_source_timestamp":367398458730894,"circlet_count":0,"master_deck":["AscendersBane","Strike_B","Strike_B","Strike_B","Strike_B","Defend_B","Defend_B","Defend_B","Defend_B","Zap","Dualcast","Buffer+1","Tempest","Injury","Defragment","BootSequence","Leap","Static Discharge","BootSequence","Coolheaded","Gash","Sweeping Beam","Streamline"],"special_seed":0,"relics":["Cracked Core","Golden Idol","Old Coin","Symbiotic Virus","Runic Capacitor","Strawberry"],"potions_floor_usage":[],"damage_taken":[{"damage":0.0,"enemies":"2 Louse","floor":1.0,"turns":3.0},{"damage":7.0,"enemies":"Jaw Worm","floor":4.0,"turns":4.0},{"damage":7.0,"enemies":"Small Slimes","floor":6.0,"turns":3.0},{"damage":35.0,"enemies":"3 Sentries","floor":8.0,"turns":9.0},{"damage":0.0,"enemies":"Blue Slaver","floor":10.0,"turns":3.0},{"damage":4.0,"enemies":"Lots of Slimes","floor":11.0,"turns":4.0},{"damage":0.0,"enemies":"Exordium Thugs","floor":13.0,"turns":5.0},{"damage":40,"enemies":"Gremlin Nob","floor":14,"turns":5}],"seed_played":"-3478271988237916358","potions_obtained":[{"floor":1.0,"key":"AttackPotion"},{"floor":11.0,"key":"Ancient Potion"}],"is_trial":false,"path_per_floor":["M","?","$","M","?","M","R","E","T","M","M","$","M","E"],"character_chosen":"DEFECT","items_purchased":["Defragment","Runic Capacitor","Strawberry","Gash","Sweeping Beam"],"campfire_rested":0,"item_purchase_floors":[3,12,12,12,12],"current_hp_per_floor":[64,64,64,57,57,50,50,15,15,15,11,18,18,0],"gold":62,"neow_bonus":"ONE_RANDOM_RARE_CARD","is_prod":false,"is_daily":false,"chose_seed":false,"campfire_upgraded":1,"win_rate":0,"timestamp":1548684707,"path_taken":["M","?","?","M","?","M","R","E","T","M","M","?","M","E"],"build_version":"2019-01-23","purchased_purges":1,"victory":false,"max_hp_per_floor":[71,71,71,71,71,71,71,71,71,71,71,78,78,78],"card_choices":[{"not_picked":["Force Field","Barrage"],"picked":"Tempest","floor":1.0},{"not_picked":["Turbo","Self Repair"],"picked":"BootSequence","floor":4.0},{"not_picked":["Go for the Eyes","Self Repair"],"picked":"Leap","floor":6.0},{"not_picked":["Beam Cell","Redo"],"picked":"Static Discharge","floor":8.0},{"not_picked":["Hologram","Compile Driver"],"picked":"BootSequence","floor":10.0},{"not_picked":["Stack","Force Field"],"picked":"Coolheaded","floor":11.0},{"not_picked":["Redo","Aggregate"],"picked":"Streamline","floor":13.0}],"player_experience":622175,"relics_obtained":[{"floor":8.0,"key":"Old Coin"},{"floor":9.0,"key":"Symbiotic Virus"}],"event_choices":[{"damage_healed":0.0,"max_hp_gain":0.0,"max_hp_loss":0.0,"gold_gain":0.0,"event_name":"Golden Idol","player_choice":"Take Wound","floor":2.0,"gold_loss":0.0,"damage_taken":0.0,"relics_obtained":["Golden Idol"],"cards_obtained":["Injury"]},{"damage_healed":0.0,"max_hp_gain":0.0,"max_hp_loss":0.0,"gold_gain":150.0,"event_name":"Liars Game","player_choice":"AGREE","floor":5.0,"gold_loss":0.0,"damage_taken":0.0,"cards_obtained":["Doubt"]}],"is_beta":false,"boss_relics":[],"items_purged_floors":[12],"is_endless":false,"potions_floor_spawned":[1,11],"killed_by":"Gremlin Nob","ascension_level":16}