{"gold_per_floor":[116,129,204,214,489,501,501,521,521,521,538,70,82,93,93,190,190,204,34,35,35,48,48,48,48,48,62,62,62,96,113,113,214,214,228,228,228,228,245,275,293,293,317,317,331,345,358,62,62,62],"floor_reached":51,"playtime":3859,"items_purged":["Regret","Defend_B"],"score":1008,"play_id":"58096750-3b06-4a5e-86f4-a038376a1663","local_time":"20190215092310","is_ascension_mode":true,"campfire_choices":[{"data":"Zap","floor":7.0,"key":"SMITH"},{"data":"Dualcast","floor":10.0,"key":"SMITH"},{"data":"Glacier","floor":15.0,"key":"SMITH"},{"data":"Capacitor","floor":23,"key":"SMITH"},{"floor":25,"key":"REST"},{"data":"Go for the Eyes","floor":28,"key":"SMITH"},{"floor":32,"key":"REST"},{"floor":42,"key":"REST"},{"floor":44,"key":"REST"},{"floor":49,"key":"REST"}],"neow_cost":"TEN_PERCENT_HP_LOSS","seed_source_timestamp":0,"circlet_count":0,"master_deck":["Strike_B+1","Strike_B+1","Strike_B+1","Defend_B+1","Defend_B+1","Defend_B+1","Zap+1","Dualcast+1","FTL","Cold Snap","Conserve Battery","Chill","Coolheaded","Go for the Eyes+1","Glacier+1","Echo Form","Capacitor+1","Consume+1","Streamline","Seek","Blizzard+1","Madness","Madness","White Noise+1","Loop","Double Energy"],"special_seed":0,"relics":["FrozenCore","FossilizedHelix","Bottled Lightning","Letter Opener","Question Card","Singing Bowl","Lizard Tail","Gremlin Horn","Dream Catcher","Pantograph"],"potions_floor_usage":[16,16,21,33,40,40,47,50,50,50],"damage_taken":[{"damage":0.0,"enemies":"Small Slimes","floor":1.0,"turns":5.0},{"damage":0.0,"enemies":"Cultist","floor":2.0,"turns":4.0},{"damage":0.0,"enemies":"2 Louse","floor":4.0,"turns":2.0},{"damage":5.0,"enemies":"Red Slaver","floor":6.0,"turns":4.0},{"damage":13.0,"enemies":"3 Louse","floor":8.0,"turns":4.0},{"damage":5.0,"enemies":"Looter","floor":11.0,"turns":3.0},{"damage":0.0,"enemies":"Blue Slaver","floor":13.0,"turns":3.0},{"damage":0.0,"enemies":"Exordium Wildlife","floor":14.0,"turns":3.0},{"damage":14,"enemies":"Hexaghost","floor":16,"turns":15},{"damage":0,"enemies":"Chosen","floor":18,"turns":6},{"damage":26,"enemies":"2 Thieves","floor":20,"turns":5},{"damage":0,"enemies":"Sentry and Sphere","floor":21,"turns":1},{"damage":6,"enemies":"Snake Plant","floor":22,"turns":8},{"damage":0,"enemies":"Centurion and Healer","floor":27,"turns":11},{"damage":36,"enemies":"Gremlin Leader","floor":30,"turns":9},{"damage":0,"enemies":"Cultist and Chosen","floor":31,"turns":9},{"damage":0,"enemies":"Champ","floor":33,"turns":16},{"damage":0,"enemies":"3 Shapes","floor":35,"turns":7},{"damage":42,"enemies":"3 Darklings","floor":39,"turns":5},{"damage":21,"enemies":"Reptomancer","floor":40,"turns":8},{"damage":19,"enemies":"Writhing Mass","floor":41,"turns":9},{"damage":42,"enemies":"Jaw Worm Horde","floor":45,"turns":7},{"damage":0,"enemies":"Maw","floor":46,"turns":9},{"damage":6,"enemies":"Spire Growth","floor":47,"turns":8},{"damage":34,"enemies":"Awakened One","floor":50,"turns":14}],"seed_played":"-2319706002461607345","potions_obtained":[{"floor":2.0,"key":"SkillPotion"},{"floor":8.0,"key":"Regen Potion"},{"floor":14.0,"key":"SmokeBomb"},{"floor":20,"key":"FocusPotion"},{"floor":31,"key":"Explosive Potion"},{"floor":33,"key":"LiquidBronze"},{"floor":35,"key":"SteroidPotion"},{"floor":41,"key":"FocusPotion"},{"floor":46,"key":"Dexterity Potion"}],"is_trial":false,"path_per_floor":["M","M","?","M","?","M","R","M","T","R","M","$","M","M","R","B",null,"M","$","M","M","M","R","?","R","T","M","R","?","E","M","R","B",null,"M","?","?","$","M","E","M","R","T","R","M","M","M","$","R","B",null],"character_chosen":"DEFECT","items_purchased":["Chill","Letter Opener","Coolheaded","Go for the Eyes","Capacitor","Pantograph","Strength Potion"],"campfire_rested":5,"item_purchase_floors":[12,12,12,12,19,48,48],"current_hp_per_floor":[68,68,57,57,57,52,52,39,39,39,34,34,34,34,34,35,60,60,60,34,34,28,28,28,48,48,48,48,48,12,14,35,37,63,63,65,56,56,16,38,19,41,41,65,25,27,23,23,48,39],"gold":62,"neow_bonus":"ONE_RARE_RELIC","is_prod":false,"is_daily":false,"chose_seed":false,"campfire_upgraded":5,"win_rate":0,"timestamp":1550251390,"path_taken":["M","M","?","M","?","M","R","?","T","R","?","$","M","?","R","BOSS","M","$","M","?","M","R","?","R","T","?","R","?","E","M","R","BOSS","M","?","?","$","M","E","M","R","T","R","M","M","M","$","R","BOSS"],"build_version":"2019-01-23","purchased_purges":2,"victory":true,"max_hp_per_floor":[68,68,68,68,68,68,68,68,68,68,68,68,68,68,68,68,68,68,68,68,68,68,68,68,68,68,68,68,68,68,70,70,72,72,72,74,74,74,76,76,76,76,76,78,80,82,84,84,84,84],"card_choices":[{"not_picked":["Rebound","Ball Lightning","Stack"],"picked":"SKIP","floor":1.0},{"not_picked":["Beam Cell","Ball Lightning","Chaos"],"picked":"SKIP","floor":2.0},{"not_picked":["Barrage","Leap"],"picked":"FTL","floor":4.0},{"not_picked":["Force Field","Compile Driver","Turbo"],"picked":"SKIP","floor":6.0},{"not_picked":["Go for the Eyes","Hyperbeam"],"picked":"Cold Snap","floor":8.0},{"not_picked":["Coolheaded","Fusion"],"picked":"Conserve Battery","floor":11.0},{"not_picked":["Leap","Sunder","Compile Driver"],"picked":"SKIP","floor":13.0},{"not_picked":["Go for the Eyes","Heatsinks"],"picked":"Glacier","floor":14.0},{"not_picked":["All For One","Hyperbeam"],"picked":"Echo Form","floor":16},{"not_picked":["Redo","Tempest","Sweeping Beam"],"picked":"SKIP","floor":18},{"not_picked":["Rip and Tear","Hologram","Sweeping Beam"],"picked":"SKIP","floor":20},{"not_picked":["Redo","Heatsinks"],"picked":"Consume+1","floor":22},{"not_picked":["Hologram","Steam+1","Force Field","Coolheaded"],"picked":"SKIP","floor":27},{"not_picked":["Redo","Doom and Gloom","Consume+1"],"picked":"Seek","floor":30},{"not_picked":["Beam Cell","Rip and Tear","Recycle","Aggregate+1"],"picked":"Singing Bowl","floor":31},{"not_picked":["Reboot","Multi-Cast","Fission","Creative AI"],"picked":"Singing Bowl","floor":33},{"not_picked":["Tempest+1","Stack+1","Streamline+1"],"picked":"Blizzard+1","floor":35},{"not_picked":["Panacea","Blind","Purity","Thinking Ahead"],"picked":"Singing Bowl","floor":36},{"not_picked":["Reprogram","Ball Lightning","Redo+1","Leap+1"],"picked":"Singing Bowl","floor":39},{"not_picked":["All For One","Turbo+1","Barrage+1"],"picked":"White Noise+1","floor":40},{"not_picked":["Steam","Barrage+1","Hologram"],"picked":"Loop","floor":41},{"not_picked":["Hello World+1","Core Surge","Compile Driver+1","Auto Shields+1"],"picked":"Singing Bowl","floor":44},{"not_picked":["Cold Snap+1","Coolheaded+1","Turbo","Compile Driver+1"],"picked":"Singing Bowl","floor":45},{"not_picked":["FTL","Chaos+1","Streamline","Leap"],"picked":"Singing Bowl","floor":46},{"not_picked":["Scrape","Lockon+1","Sweeping Beam","Steam Power+1"],"picked":"Singing Bowl","floor":47},{"not_picked":["Sunder+1","Turbo","Redo"],"picked":"Double Energy","floor":49}],"player_experience":376039,"relics_obtained":[{"floor":9.0,"key":"Bottled Lightning"},{"floor":26,"key":"Question Card"},{"floor":30,"key":"Singing Bowl"},{"floor":40,"key":"Gremlin Horn"},{"floor":43,"key":"Dream Catcher"}],"event_choices":[{"damage_healed":0.0,"max_hp_gain":0.0,"max_hp_loss":0.0,"gold_gain":75.0,"event_name":"World of Goop","player_choice":"Gather Gold","floor":3.0,"gold_loss":0.0,"damage_taken":11.0},{"damage_healed":0.0,"max_hp_gain":0.0,"max_hp_loss":0.0,"gold_gain":275.0,"event_name":"Golden Shrine","player_choice":"Desecrate","floor":5.0,"gold_loss":0.0,"damage_taken":0.0,"cards_obtained":["Regret"]},{"damage_healed":0,"gold_gain":0,"cards_transformed":["Strike_B"],"player_choice":"Transformed","damage_taken":0,"max_hp_gain":0,"max_hp_loss":0,"event_name":"Transmorgrifier","floor":24,"gold_loss":0,"cards_obtained":["Streamline"]},{"damage_healed":0,"gold_gain":0,"player_choice":"Simplicity","damage_taken":0,"max_hp_gain":0,"max_hp_loss":0,"event_name":"Back to Basics","floor":29,"gold_loss":0,"cards_upgraded":["Strike_B","Strike_B","Strike_B","Defend_B","Defend_B","Defend_B"]},{"damage_healed":0,"gold_gain":0,"player_choice":"Memory 1","damage_taken":0,"max_hp_gain":0,"max_hp_loss":0,"event_name":"SensoryStone","floor":36,"gold_loss":0},{"damage_healed":0,"gold_gain":0,"player_choice":"Embrace Madness","damage_taken":9,"max_hp_gain":0,"max_hp_loss":0,"event_name":"Winding Halls","floor":37,"gold_loss":0,"cards_obtained":["Madness","Madness"]}],"is_beta":false,"boss_relics":[{"not_picked":["Nuclear Battery","Empty Cage"],"picked":"FrozenCore"},{"not_picked":["Snecko Eye","Fusion Hammer"],"picked":"Lizard Tail"}],"items_purged_floors":[12,19],"is_endless":false,"potions_floor_spawned":[2,8,14,20,21,31,33,35,41,46],"ascension_level":9}