{"gold_per_floor":[115,115,115,127,140,140,156,156,209,222,242,242,169,188,188,188],"floor_reached":16,"playtime":350,"items_purged":[],"score":174,"play_id":"8c8bb45c-e77b-4fcf-a5c8-9ca6c1c3d998","local_time":"20190221232627","is_ascension_mode":true,"campfire_choices":[{"data":"Dagger Throw","floor":6,"key":"SMITH"},{"data":"Venomology","floor":8,"key":"SMITH"},{"data":"Well Laid Plans","floor":15,"key":"SMITH"}],"neow_cost":"NONE","seed_source_timestamp":218804488484026,"circlet_count":0,"master_deck":["AscendersBane","Defend_G","Defend_G","Defend_G","Defend_G","Defend_G","Strike_G","Strike_G+1","Strike_G","Strike_G","Strike_G","Survivor","Neutralize+1","Catalyst+1","Dagger Throw+1","PiercingWail","Venomology+1","Predator","Poisoned Stab+1","Well Laid Plans+1"],"relics":["Ring of the Snake","NeowsBlessing","Tiny Chest"],"potions_floor_usage":[10,11,11,14,16,16],"damage_taken":[{"damage":0,"enemies":"Jaw Worm","floor":1,"turns":1},{"damage":0,"enemies":"Small Slimes","floor":4,"turns":2},{"damage":0,"enemies":"Cultist","floor":5,"turns":1},{"damage":8,"enemies":"3 Louse","floor":7,"turns":5},{"damage":9,"enemies":"Looter","floor":10,"turns":4},{"damage":0,"enemies":"Blue Slaver","floor":11,"turns":3},{"damage":2,"enemies":"Gremlin Gang","floor":14,"turns":4},{"damage":22,"enemies":"Slime Boss","floor":16,"turns":3}],"seed_played":"-2749804667313749939","potions_obtained":[{"floor":1,"key":"Weak Potion"},{"floor":7,"key":"Strength Potion"},{"floor":11,"key":"Swift Potion"}],"is_trial":false,"path_per_floor":["M","?","?","M","M","R","M","R","T","M","M","?","?","M","R","B"],"character_chosen":"THE_SILENT","items_purchased":[],"campfire_rested":0,"item_purchase_floors":[],"current_hp_per_floor":[59,39,39,39,39,39,31,31,31,22,22,22,22,20,20,0],"gold":188,"neow_bonus":"THREE_ENEMY_KILL","is_prod":false,"is_daily":false,"chose_seed":false,"campfire_upgraded":3,"win_rate":0,"timestamp":1550809587,"path_taken":["M","?","?","?","M","R","M","R","T","M","M","?","?","M","R","BOSS"],"build_version":"2019-01-23","purchased_purges":0,"victory":false,"max_hp_per_floor":[66,66,66,66,66,66,66,66,66,66,66,66,66,66,66,66],"card_choices":[{"not_picked":["Caltrops","Outmaneuver"],"picked":"Catalyst","floor":1},{"not_picked":["Acrobatics","Bane"],"picked":"Dagger Throw","floor":4},{"not_picked":["Flechettes","Dagger Throw"],"picked":"PiercingWail","floor":5},{"not_picked":["Tactician","Slice"],"picked":"Venomology","floor":7},{"not_picked":["Bane","Heel Hook"],"picked":"Predator","floor":10},{"not_picked":["Tactician","Underhanded Strike"],"picked":"Poisoned Stab","floor":11},{"not_picked":["Flying Knee","All Out Attack"],"picked":"Well Laid Plans","floor":14}],"player_experience":822724,"relics_obtained":[{"floor":9,"key":"Tiny Chest"}],"event_choices":[{"damage_healed":0,"gold_gain":0,"player_choice":"Entered Light","damage_taken":20,"max_hp_gain":0,"max_hp_loss":0,"event_name":"Shining Light","floor":2,"gold_loss":0,"cards_upgraded":["Neutralize","Strike_G"]},{"damage_healed":0,"gold_gain":0,"player_choice":"Forge","damage_taken":0,"max_hp_gain":0,"max_hp_loss":0,"event_name":"Accursed Blacksmith","floor":3,"gold_loss":0,"cards_upgraded":["Catalyst"]},{"damage_healed":0,"gold_gain":0,"player_choice":"Grow","damage_taken":0,"max_hp_gain":0,"max_hp_loss":0,"event_name":"Living Wall","floor":12,"gold_loss":0,"cards_upgraded":["Poisoned Stab"]},{"damage_healed":0,"gold_gain":0,"player_choice":"Left Gold","damage_taken":0,"max_hp_gain":0,"max_hp_loss":0,"event_name":"World of Goop","floor":13,"gold_loss":73}],"is_beta":false,"boss_relics":[],"items_purged_floors":[],"is_endless":false,"potions_floor_spawned":[1,7,11],"killed_by":"Slime Boss","ascension_level":17}