{"gold_per_floor":[119,15,15,36,36,75,75,94,94,114,114,152,152,167,167,258,258,276,290,165,90,105,105],"floor_reached":23,"playtime":766,"items_purged":["Strike_R","Strike_R"],"score":497,"play_id":"129d43c3-09ba-4aad-a9f5-d3d5c69e133d","local_time":"20190126105436","is_ascension_mode":true,"campfire_choices":[{"data":"Heavy Blade","floor":7,"key":"SMITH"},{"data":"Clothesline","floor":13,"key":"SMITH"},{"data":"Flex","floor":15,"key":"SMITH"}],"neow_cost":"NONE","seed_source_timestamp":728777805346863,"circlet_count":0,"master_deck":["AscendersBane","Strike_R+1","Defend_R","Defend_R","Defend_R","Defend_R","Bash+1","Spot Weakness","Shrug It Off","Heavy Blade+1","Thunderclap","Flex+1","Cleave","Clothesline+1","Offering","Inflame","Ghostly Armor","Shrug It Off"],"relics":["Burning Blood","NeowsBlessing","Golden Idol","Kunai","Red Skull","Whetstone","Velvet Choker"],"potions_floor_usage":[4,16],"damage_taken":[{"damage":0,"enemies":"Cultist","floor":1,"turns":1},{"damage":0,"enemies":"Small Slimes","floor":4,"turns":2},{"damage":0,"enemies":"Lagavulin","floor":6,"turns":1},{"damage":12,"enemies":"Jaw Worm","floor":8,"turns":2},{"damage":15,"enemies":"Exordium Thugs","floor":10,"turns":5},{"damage":27,"enemies":"Gremlin Nob","floor":12,"turns":4},{"damage":7,"enemies":"Exordium Wildlife","floor":14,"turns":3},{"damage":0,"enemies":"Slime Boss","floor":16,"turns":8},{"damage":33,"enemies":"3 Byrds","floor":18,"turns":6},{"damage":15,"enemies":"Shell Parasite","floor":19,"turns":3},{"damage":6,"enemies":"Cultist and Chosen","floor":22,"turns":3},{"damage":26,"enemies":"Slavers","floor":23,"turns":3}],"seed_played":"8941086676000268972","potions_obtained":[{"floor":1,"key":"BloodPotion"},{"floor":4,"key":"Weak Potion"},{"floor":12,"key":"Ancient Potion"},{"floor":14,"key":"Block Potion"},{"floor":19,"key":"GamblersBrew"}],"is_trial":false,"path_per_floor":["M","$","?","M","$","E","R","M","T","M","?","E","R","M","R","B",null,"M","M","$","?","M","E"],"character_chosen":"IRONCLAD","items_purchased":["Shrug It Off","Shrug It Off"],"campfire_rested":0,"item_purchase_floors":[2,20],"current_hp_per_floor":[74,74,48,61,61,67,67,61,61,52,45,24,24,23,23,29,64,37,28,28,28,28,2],"gold":105,"neow_bonus":"THREE_ENEMY_KILL","is_prod":false,"is_daily":false,"chose_seed":false,"campfire_upgraded":3,"win_rate":0,"timestamp":1548518076,"path_taken":["M","$","?","M","$","E","R","M","T","M","?","E","R","M","R","BOSS","M","M","$","?","M","E"],"build_version":"2019-01-23","purchased_purges":2,"victory":false,"max_hp_per_floor":[75,75,75,75,75,75,75,75,75,75,75,75,75,75,75,75,75,75,75,75,75,75,75],"card_choices":[{"not_picked":["Seeing Red","Armaments"],"picked":"Spot Weakness","floor":1},{"not_picked":["Carnage","Clash"],"picked":"Heavy Blade","floor":4},{"not_picked":["Heavy Blade","Dropkick"],"picked":"Thunderclap","floor":6},{"not_picked":["Heavy Blade","Rupture"],"picked":"Flex","floor":8},{"not_picked":["Fiend Fire","Spot Weakness"],"picked":"Cleave","floor":10},{"not_picked":["Rampage","Second Wind"],"picked":"Clothesline","floor":12},{"not_picked":["Entrench","Anger","Dual Wield"],"picked":"SKIP","floor":14},{"not_picked":["Bludgeon","Immolate"],"picked":"Offering","floor":16},{"not_picked":["Clash","Shrug It Off"],"picked":"Inflame","floor":18},{"not_picked":["Feel No Pain","Clothesline"],"picked":"Ghostly Armor","floor":19},{"not_picked":["Carnage+1","Body Slam","Entrench"],"picked":"SKIP","floor":22}],"player_experience":466743,"relics_obtained":[{"floor":6,"key":"Kunai"},{"floor":9,"key":"Red Skull"},{"floor":12,"key":"Whetstone"}],"event_choices":[{"damage_healed":0,"gold_gain":0,"player_choice":"Take Damage","damage_taken":26,"relics_obtained":["Golden Idol"],"max_hp_gain":0,"max_hp_loss":0,"event_name":"Golden Idol","floor":3,"gold_loss":0},{"cards_removed":["Strike_R"],"damage_healed":0,"gold_gain":0,"player_choice":"Card Removal","damage_taken":7,"max_hp_gain":0,"max_hp_loss":0,"event_name":"Golden Wing","floor":11,"gold_loss":0},{"cards_removed":["Strike_R"],"damage_healed":0,"gold_gain":0,"player_choice":"Gave Gold","damage_taken":0,"max_hp_gain":0,"max_hp_loss":0,"event_name":"Beggar","floor":21,"gold_loss":75}],"is_beta":false,"boss_relics":[{"not_picked":["Sozu","Empty Cage"],"picked":"Velvet Choker"}],"items_purged_floors":[2,20],"is_endless":false,"potions_floor_spawned":[1,4,12,14,19],"killed_by":"Slavers","ascension_level":16}