{"gold_per_floor":[365,80,80,94,94,123,140,140,192,192,223,238,52,52,52,125,125,145,145,39,89,89,89,89],"floor_reached":24,"playtime":726,"items_purged":["Normality"],"score":400,"play_id":"29dd8f0b-b47a-4583-acba-2b36d72c9839","local_time":"20190201082807","is_ascension_mode":true,"campfire_choices":[{"data":"Uppercut","floor":8,"key":"SMITH"},{"data":"Bash","floor":10,"key":"SMITH"},{"data":"Mayhem","floor":15,"key":"SMITH"},{"floor":23,"key":"REST"}],"neow_cost":"CURSE","seed_source_timestamp":1238491558187087,"circlet_count":0,"master_deck":["AscendersBane","Strike_R","Strike_R","Strike_R","Strike_R","Strike_R","Defend_R","Defend_R","Defend_R","Defend_R","Bash+1","Uppercut+1","Headbutt","Inflame","Cleave","Iron Wave","Rupture","Mayhem+1","Immolate","Carnage+1","Bandage Up","Decay"],"relics":["Burning Blood","Toy Ornithopter","Blood Vial","Vajra","Bronze Scales","Oddly Smooth Stone","Philosopher\u0027s Stone"],"potions_floor_usage":[6,11,16],"damage_taken":[{"damage":19,"enemies":"Jaw Worm","floor":1,"turns":4},{"damage":1,"enemies":"2 Louse","floor":4,"turns":3},{"damage":30,"enemies":"Gremlin Nob","floor":6,"turns":4},{"damage":0,"enemies":"Cultist","floor":7,"turns":3},{"damage":20,"enemies":"3 Sentries","floor":11,"turns":5},{"damage":4,"enemies":"Exordium Thugs","floor":12,"turns":4},{"damage":21,"enemies":"The Guardian","floor":16,"turns":8},{"damage":24,"enemies":"2 Thieves","floor":18,"turns":2},{"damage":40,"enemies":"Colosseum Slavers","floor":19,"turns":4},{"damage":49,"enemies":"Slavers","floor":24,"turns":4}],"seed_played":"5703276623044792544","potions_obtained":[{"floor":1,"key":"Strength Potion"},{"floor":6,"key":"Block Potion"},{"floor":12,"key":"Poison Potion"}],"is_trial":false,"path_per_floor":["M","$","?","M","?","E","M","R","T","R","E","M","$","$","R","B",null,"M","?","$","?","?","R","E"],"character_chosen":"IRONCLAD","items_purchased":["Toy Ornithopter","Mayhem","Bandage Up"],"campfire_rested":1,"item_purchase_floors":[2,13,20],"current_hp_per_floor":[55,55,44,51,51,34,42,42,42,42,35,39,39,39,39,31,64,48,16,16,16,16,38,0],"gold":89,"neow_bonus":"TWO_FIFTY_GOLD","is_prod":false,"is_daily":false,"chose_seed":false,"campfire_upgraded":3,"win_rate":0,"timestamp":1549027687,"path_taken":["M","$","?","M","?","E","?","R","T","R","E","M","?","$","R","BOSS","M","?","$","?","?","R","E"],"build_version":"2019-01-23","purchased_purges":1,"victory":false,"max_hp_per_floor":[75,75,75,75,75,75,75,75,75,75,75,75,75,75,75,75,75,75,75,75,75,75,75,75],"card_choices":[{"not_picked":["Cleave","Blood for Blood"],"picked":"Uppercut","floor":1},{"not_picked":["Flex","Pummel"],"picked":"Headbutt","floor":4},{"not_picked":["Heavy Blade","Entrench"],"picked":"Inflame","floor":6},{"not_picked":["Clash","Twin Strike"],"picked":"Cleave","floor":7},{"not_picked":["Bloodletting","Second Wind"],"picked":"Iron Wave","floor":11},{"not_picked":["Body Slam","Burning Pact"],"picked":"Rupture","floor":12},{"not_picked":["Reaper","Impervious"],"picked":"Immolate","floor":16},{"not_picked":["Sword Boomerang","Reckless Charge+1"],"picked":"Carnage+1","floor":18}],"player_experience":613778,"relics_obtained":[{"floor":6,"key":"Vajra"},{"floor":9,"key":"Bronze Scales"},{"floor":11,"key":"Oddly Smooth Stone"}],"event_choices":[{"damage_healed":0,"gold_gain":0,"player_choice":"Success","damage_taken":11,"relics_obtained":["Blood Vial"],"max_hp_gain":0,"max_hp_loss":0,"event_name":"Scrap Ooze","floor":3,"gold_loss":0},{"damage_healed":0,"gold_gain":0,"player_choice":"Ignored","damage_taken":0,"max_hp_gain":0,"max_hp_loss":0,"event_name":"Liars Game","floor":5,"gold_loss":0},{"damage_healed":0,"gold_gain":0,"player_choice":"Fight","damage_taken":0,"max_hp_gain":0,"max_hp_loss":0,"event_name":"Colosseum","floor":19,"gold_loss":0},{"damage_healed":0,"gold_gain":0,"player_choice":"Fled From Nobs","damage_taken":0,"max_hp_gain":0,"max_hp_loss":0,"event_name":"Colosseum","floor":19,"gold_loss":0},{"damage_healed":0,"gold_gain":50,"player_choice":"Stole From Cult","damage_taken":0,"max_hp_gain":0,"max_hp_loss":0,"event_name":"Nest","floor":21,"gold_loss":0},{"damage_healed":0,"gold_gain":0,"player_choice":"Smashed Altar","damage_taken":0,"max_hp_gain":0,"max_hp_loss":0,"event_name":"Forgotten Altar","floor":22,"gold_loss":0,"cards_obtained":["Decay"]}],"is_beta":false,"boss_relics":[{"not_picked":["Mark of Pain","Busted Crown"],"picked":"Philosopher\u0027s Stone"}],"items_purged_floors":[2],"is_endless":false,"potions_floor_spawned":[1,6,12],"killed_by":"Slavers","ascension_level":20}