{"gold_per_floor":[119,194,32,50,50,50,63,63,89,89,114,114,144,157,157],"floor_reached":15,"playtime":756,"items_purged":[],"score":128,"play_id":"14088fe0-beb8-4a5a-b279-d56084745d3a","local_time":"20181023131855","daily_mods":["Draft","Chimera","Red Cards","Green Cards","Blue Cards","Colorless Cards","Heirloom","Elite Swarm"],"is_ascension_mode":false,"campfire_choices":[{"data":"Discovery","floor":6.0,"key":"SMITH"},{"data":"Armaments","floor":8.0,"key":"SMITH"},{"data":"Feel No Pain","floor":10.0,"key":"SMITH"},{"floor":15,"key":"DIG"}],"neow_cost":"","seed_source_timestamp":0,"circlet_count":0,"master_deck":["Bash","Survivor","Zap","Strike_R","Strike_G","Strike_B","Defend_R","Defend_G","Defend_B","Prepared","Sucker Punch","Impatience","Hologram","Purity","Seeing Red","True Grit","Armaments+1","Clothesline","Predator","Concentrate","Cleave","Flying Knee","Clothesline","Sunder","Footwork","Inflame","Discovery+1","Feel No Pain+1","Warcry","Adrenaline","Regret","Amplify","Turbo"],"special_seed":0,"relics":["Burning Blood","StoneCalendar","PreservedInsect","Anchor","Shovel","Potion Belt","Pen Nib"],"potions_floor_usage":[],"damage_taken":[{"damage":0.0,"enemies":"Cultist","floor":1.0,"turns":2.0},{"damage":1.0,"enemies":"Jaw Worm","floor":4.0,"turns":3.0},{"damage":2.0,"enemies":"2 Louse","floor":7.0,"turns":2.0},{"damage":0.0,"enemies":"Gremlin Nob","floor":11.0,"turns":3.0},{"damage":18,"enemies":"3 Sentries","floor":13,"turns":4},{"damage":0,"enemies":"Looter","floor":14,"turns":3}],"seed_played":"6693966889302754737","potions_obtained":[{"floor":4.0,"key":"EntropicBrew"},{"floor":14,"key":"Explosive Potion"}],"is_trial":true,"path_per_floor":["M","?","$","M","$","R","M","R","T","R","E","?","E","M"],"character_chosen":"IRONCLAD","items_purchased":["Inflame","Discovery"],"campfire_rested":0,"item_purchase_floors":[3,3],"current_hp_per_floor":[80,69,69,74,74,74,78,78,78,78,80,80,68,74,74],"gold":157,"neow_bonus":"","is_prod":false,"is_daily":false,"chose_seed":false,"campfire_upgraded":3,"win_rate":0,"timestamp":1540315135,"path_taken":["M","?","$","?","?","R","M","R","T","R","E","?","E","M","R"],"build_version":"2018-10-18","purchased_purges":0,"victory":false,"max_hp_per_floor":[80,80,80,80,80,80,80,80,80,80,80,80,80,80,80],"card_choices":[{"not_picked":["Steam","Turbo"],"picked":"Prepared","floor":0.0},{"not_picked":["Steam","Seeing Red"],"picked":"Sucker Punch","floor":0.0},{"not_picked":["Cleave","Infernal Blade"],"picked":"Impatience","floor":0.0},{"not_picked":["Rebound","Slice"],"picked":"Hologram","floor":0.0},{"not_picked":["Sword Boomerang","Prepared"],"picked":"Purity","floor":0.0},{"not_picked":["Sweeping Beam","Dramatic Entrance"],"picked":"Seeing Red","floor":0.0},{"not_picked":["Thunderclap","Tactician"],"picked":"True Grit","floor":0.0},{"not_picked":["Jack Of All Trades","Trip"],"picked":"Armaments","floor":0.0},{"not_picked":["Deflect","Underhanded Strike"],"picked":"Clothesline","floor":0.0},{"not_picked":["Quick Slash","Poisoned Stab"],"picked":"Predator","floor":0.0},{"not_picked":["Glacier","Shrug It Off"],"picked":"Concentrate","floor":0.0},{"not_picked":["Rip and Tear","Go for the Eyes"],"picked":"Cleave","floor":0.0},{"not_picked":["Dagger Spray","Turbo"],"picked":"Flying Knee","floor":0.0},{"not_picked":["Lockon","Go for the Eyes"],"picked":"Clothesline","floor":0.0},{"not_picked":["Underhanded Strike","Choke"],"picked":"Sunder","floor":0.0},{"not_picked":["Clash","Ghostly Armor"],"picked":"Footwork","floor":1.0},{"not_picked":["Compile Driver","Whirlwind"],"picked":"Feel No Pain","floor":4.0},{"not_picked":["Coolheaded","Blind"],"picked":"Warcry","floor":7.0},{"not_picked":["Phantasmal Killer","Unload"],"picked":"Adrenaline","floor":11.0},{"not_picked":["Bludgeon","Electrodynamics"],"picked":"Amplify","floor":13},{"not_picked":["Hologram","Pommel Strike"],"picked":"Turbo","floor":14}],"player_experience":218442,"relics_obtained":[{"floor":9.0,"key":"PreservedInsect"},{"floor":11.0,"key":"Anchor"},{"floor":13,"key":"Potion Belt"},{"floor":15,"key":"Pen Nib"}],"event_choices":[{"damage_healed":0.0,"max_hp_gain":0.0,"max_hp_loss":0.0,"gold_gain":75.0,"event_name":"World of Goop","player_choice":"Gather Gold","floor":2.0,"gold_loss":0.0,"damage_taken":11.0},{"damage_healed":0.0,"max_hp_gain":0.0,"max_hp_loss":0.0,"gold_gain":0.0,"event_name":"Big Fish","player_choice":"Box","floor":12.0,"gold_loss":0.0,"damage_taken":0.0,"relics_obtained":["Shovel"],"cards_obtained":["Regret"]}],"is_beta":false,"boss_relics":[],"items_purged_floors":[],"is_endless":true,"potions_floor_spawned":[4,7,14],"ascension_level":0}