{"gold_per_floor":[113,133,150,38,52,52,67,67,67,77,104,104,123,143,143,245,245,256,275,36,36,50,50,16,36,36,36,36,71,71,84,84,180,180,200,213,213],"floor_reached":37,"playtime":3279,"items_purged":["Strike_G","Strike_G"],"score":395,"play_id":"2a9f0bb3-fe9f-4533-9dc3-38893116852b","local_time":"20190103141048","is_ascension_mode":false,"campfire_choices":[{"data":"Well Laid Plans","floor":6,"key":"SMITH"},{"data":"Neutralize","floor":8,"key":"SMITH"},{"floor":15,"key":"REST"},{"data":"A Thousand Cuts","floor":23,"key":"SMITH"},{"floor":27,"key":"REST"},{"floor":30,"key":"REST"},{"floor":32,"key":"REST"}],"neow_cost":"NONE","seed_source_timestamp":12965209838289,"circlet_count":0,"master_deck":["Defend_G","Defend_G","Defend_G","Strike_G","Strike_G","Survivor","Neutralize+1","Dash","Blade Dance","Well Laid Plans+1","Backstab","Quick Slash","Acrobatics","After Image","Backflip","Calculated Gamble","A Thousand Cuts+1","Slice+1","Finisher","Blade Dance","Dodge and Roll","Backstab","Infinite Blades","A Thousand Cuts","Dagger Spray","PiercingWail+1","Die Die Die","Backflip"],"relics":["Ring of the Snake","Letter Opener","Shovel","Lizard Tail","Frozen Egg 2","Shuriken","WristBlade"],"potions_floor_usage":[16,16,16,29,33,37],"damage_taken":[{"damage":5,"enemies":"Jaw Worm","floor":1,"turns":5},{"damage":1,"enemies":"2 Louse","floor":2,"turns":3},{"damage":0,"enemies":"Cultist","floor":3,"turns":5},{"damage":0,"enemies":"Blue Slaver","floor":5,"turns":4},{"damage":0,"enemies":"Lots of Slimes","floor":7,"turns":6},{"damage":7,"enemies":"Exordium Thugs","floor":10,"turns":6},{"damage":2,"enemies":"Gremlin Nob","floor":11,"turns":4},{"damage":34,"enemies":"Gremlin Gang","floor":13,"turns":5},{"damage":0,"enemies":"Lots of Slimes","floor":14,"turns":3},{"damage":33,"enemies":"The Guardian","floor":16,"turns":18},{"damage":0,"enemies":"Chosen","floor":18,"turns":6},{"damage":2,"enemies":"Shell Parasite","floor":19,"turns":8},{"damage":16,"enemies":"Snake Plant","floor":22,"turns":7},{"damage":21,"enemies":"3 Cultists","floor":25,"turns":6},{"damage":39,"enemies":"Gremlin Leader","floor":29,"turns":7},{"damage":13,"enemies":"Sentry and Sphere","floor":31,"turns":6},{"damage":52,"enemies":"Collector","floor":33,"turns":9},{"damage":21,"enemies":"3 Shapes","floor":35,"turns":3},{"damage":5,"enemies":"Orb Walker","floor":36,"turns":4},{"damage":46,"enemies":"Spire Growth","floor":37,"turns":6}],"seed_played":"-4573289276710279789","potions_obtained":[{"floor":2,"key":"FearPotion"},{"floor":10,"key":"Regen Potion"},{"floor":13,"key":"Dexterity Potion"},{"floor":14,"key":"Fire Potion"},{"floor":19,"key":"Energy Potion"},{"floor":22,"key":"Poison Potion"},{"floor":33,"key":"Swift Potion"},{"floor":36,"key":"Block Potion"}],"is_trial":false,"path_per_floor":["M","M","M","$","M","R","M","R","T","M","E","?","M","M","R","B",null,"M","M","$","?","M","R","$","M","T","R","$","E","R","M","R","B",null,"M","M","M"],"character_chosen":"THE_SILENT","items_purchased":["Well Laid Plans","Finisher","Blade Dance","Dodge and Roll","Infinite Blades"],"campfire_rested":4,"item_purchase_floors":[4,20,20,20,24],"current_hp_per_floor":[65,64,64,64,64,64,64,64,64,57,55,55,21,21,42,24,70,70,68,68,68,52,52,52,31,31,52,52,13,34,21,42,35,70,49,44,0],"gold":213,"neow_bonus":"REMOVE_CARD","is_prod":false,"is_daily":false,"chose_seed":false,"campfire_upgraded":3,"win_rate":0.0,"timestamp":1546492248,"path_taken":["M","M","M","$","M","R","M","R","T","M","E","?","M","M","R","BOSS","M","M","$","?","M","R","$","M","T","R","$","E","R","M","R","BOSS","M","M","M"],"build_version":"2018-12-20","purchased_purges":2,"victory":false,"max_hp_per_floor":[70,70,70,70,70,70,70,70,70,70,70,70,70,70,70,70,70,70,70,70,70,70,70,70,70,70,70,70,70,70,70,70,70,70,70,70,70],"card_choices":[{"not_picked":["PiercingWail","Predator"],"picked":"Dash","floor":1},{"not_picked":["Skewer","Underhanded Strike","Poisoned Stab"],"picked":"SKIP","floor":2},{"not_picked":["PiercingWail","All Out Attack"],"picked":"Blade Dance","floor":3},{"not_picked":["Reflex","Endless Agony"],"picked":"Backstab","floor":5},{"not_picked":["All Out Attack","Flying Knee"],"picked":"Quick Slash","floor":7},{"not_picked":["Leg Sweep","PiercingWail"],"picked":"Acrobatics","floor":10},{"not_picked":["Sucker Punch","Flying Knee"],"picked":"After Image","floor":11},{"not_picked":["Distraction","Deflect"],"picked":"Backflip","floor":13},{"not_picked":["Flying Knee","Backflip"],"picked":"Calculated Gamble","floor":14},{"not_picked":["Wraith Form v2","Tools of the Trade"],"picked":"A Thousand Cuts","floor":16},{"not_picked":["PiercingWail","Endless Agony"],"picked":"Slice+1","floor":18},{"not_picked":["Underhanded Strike","Bouncing Flask+1","Sucker Punch"],"picked":"SKIP","floor":19},{"not_picked":["Prepared","Outmaneuver"],"picked":"Backstab","floor":22},{"not_picked":["Flying Knee+1","Slice"],"picked":"A Thousand Cuts","floor":25},{"not_picked":["Dash+1","Noxious Fumes+1"],"picked":"Dagger Spray","floor":29},{"not_picked":["Cloak And Dagger","Dagger Throw"],"picked":"PiercingWail+1","floor":31},{"not_picked":["Storm of Steel","Glass Knife"],"picked":"Die Die Die","floor":33},{"not_picked":["Flying Knee+1","Blade Dance"],"picked":"Backflip","floor":35},{"not_picked":["Slice","Quick Slash+1","Dash"],"picked":"SKIP","floor":36}],"player_experience":59719,"relics_obtained":[{"floor":9,"key":"Letter Opener"},{"floor":11,"key":"Shovel"},{"floor":26,"key":"Frozen Egg 2"},{"floor":29,"key":"Shuriken"}],"event_choices":[{"cards_removed":["Defend_G"],"damage_healed":0,"gold_gain":0,"player_choice":"Forget","damage_taken":0,"max_hp_gain":0,"max_hp_loss":0,"event_name":"Living Wall","floor":12,"gold_loss":0},{"cards_removed":["Defend_G"],"damage_healed":0,"gold_gain":0,"player_choice":"Card Removal","damage_taken":0,"max_hp_gain":0,"max_hp_loss":0,"event_name":"Wheel of Change","floor":21,"gold_loss":0}],"is_beta":false,"boss_relics":[{"not_picked":["White Beast Statue","Runic Pyramid"],"picked":"Lizard Tail"},{"not_picked":["Runic Dome","Calling Bell"],"picked":"WristBlade"}],"items_purged_floors":[4,20],"is_endless":false,"potions_floor_spawned":[2,10,13,14,19,22,33,36],"killed_by":"Spire Growth","ascension_level":0}