{"gold_per_floor":[116,116,41,54,65,65,79,89,136,153,153,153,15,27,27,27],"floor_reached":16,"playtime":507,"items_purged":["Shame","Strike_B"],"score":103,"play_id":"ed9b8b58-987c-40a5-8947-95ea9412ead3","local_time":"20181030155837","is_ascension_mode":true,"campfire_choices":[{"data":"Chaos","floor":6,"key":"SMITH"},{"data":"Fusion","floor":12,"key":"SMITH"},{"data":"Defragment","floor":15,"key":"SMITH"}],"neow_cost":"CURSE","seed_source_timestamp":1289582630315798,"circlet_count":0,"master_deck":["Strike_B","Strike_B","Strike_B","Defend_B","Defend_B","Defend_B","Defend_B","Zap","Dualcast","Blind+1","Good Instincts+1","Capacitor","Chaos+1","Chill","Force Field","Fusion+1","Defragment+1"],"relics":["Cracked Core","Mercury Hourglass","Anchor"],"potions_floor_usage":[],"damage_taken":[{"damage":0,"enemies":"Small Slimes","floor":1,"turns":3},{"damage":1,"enemies":"2 Louse","floor":4,"turns":2},{"damage":0,"enemies":"Cultist","floor":5,"turns":3},{"damage":6,"enemies":"3 Louse","floor":7,"turns":2},{"damage":2,"enemies":"Blue Slaver","floor":8,"turns":3},{"damage":0,"enemies":"Lots of Slimes","floor":10,"turns":3},{"damage":3,"enemies":"Exordium Thugs","floor":14,"turns":5},{"damage":40,"enemies":"Slime Boss","floor":16,"turns":8}],"seed_played":"-4719532578739829222","potions_obtained":[{"floor":5,"key":"SteroidPotion"},{"floor":7,"key":"SteroidPotion"},{"floor":8,"key":"FearPotion"},{"floor":14,"key":"Energy Potion"}],"is_trial":false,"path_per_floor":["M","?","$","M","M","R","M","M","T","M","?","R","$","M","R"],"character_chosen":"DEFECT","items_purchased":["Defragment"],"campfire_rested":0,"item_purchase_floors":[13],"current_hp_per_floor":[75,63,63,62,62,62,56,54,54,54,39,39,39,36,36,0],"gold":27,"neow_bonus":"RANDOM_COLORLESS_2","is_prod":false,"is_daily":false,"chose_seed":false,"campfire_upgraded":3,"win_rate":0,"timestamp":1540929517,"path_taken":["M","?","$","M","M","R","?","M","T","M","?","R","$","M","R","BOSS"],"build_version":"2018-10-25v2","purchased_purges":2,"victory":false,"max_hp_per_floor":[75,75,75,75,75,75,75,75,75,75,75,75,75,75,75,75],"card_choices":[{"not_picked":["Barrage","White Noise"],"picked":"Capacitor","floor":1},{"not_picked":["Rebound","Barrage"],"picked":"Chaos","floor":4},{"not_picked":["Streamline","Stack"],"picked":"Chill","floor":5},{"not_picked":["Streamline","Gash","Stack"],"picked":"SKIP","floor":7},{"not_picked":["Coolheaded","Compile Driver"],"picked":"Force Field","floor":8},{"not_picked":["Stack","Conserve Battery"],"picked":"Fusion","floor":10},{"not_picked":["Rebound","Beam Cell","Steam"],"picked":"SKIP","floor":14}],"player_experience":255486,"relics_obtained":[{"floor":9,"key":"Anchor"}],"event_choices":[{"damage_healed":0,"gold_gain":0,"player_choice":"Success","damage_taken":12,"relics_obtained":["Mercury Hourglass"],"max_hp_gain":0,"max_hp_loss":0,"event_name":"Scrap Ooze","floor":2,"gold_loss":0},{"damage_healed":0,"gold_gain":0,"player_choice":"Entered Light","damage_taken":15,"max_hp_gain":0,"max_hp_loss":0,"event_name":"Shining Light","floor":11,"gold_loss":0,"cards_upgraded":["Good Instincts","Blind"]}],"is_beta":false,"boss_relics":[],"items_purged_floors":[3,13],"is_endless":false,"potions_floor_spawned":[5,7,8,14],"killed_by":"Slime Boss","ascension_level":2}