{"gold_per_floor":[111,36,36,51,63,91,108,108,108,108,108,122,135,155,155,260,260,279,378,392,402,41,41,41,59,84,84,84,9,28,28,28,28],"floor_reached":33,"playtime":1586,"items_purged":["Strike_B"],"score":274,"play_id":"dc495d0f-59dd-4dcf-a581-fd96e6a658bc","local_time":"20190105192719","is_ascension_mode":true,"campfire_choices":[{"floor":8,"key":"REST"},{"data":"Fusion","floor":10,"key":"SMITH"},{"data":"Go for the Eyes","floor":15,"key":"SMITH"},{"data":"Defragment","floor":23,"key":"SMITH"},{"data":"Buffer","floor":24,"key":"SMITH"},{"floor":27,"key":"REST"},{"floor":32,"key":"REST"}],"neow_cost":"PERCENT_DAMAGE","seed_source_timestamp":30598200263761,"circlet_count":0,"master_deck":["Strike_B","Defend_B","Defend_B","Zap","Dualcast","Rebound","Genetic Algorithm","Go for the Eyes+1","Coolheaded","Melter","FTL","Beam Cell","Buffer+1","Steam","Defragment+1","Cold Snap+1","Gash","Glacier+1","Gash"],"relics":["Cracked Core","Centennial Puzzle","Empty Cage","WingedGreaves","Boot"],"potions_floor_usage":[16,16,16,21],"damage_taken":[{"damage":7,"enemies":"Small Slimes","floor":1,"turns":2},{"damage":8,"enemies":"2 Louse","floor":4,"turns":3},{"damage":6,"enemies":"Jaw Worm","floor":5,"turns":4},{"damage":22,"enemies":"Lagavulin","floor":6,"turns":7},{"damage":11,"enemies":"Large Slime","floor":7,"turns":7},{"damage":1,"enemies":"Blue Slaver","floor":12,"turns":4},{"damage":3,"enemies":"3 Louse","floor":13,"turns":3},{"damage":4,"enemies":"Red Slaver","floor":14,"turns":3},{"damage":3,"enemies":"Slime Boss","floor":16,"turns":8},{"damage":31,"enemies":"2 Thieves","floor":18,"turns":5},{"damage":11,"enemies":"Shell Parasite","floor":20,"turns":7},{"damage":1,"enemies":"Sentry and Sphere","floor":21,"turns":3},{"damage":28,"enemies":"3 Cultists","floor":25,"turns":7},{"damage":15,"enemies":"Snake Plant","floor":30,"turns":6},{"damage":28,"enemies":"Champ","floor":33,"turns":12}],"seed_played":"930825925031302311","potions_obtained":[{"floor":4,"key":"Poison Potion"},{"floor":5,"key":"FocusPotion"},{"floor":7,"key":"FocusPotion"},{"floor":14,"key":"LiquidBronze"},{"floor":20,"key":"PowerPotion"},{"floor":25,"key":"SteroidPotion"}],"is_trial":false,"path_per_floor":["M","$","?","M","M","E","M","R","T","R","?","M","M","M","R","B",null,"M","?","M","M","$","R","R","M","T","R","?","?","M","$","R","B"],"character_chosen":"DEFECT","items_purchased":["Gash","WingedGreaves"],"campfire_rested":3,"item_purchase_floors":[22,22],"current_hp_per_floor":[47,47,52,44,38,16,5,29,29,29,29,28,25,21,21,18,80,49,49,38,37,37,37,37,9,9,33,17,17,2,2,26,0],"gold":28,"neow_bonus":"REMOVE_TWO","is_prod":false,"is_daily":false,"chose_seed":false,"campfire_upgraded":4,"win_rate":0,"timestamp":1546684039,"path_taken":["M","$","?","M","M","E","M","R","T","R","?","M","M","M","R","BOSS","M","?","M","M","$","R","R","M","T","R","?","?","M","$","R","BOSS"],"build_version":"2019-01-03v4","purchased_purges":1,"victory":false,"max_hp_per_floor":[75,75,80,80,80,80,80,80,80,80,80,80,80,80,80,80,80,80,80,80,80,80,80,80,80,80,80,80,80,80,80,80,80],"card_choices":[{"not_picked":["Steam","Static Discharge"],"picked":"Rebound","floor":1},{"not_picked":["Static Discharge","Doom and Gloom"],"picked":"Genetic Algorithm","floor":4},{"not_picked":["Redo","Heatsinks"],"picked":"Go for the Eyes","floor":5},{"not_picked":["Compile Driver","Coolheaded"],"picked":"Fusion","floor":6},{"not_picked":["Reinforced Body","Doom and Gloom"],"picked":"Coolheaded","floor":7},{"not_picked":["Recycle","Beam Cell"],"picked":"Melter","floor":12},{"not_picked":["Reprogram","Meteor Strike"],"picked":"FTL","floor":13},{"not_picked":["Scrape","Blizzard"],"picked":"Beam Cell","floor":14},{"not_picked":["Meteor Strike","Electrodynamics"],"picked":"Buffer","floor":16},{"not_picked":["Leap","Streamline"],"picked":"Steam","floor":18},{"not_picked":["Recycle","Redo"],"picked":"Defragment","floor":20},{"not_picked":["Scrape","Chaos"],"picked":"Cold Snap+1","floor":21},{"not_picked":["Sweeping Beam","Redo"],"picked":"Glacier+1","floor":25},{"not_picked":["Storm","Cold Snap+1"],"picked":"Gash","floor":30}],"player_experience":118809,"relics_obtained":[{"floor":6,"key":"Centennial Puzzle"},{"floor":26,"key":"Boot"}],"event_choices":[{"damage_healed":0,"gold_gain":0,"player_choice":"Donut","damage_taken":0,"max_hp_gain":5,"max_hp_loss":0,"event_name":"Big Fish","floor":3,"gold_loss":0},{"damage_healed":0,"gold_gain":0,"player_choice":"Ignored","damage_taken":0,"max_hp_gain":0,"max_hp_loss":0,"event_name":"Liars Game","floor":11,"gold_loss":0},{"damage_healed":0,"gold_gain":99,"player_choice":"Stole From Cult","damage_taken":0,"max_hp_gain":0,"max_hp_loss":0,"event_name":"Nest","floor":19,"gold_loss":0},{"damage_healed":0,"gold_gain":0,"player_choice":"Obtained Book","damage_taken":16,"max_hp_gain":0,"max_hp_loss":0,"event_name":"Cursed Tome","floor":28,"gold_loss":0},{"cards_removed":["Fusion"],"damage_healed":0,"gold_gain":0,"player_choice":"Gave Gold","damage_taken":0,"max_hp_gain":0,"max_hp_loss":0,"event_name":"Beggar","floor":29,"gold_loss":75}],"is_beta":false,"boss_relics":[{"not_picked":["Cursed Key","Inserter"],"picked":"Empty Cage"}],"items_purged_floors":[2],"is_endless":false,"potions_floor_spawned":[4,5,7,14,20,25],"killed_by":"Champ","ascension_level":2}