{"gold_per_floor":[113,128,15,26,37,37,2,2,27,44,70,87,42,55,55,153,153,172,172,188,188,198,198,216,42,42,42,56,70,83,93,93,189,189,202,7,17,17,117,130,130,142,166,178,178,190,190,206,206,206],"floor_reached":50,"playtime":2598,"items_purged":["Strike_B","Strike_B"],"score":706,"play_id":"f1841c71-ac59-4c6c-80b8-c7e7560b41ae","local_time":"20190208144409","is_ascension_mode":true,"campfire_choices":[{"data":"White Noise","floor":6.0,"key":"SMITH"},{"data":"Panacea","floor":8.0,"key":"SMITH"},{"data":"Amplify","floor":15.0,"key":"SMITH"},{"data":"Echo Form","floor":23.0,"key":"SMITH"},{"floor":27.0,"key":"REST"},{"floor":32.0,"key":"REST"},{"data":"Apotheosis","floor":41.0,"key":"SMITH"},{"data":"Defragment","floor":47.0,"key":"SMITH"},{"floor":49.0,"key":"REST"}],"neow_cost":"NONE","seed_source_timestamp":15430822793307,"circlet_count":0,"master_deck":["AscendersBane","Strike_B","Strike_B","Defend_B","Defend_B","Defend_B","Defend_B","Zap","Dualcast","Panacea+1","Ball Lightning","Auto Shields","Self Repair","White Noise+1","Conserve Battery","Static Discharge","Amplify+1","Gash","Gash","Reboot","Rainbow","Hologram","Glacier","Echo Form+1","Coolheaded+1","Defragment+1","Leap","Tempest+1","Buffer","Gash+1","Apotheosis+1","Gash+1","Gash+1","Turbo+1"],"special_seed":0,"relics":["Cracked Core","Anchor","Oddly Smooth Stone","Velvet Choker","WingedGreaves","White Beast Statue","Bronze Scales"],"potions_floor_usage":[50],"damage_taken":[{"damage":1.0,"enemies":"Cultist","floor":1.0,"turns":3.0},{"damage":7.0,"enemies":"Jaw Worm","floor":2.0,"turns":3.0},{"damage":2.0,"enemies":"2 Louse","floor":4.0,"turns":3.0},{"damage":14.0,"enemies":"Red Slaver","floor":5.0,"turns":3.0},{"damage":0.0,"enemies":"Looter","floor":10.0,"turns":4.0},{"damage":11.0,"enemies":"3 Sentries","floor":11.0,"turns":8.0},{"damage":0.0,"enemies":"Large Slime","floor":12.0,"turns":4.0},{"damage":23.0,"enemies":"Exordium Thugs","floor":14.0,"turns":5.0},{"damage":39.0,"enemies":"Hexaghost","floor":16.0,"turns":11.0},{"damage":11.0,"enemies":"Shell Parasite","floor":18.0,"turns":5.0},{"damage":24.0,"enemies":"3 Byrds","floor":20.0,"turns":5.0},{"damage":10.0,"enemies":"Snake Plant","floor":22.0,"turns":6.0},{"damage":34.0,"enemies":"3 Cultists","floor":24.0,"turns":5.0},{"damage":36.0,"enemies":"Chosen and Byrds","floor":28.0,"turns":6.0},{"damage":4.0,"enemies":"Centurion and Healer","floor":29.0,"turns":9.0},{"damage":5.0,"enemies":"Snake Plant","floor":30.0,"turns":7.0},{"damage":15.0,"enemies":"Snecko","floor":31.0,"turns":5.0},{"damage":23.0,"enemies":"Champ","floor":33.0,"turns":15.0},{"damage":8.0,"enemies":"Orb Walker","floor":35.0,"turns":6.0},{"damage":65.0,"enemies":"3 Darklings","floor":37.0,"turns":9.0},{"damage":6.0,"enemies":"Writhing Mass","floor":40.0,"turns":7.0},{"damage":1.0,"enemies":"Spire Growth","floor":42.0,"turns":7.0},{"damage":7.0,"enemies":"4 Shapes","floor":44.0,"turns":6.0},{"damage":5.0,"enemies":"Transient","floor":46.0,"turns":5.0},{"damage":29.0,"enemies":"Sphere and 2 Shapes","floor":48.0,"turns":7.0},{"damage":86,"enemies":"Awakened One","floor":50,"turns":6}],"seed_played":"-3707850663461162755","potions_obtained":[{"floor":1.0,"key":"Ancient Potion"},{"floor":2.0,"key":"Explosive Potion"},{"floor":12.0,"key":"Strength Potion"},{"floor":16.0,"key":"Fire Potion"},{"floor":28.0,"key":"Dexterity Potion"},{"floor":30.0,"key":"SkillPotion"},{"floor":33.0,"key":"Fruit Juice"},{"floor":35.0,"key":"GamblersBrew"},{"floor":37.0,"key":"FearPotion"},{"floor":40.0,"key":"SteroidPotion"},{"floor":42.0,"key":"Strength Potion"},{"floor":44.0,"key":"Fruit Juice"},{"floor":46.0,"key":"GamblersBrew"},{"floor":48.0,"key":"Energy Potion"}],"is_trial":false,"path_per_floor":["M","M","$","M","M","R","?","R","T","M","E","M","$","M","R","B",null,"M","?","M","?","M","R","M","$","T","R","M","M","M","M","R","B",null,"M","$","M","?","?","M","R","M","T","M","?","M","R","M","R","B"],"character_chosen":"DEFECT","items_purchased":["Self Repair","Gash","Defragment","Apotheosis"],"campfire_rested":3,"item_purchase_floors":[3,13,25,36],"current_hp_per_floor":[67,60,60,65,58,58,75,75,75,75,71,75,75,59,59,27,63,59,75,65,65,62,62,42,42,42,64,35,45,54,39,61,50,73,72,72,27,27,27,35,35,54,54,59,59,64,64,55,78,0],"gold":206,"neow_bonus":"RANDOM_COLORLESS","is_prod":false,"is_daily":false,"chose_seed":false,"campfire_upgraded":6,"win_rate":0,"timestamp":1549604649,"path_taken":["M","M","$","?","M","R","?","R","T","M","E","M","$","M","R","BOSS","M","?","?","?","M","R","M","$","T","R","?","M","M","M","R","BOSS","M","$","M","?","?","?","R","M","T","M","?","M","R","M","R","BOSS"],"build_version":"2019-01-23","purchased_purges":2,"victory":false,"max_hp_per_floor":[75,75,75,75,75,75,75,75,75,75,75,75,75,75,75,75,75,75,75,75,75,75,75,75,75,75,75,75,75,75,75,75,80,80,80,80,80,76,76,76,76,76,76,81,78,78,78,78,78,78],"card_choices":[{"not_picked":["Undo","Doom and Gloom"],"picked":"Ball Lightning","floor":1.0},{"not_picked":["Ball Lightning","FTL"],"picked":"Auto Shields","floor":2.0},{"not_picked":["Conserve Battery","Rip and Tear"],"picked":"White Noise","floor":4.0},{"not_picked":["Steam","Turbo"],"picked":"Conserve Battery","floor":5.0},{"not_picked":["Beam Cell","Coolheaded"],"picked":"Static Discharge","floor":10.0},{"not_picked":["Coolheaded","Undo"],"picked":"Amplify","floor":11.0},{"not_picked":["Beam Cell","Turbo"],"picked":"Gash","floor":12.0},{"not_picked":["Sweeping Beam","Barrage"],"picked":"Reboot","floor":14.0},{"not_picked":["Multi-Cast","Core Surge"],"picked":"Rainbow","floor":16.0},{"not_picked":["Go for the Eyes","Turbo"],"picked":"Hologram","floor":18.0},{"not_picked":["Storm","Coolheaded+1"],"picked":"Glacier","floor":20.0},{"not_picked":["Chill","Genetic Algorithm+1"],"picked":"Echo Form","floor":22.0},{"not_picked":["Blizzard","Cold Snap+1"],"picked":"Coolheaded+1","floor":24.0},{"not_picked":["Beam Cell+1","Coolheaded","Gash"],"picked":"SKIP","floor":28.0},{"not_picked":["Barrage","Ball Lightning+1"],"picked":"Leap","floor":29.0},{"not_picked":["Barrage+1","Conserve Battery"],"picked":"Tempest+1","floor":30.0},{"not_picked":["Barrage","Redo","Go for the Eyes"],"picked":"SKIP","floor":31.0},{"not_picked":["Reboot","Meteor Strike"],"picked":"Buffer","floor":33.0},{"not_picked":["Steam+1","Hologram"],"picked":"Gash+1","floor":35.0},{"not_picked":["Chill+1","Genetic Algorithm+1","Hello World+1"],"picked":"SKIP","floor":37.0},{"not_picked":["Steam+1","Static Discharge+1"],"picked":"Gash+1","floor":40.0},{"not_picked":["Compile Driver+1","Reboot","Force Field+1"],"picked":"SKIP","floor":42.0},{"not_picked":["Steam Power","Static Discharge+1"],"picked":"Gash+1","floor":44.0},{"not_picked":["Go for the Eyes+1","Conserve Battery"],"picked":"Turbo+1","floor":46.0},{"not_picked":["Turbo","Redo","Rebound"],"picked":"SKIP","floor":48.0}],"player_experience":296458,"relics_obtained":[{"floor":9.0,"key":"Anchor"},{"floor":11.0,"key":"Oddly Smooth Stone"},{"floor":26.0,"key":"WingedGreaves"},{"floor":43.0,"key":"Bronze Scales"}],"event_choices":[{"damage_healed":18.0,"max_hp_gain":0.0,"max_hp_loss":0.0,"gold_gain":0.0,"event_name":"The Cleric","player_choice":"Healed","floor":7.0,"gold_loss":35.0,"damage_taken":0.0},{"damage_healed":16.0,"max_hp_gain":0.0,"max_hp_loss":0.0,"gold_gain":0.0,"event_name":"Wheel of Change","player_choice":"Full Heal","floor":19.0,"gold_loss":0.0,"damage_taken":0.0},{"damage_healed":0.0,"max_hp_gain":0.0,"max_hp_loss":0.0,"gold_gain":0.0,"event_name":"Lab","player_choice":"Got Potions","floor":21.0,"gold_loss":0.0,"damage_taken":0.0},{"damage_healed":0.0,"max_hp_gain":0.0,"max_hp_loss":4.0,"gold_gain":0.0,"event_name":"Winding Halls","player_choice":"Max HP","floor":38.0,"gold_loss":0.0,"damage_taken":0.0},{"damage_healed":0.0,"max_hp_gain":0.0,"max_hp_loss":0.0,"gold_gain":100.0,"event_name":"Golden Shrine","player_choice":"Pray","floor":39.0,"gold_loss":0.0,"damage_taken":0.0},{"cards_removed":["Parasite"],"damage_healed":0.0,"max_hp_gain":0.0,"max_hp_loss":0.0,"gold_gain":0.0,"event_name":"Purifier","player_choice":"Purged","floor":45.0,"gold_loss":0.0,"damage_taken":0.0}],"is_beta":false,"boss_relics":[{"not_picked":["Calling Bell","Coffee Dripper"],"picked":"Velvet Choker"},{"not_picked":["Sozu","Runic Dome"],"picked":"White Beast Statue"}],"items_purged_floors":[3,25],"is_endless":false,"potions_floor_spawned":[1,2,12,16,28,30,31,33,35,37,40,42,44,46,48],"killed_by":"Awakened One","ascension_level":10}