{"gold_per_floor":[110,122,137,36,36,36,47,67,67,67,102,121,135,151,151,151],"floor_reached":16,"playtime":1437,"items_purged":["Strike_B"],"score":106,"play_id":"0d94b818-0ab1-4dbf-a771-6ecb7e5a5680","local_time":"20181013182901","is_ascension_mode":false,"campfire_choices":[{"data":"Hologram","floor":10,"key":"SMITH"},{"data":"Creative AI","floor":15,"key":"SMITH"}],"neow_cost":"","seed_source_timestamp":353394412581358,"circlet_count":0,"master_deck":["Strike_B","Strike_B","Strike_B","Defend_B","Defend_B","Defend_B","Defend_B","Zap","Dualcast","Redo","Darkness","Hologram+1","Barrage","Decay","Hologram","Go for the Eyes","Creative AI+1","Chill","Beam Cell","Static Discharge"],"relics":["Cracked Core","Potion Belt","Regal Pillow","Kunai"],"potions_floor_usage":[14,16,16,16],"damage_taken":[{"damage":10,"enemies":"Small Slimes","floor":1,"turns":4},{"damage":1,"enemies":"Cultist","floor":2,"turns":3},{"damage":0,"enemies":"2 Louse","floor":3,"turns":1},{"damage":18,"enemies":"Exordium Thugs","floor":7,"turns":5},{"damage":7,"enemies":"2 Fungi Beasts","floor":8,"turns":2},{"damage":6,"enemies":"Gremlin Nob","floor":11,"turns":3},{"damage":5,"enemies":"3 Louse","floor":12,"turns":4},{"damage":8,"enemies":"Large Slime","floor":13,"turns":8},{"damage":8,"enemies":"Gremlin Gang","floor":14,"turns":4},{"damage":5,"enemies":"Hexaghost","floor":16,"turns":9}],"seed_played":"3335433469290529745","potions_obtained":[{"floor":2,"key":"Swift Potion"},{"floor":8,"key":"LiquidBronze"},{"floor":12,"key":"AttackPotion"},{"floor":13,"key":"LiquidBronze"},{"floor":14,"key":"Swift Potion"}],"is_trial":false,"path_per_floor":["M","M","M","$","?","?","M","M","T","R","E","M","M","M","R"],"character_chosen":"DEFECT","items_purchased":["Barrage"],"campfire_rested":0,"item_purchase_floors":[4],"current_hp_per_floor":[65,64,64,64,64,57,39,32,32,32,26,21,13,5,5,0],"gold":151,"neow_bonus":"","is_prod":false,"is_daily":false,"chose_seed":false,"campfire_upgraded":2,"win_rate":0.0,"timestamp":1539469741,"path_taken":["M","M","M","$","?","?","M","M","T","R","E","M","?","M","R","BOSS"],"build_version":"2018-10-11","purchased_purges":1,"victory":false,"max_hp_per_floor":[75,75,75,75,75,75,75,75,75,75,75,75,75,75,75,75],"card_choices":[{"not_picked":["Beam Cell","Gash"],"picked":"Redo","floor":1},{"not_picked":["Conserve Battery","Ball Lightning"],"picked":"Darkness","floor":2},{"not_picked":["Gash","Leap"],"picked":"Hologram","floor":3},{"not_picked":["Conserve Battery","Barrage"],"picked":"Hologram","floor":7},{"not_picked":["Beam Cell","Streamline"],"picked":"Go for the Eyes","floor":8},{"not_picked":["Gash","Force Field"],"picked":"Creative AI","floor":11},{"not_picked":["Gash","Genetic Algorithm"],"picked":"Chill","floor":12},{"not_picked":["Double Energy","Leap"],"picked":"Beam Cell","floor":13},{"not_picked":["Hello World","Aggregate"],"picked":"Static Discharge","floor":14}],"player_experience":135857,"relics_obtained":[{"floor":9,"key":"Regal Pillow"},{"floor":11,"key":"Kunai"}],"event_choices":[{"event_name":"Wheel of Change","player_choice":"Curse","floor":5,"damage_taken":0},{"event_name":"Scrap Ooze","player_choice":"success","floor":6,"damage_taken":7}],"is_beta":false,"boss_relics":[],"items_purged_floors":[4],"is_endless":false,"potions_floor_spawned":[2,8,12,13,14],"killed_by":"Hexaghost","ascension_level":0}