{"gold_per_floor":[112,112,125,140,159,159,189,201,201,201,180,211,211,223,223,326,326,340,540,555,568,582,582,611,611,611,639,2,14,14],"floor_reached":30,"playtime":9037,"items_purged":["Strike_R"],"score":307,"play_id":"2ecb629d-3dd1-4848-9d1c-d82710870dba","local_time":"20190216222647","is_ascension_mode":false,"campfire_choices":[{"data":"Bash","floor":6.0,"key":"SMITH"},{"data":"Metallicize","floor":10.0,"key":"SMITH"},{"data":"Rampage","floor":13.0,"key":"SMITH"},{"data":"Combust","floor":15.0,"key":"SMITH"},{"floor":23,"key":"REST"},{"data":"Impervious","floor":25,"key":"SMITH"}],"neow_cost":"NONE","seed_source_timestamp":126376366061123,"circlet_count":0,"master_deck":["Strike_R","Strike_R","Strike_R","Defend_R","Defend_R","Defend_R","Defend_R","Bash+1","Feel No Pain","Rupture","Shrug It Off","Cleave","Second Wind","Clash","Metallicize+1","Rampage+1","Combust+1","Feed","Headbutt","Shrug It Off","Uppercut+1","Body Slam+1","Impervious+1","Writhe","Spot Weakness","Whirlwind"],"special_seed":0,"relics":["Burning Blood","NeowsBlessing","Darkstone Periapt","Smiling Mask","Centennial Puzzle","Cursed Key","Mercury Hourglass","Ancient Tea Set","Art of War","Ornamental Fan","Mummified Hand"],"potions_floor_usage":[20,21,24,24],"damage_taken":[{"damage":0.0,"enemies":"Small Slimes","floor":1.0,"turns":1.0},{"damage":0.0,"enemies":"Cultist","floor":3.0,"turns":1.0},{"damage":0.0,"enemies":"2 Louse","floor":4.0,"turns":1.0},{"damage":7.0,"enemies":"Looter","floor":5.0,"turns":3.0},{"damage":39.0,"enemies":"Lagavulin","floor":7.0,"turns":9.0},{"damage":13.0,"enemies":"Lots of Slimes","floor":8.0,"turns":3.0},{"damage":7.0,"enemies":"3 Sentries","floor":12.0,"turns":13.0},{"damage":3.0,"enemies":"Large Slime","floor":14.0,"turns":7.0},{"damage":32.0,"enemies":"The Guardian","floor":16.0,"turns":10.0},{"damage":17.0,"enemies":"Spheric Guardian","floor":18.0,"turns":4.0},{"damage":16,"enemies":"2 Thieves","floor":20,"turns":4},{"damage":6,"enemies":"Snecko","floor":21,"turns":4},{"damage":25,"enemies":"Snake Plant","floor":22,"turns":4},{"damage":25,"enemies":"Slavers","floor":24,"turns":6},{"damage":55,"enemies":"Gremlin Leader","floor":27,"turns":7},{"damage":3,"enemies":"Centurion and Healer","floor":29,"turns":5},{"damage":32,"enemies":"Slavers","floor":30,"turns":3}],"seed_played":"-1455284307468985204","potions_obtained":[{"floor":1.0,"key":"LiquidBronze"},{"floor":7.0,"key":"FearPotion"},{"floor":8.0,"key":"SkillPotion"},{"floor":16.0,"key":"BloodPotion"},{"floor":18.0,"key":"Energy Potion"},{"floor":20,"key":"Swift Potion"},{"floor":22,"key":"FearPotion"}],"is_trial":false,"path_per_floor":["M","?","M","M","M","R","E","M","T","R","?","E","R","M","R","B",null,"M","?","M","M","M","R","E","R","T","E","$","M","E"],"character_chosen":"IRONCLAD","items_purchased":["Ornamental Fan","Mummified Hand","Whirlwind"],"campfire_rested":1,"item_purchase_floors":[28,28,28],"current_hp_per_floor":[80,80,80,80,79,79,46,39,39,39,39,38,38,41,41,15,80,72,72,65,65,46,71,60,60,66,17,17,23,0],"gold":14,"neow_bonus":"THREE_ENEMY_KILL","is_prod":false,"is_daily":false,"chose_seed":false,"campfire_upgraded":5,"win_rate":0,"timestamp":1550374007,"path_taken":["M","?","?","M","M","R","E","M","T","R","?","E","R","M","R","BOSS","M","?","?","M","M","R","E","R","T","E","$","M","E"],"build_version":"2019-01-23","purchased_purges":1,"victory":false,"max_hp_per_floor":[80,80,80,80,80,80,80,80,80,80,80,80,80,80,80,80,80,83,83,86,86,86,86,86,86,92,92,92,95,95],"card_choices":[{"not_picked":["Thunderclap","Heavy Blade"],"picked":"Feel No Pain","floor":1.0},{"not_picked":["Wild Strike","Dropkick"],"picked":"Shrug It Off","floor":3.0},{"not_picked":["Flex","Wild Strike"],"picked":"Cleave","floor":4.0},{"not_picked":["Searing Blow","Entrench"],"picked":"Second Wind","floor":5.0},{"not_picked":["Dual Wield","Thunderclap"],"picked":"Clash","floor":7.0},{"not_picked":["Clash","Fire Breathing"],"picked":"Metallicize","floor":8.0},{"not_picked":["True Grit","Havoc"],"picked":"Rampage","floor":12.0},{"not_picked":["Clothesline","Carnage"],"picked":"Combust","floor":14.0},{"not_picked":["Brutality","Dark Embrace"],"picked":"Feed","floor":16.0},{"not_picked":["Anger","Iron Wave"],"picked":"Headbutt","floor":18.0},{"not_picked":["Cleave","Feel No Pain"],"picked":"Shrug It Off","floor":20},{"not_picked":["Iron Wave","True Grit+1"],"picked":"Uppercut+1","floor":21},{"not_picked":["Bloodletting","Cleave"],"picked":"Body Slam+1","floor":22},{"not_picked":["Flame Barrier","Searing Blow"],"picked":"Impervious","floor":24},{"not_picked":["Flex","Dropkick"],"picked":"Spot Weakness","floor":27},{"not_picked":["Twin Strike","Sword Boomerang","Armaments"],"picked":"SKIP","floor":29}],"player_experience":780249,"relics_obtained":[{"floor":7.0,"key":"Darkstone Periapt"},{"floor":9.0,"key":"Smiling Mask"},{"floor":12.0,"key":"Centennial Puzzle"},{"floor":24,"key":"Mercury Hourglass"},{"floor":26,"key":"Ancient Tea Set"},{"floor":27,"key":"Art of War"}],"event_choices":[{"damage_healed":0.0,"max_hp_gain":0.0,"max_hp_loss":0.0,"gold_gain":0.0,"cards_transformed":["Strike_R"],"event_name":"Transmorgrifier","player_choice":"Transformed","floor":2.0,"gold_loss":0.0,"damage_taken":0.0,"cards_obtained":["Rupture"]},{"damage_healed":0.0,"max_hp_gain":0.0,"max_hp_loss":0.0,"gold_gain":0.0,"event_name":"World of Goop","player_choice":"Left Gold","floor":11.0,"gold_loss":21.0,"damage_taken":0.0},{"damage_healed":0.0,"max_hp_gain":0.0,"max_hp_loss":0.0,"gold_gain":200.0,"event_name":"Wheel of Change","player_choice":"Gold","floor":19.0,"gold_loss":0.0,"damage_taken":0.0}],"is_beta":false,"boss_relics":[{"not_picked":["Mark of Pain","Snecko Eye"],"picked":"Cursed Key"}],"items_purged_floors":[28],"is_endless":false,"potions_floor_spawned":[1,7,8,16,18,20,22],"killed_by":"Slavers","ascension_level":0}