{"gold_per_floor":[118,129,139,155,171,205,205,205,205,234,234,16,16,35,35,133,133,145,145,45,63,74,74,85,85,85,48,48,48,58,58,58,58],"floor_reached":33,"playtime":1334,"items_purged":["Strike_B","Decay"],"score":411,"play_id":"feb5fa07-11be-4698-97cc-443eb223341a","local_time":"20190209204231","is_ascension_mode":true,"campfire_choices":[{"data":"Capacitor","floor":7.0,"key":"SMITH"},{"floor":13.0,"key":"REST"},{"data":"Streamline","floor":15.0,"key":"SMITH"},{"data":"Zap","floor":23.0,"key":"SMITH"},{"floor":25.0,"key":"REST"},{"data":"Defragment","floor":28.0,"key":"SMITH"},{"data":"Dualcast","floor":32.0,"key":"SMITH"}],"neow_cost":"NONE","seed_source_timestamp":34283220945402,"circlet_count":0,"master_deck":["AscendersBane","Strike_B","Strike_B","Defend_B","Defend_B","Defend_B","Defend_B","Zap+1","Dualcast+1","Cold Snap","Self Repair","Gash","Amplify","Capacitor+1","Rebound","Conserve Battery","Streamline+1","All For One","Conserve Battery+1","Turbo+1","BootSequence","Leap+1","Defragment+1","Gash","Shame"],"special_seed":0,"relics":["Cracked Core","Bag of Marbles","Cables","Emotion Chip","Bronze Scales","Black Star","Thread and Needle","Shuriken"],"potions_floor_usage":[33],"damage_taken":[{"damage":4.0,"enemies":"Jaw Worm","floor":1.0,"turns":5.0},{"damage":0.0,"enemies":"Cultist","floor":2.0,"turns":3.0},{"damage":0.0,"enemies":"2 Louse","floor":3.0,"turns":2.0},{"damage":16.0,"enemies":"Looter","floor":4.0,"turns":4.0},{"damage":5.0,"enemies":"Exordium Wildlife","floor":5.0,"turns":4.0},{"damage":50.0,"enemies":"Lagavulin","floor":6.0,"turns":8.0},{"damage":28.0,"enemies":"3 Sentries","floor":10.0,"turns":10.0},{"damage":18.0,"enemies":"Gremlin Gang","floor":14.0,"turns":4.0},{"damage":30.0,"enemies":"The Guardian","floor":16.0,"turns":8.0},{"damage":33.0,"enemies":"2 Thieves","floor":18.0,"turns":4.0},{"damage":1.0,"enemies":"Shell Parasite","floor":21.0,"turns":2.0},{"damage":10.0,"enemies":"Cultist and Chosen","floor":22.0,"turns":6.0},{"damage":18.0,"enemies":"Shelled Parasite and Fungi","floor":24.0,"turns":5.0},{"damage":5.0,"enemies":"3 Cultists","floor":30.0,"turns":4.0},{"damage":65,"enemies":"Automaton","floor":33,"turns":10}],"seed_played":"-5921959575624542949","potions_obtained":[{"floor":2.0,"key":"Regen Potion"},{"floor":4.0,"key":"Regen Potion"},{"floor":16.0,"key":"Poison Potion"},{"floor":18.0,"key":"SkillPotion"},{"floor":30.0,"key":"Swift Potion"}],"is_trial":false,"path_per_floor":["M","M","M","M","M","E","R","?","T","E","?","$","R","M","R","B",null,"M","?","$","M","M","R","M","R","T","$","R","$","M","?","R","B"],"character_chosen":"DEFECT","items_purchased":["Bronze Scales","Defragment"],"campfire_rested":2,"item_purchase_floors":[12,27],"current_hp_per_floor":[71,71,78,69,71,40,40,45,45,39,39,39,65,54,54,38,75,49,49,49,55,52,52,41,67,67,67,67,67,62,62,62,0],"gold":58,"neow_bonus":"TEN_PERCENT_HP_BONUS","is_prod":false,"is_daily":false,"chose_seed":false,"campfire_upgraded":5,"win_rate":0,"timestamp":1549712551,"path_taken":["M","M","M","M","M","E","R","?","T","E","?","$","R","M","R","BOSS","M","?","$","M","M","R","M","R","T","$","R","$","?","?","R","BOSS"],"build_version":"2019-01-23","purchased_purges":2,"victory":false,"max_hp_per_floor":[82,82,82,82,82,82,82,87,87,87,87,87,87,87,87,87,87,87,87,87,87,87,87,87,87,87,87,87,87,87,87,87,87],"card_choices":[{"not_picked":["Compile Driver","Conserve Battery"],"picked":"Cold Snap","floor":1.0},{"not_picked":["Hologram","Rebound"],"picked":"Self Repair","floor":2.0},{"not_picked":["Doom and Gloom","Streamline"],"picked":"Gash","floor":3.0},{"not_picked":["Barrage","Steam"],"picked":"Amplify","floor":4.0},{"not_picked":["Streamline","Barrage"],"picked":"Capacitor","floor":5.0},{"not_picked":["Compile Driver","Coolheaded"],"picked":"Rebound","floor":6.0},{"not_picked":["Stack","Compile Driver"],"picked":"Conserve Battery","floor":10.0},{"not_picked":["Skim","Hologram"],"picked":"Streamline","floor":14.0},{"not_picked":["Seek","Rainbow"],"picked":"All For One","floor":16.0},{"not_picked":["Sweeping Beam","Sunder"],"picked":"Conserve Battery+1","floor":18.0},{"not_picked":["Ball Lightning","Conserve Battery"],"picked":"Turbo+1","floor":21.0},{"not_picked":["Steam","Rebound"],"picked":"BootSequence","floor":22.0},{"not_picked":["Streamline","FTL"],"picked":"Leap+1","floor":24.0},{"not_picked":["Compile Driver","Steam"],"picked":"Gash","floor":30.0}],"player_experience":313494,"relics_obtained":[{"floor":6.0,"key":"Bag of Marbles"},{"floor":9.0,"key":"Cables"},{"floor":10.0,"key":"Emotion Chip"},{"floor":26.0,"key":"Thread and Needle"}],"event_choices":[{"damage_healed":0.0,"max_hp_gain":5.0,"max_hp_loss":0.0,"gold_gain":0.0,"event_name":"Big Fish","player_choice":"Donut","floor":8.0,"gold_loss":0.0,"damage_taken":0.0},{"cards_removed":["Strike_B"],"damage_healed":0.0,"max_hp_gain":0.0,"max_hp_loss":0.0,"gold_gain":0.0,"event_name":"Living Wall","player_choice":"Forget","floor":11.0,"gold_loss":0.0,"damage_taken":0.0},{"damage_healed":0.0,"max_hp_gain":0.0,"max_hp_loss":0.0,"gold_gain":0.0,"event_name":"Wheel of Change","player_choice":"Cursed","floor":19.0,"gold_loss":0.0,"damage_taken":0.0,"cards_obtained":["Decay"]},{"damage_healed":0.0,"max_hp_gain":0.0,"max_hp_loss":0.0,"gold_gain":0.0,"event_name":"Addict","player_choice":"Stole Relic","floor":31.0,"gold_loss":0.0,"damage_taken":0.0,"relics_obtained":["Shuriken"],"cards_obtained":["Shame"]}],"is_beta":false,"boss_relics":[{"not_picked":["Busted Crown","Runic Dome"],"picked":"Black Star"}],"items_purged_floors":[12,20],"is_endless":false,"potions_floor_spawned":[2,4,16,18,30],"killed_by":"Automaton","ascension_level":12}