{"gold_per_floor":[369,383,32,50,66,66,97,97,97,97,97,112,129,162,162,265,265,284,300,300,313,330,363,363,36,36,36,48,48,67,67,67,172,172,188,188,188,588,601,634,634,650,650,702,702,15,15,28,28,28],"floor_reached":51,"playtime":5277,"items_purged":["Pain","Strike_R"],"score":996,"play_id":"7c992b3c-9c31-49ad-82a0-ca451c787c34","local_time":"20190131195805","is_ascension_mode":true,"campfire_choices":[{"data":"Armaments","floor":6,"key":"SMITH"},{"data":"Feel No Pain","floor":8,"key":"SMITH"},{"data":"Bash","floor":10,"key":"SMITH"},{"data":"Corruption","floor":15,"key":"SMITH"},{"data":"Dark Embrace","floor":24,"key":"SMITH"},{"data":"Berserk","floor":27,"key":"SMITH"},{"floor":32,"key":"REST"},{"floor":41,"key":"REST"},{"floor":45,"key":"REST"},{"floor":49,"key":"REST"}],"neow_cost":"TEN_PERCENT_HP_LOSS","seed_source_timestamp":0,"circlet_count":0,"master_deck":["Strike_R","Strike_R","Strike_R","Defend_R","Defend_R","Defend_R","Defend_R","Bash+1","Fire Breathing","Armaments+1","Havoc","Feel No Pain+1","Seeing Red","Havoc","Corruption+1","Disarm","Berserk+1","Dark Embrace+1","Shrug It Off","Warcry+1","Offering","Barricade","Apotheosis","True Grit+1"],"relics":["Burning Blood","Dead Branch","Bottled Tornado","Dodecahedron","FaceOfCleric","Art of War","Philosopher\u0027s Stone","WarpedTongs","Blood Vial","Letter Opener","Blue Candle","Orrery","Old Coin","Oddly Smooth Stone","Shuriken","Incense Burner","Brimstone","Ancient Tea Set","Pantograph"],"potions_floor_usage":[1,16,19,23,23,33,33,50,50],"damage_taken":[{"damage":7,"enemies":"Jaw Worm","floor":1,"turns":3},{"damage":11,"enemies":"Cultist","floor":2,"turns":4},{"damage":9,"enemies":"2 Louse","floor":4,"turns":5},{"damage":24,"enemies":"2 Fungi Beasts","floor":5,"turns":4},{"damage":21,"enemies":"3 Sentries","floor":7,"turns":7},{"damage":0,"enemies":"Exordium Wildlife","floor":12,"turns":5},{"damage":3,"enemies":"Large Slime","floor":13,"turns":3},{"damage":6,"enemies":"Lagavulin","floor":14,"turns":4},{"damage":44,"enemies":"The Guardian","floor":16,"turns":8},{"damage":9,"enemies":"2 Thieves","floor":18,"turns":4},{"damage":3,"enemies":"Chosen","floor":19,"turns":5},{"damage":20,"enemies":"Snake Plant","floor":21,"turns":3},{"damage":48,"enemies":"Centurion and Healer","floor":22,"turns":4},{"damage":13,"enemies":"Book of Stabbing","floor":23,"turns":3},{"damage":0,"enemies":"Shelled Parasite and Fungi","floor":28,"turns":3},{"damage":9,"enemies":"Cultist and Chosen","floor":30,"turns":3},{"damage":25,"enemies":"Champ","floor":33,"turns":6},{"damage":27,"enemies":"Orb Walker","floor":35,"turns":3},{"damage":12,"enemies":"Mind Bloom Boss Battle","floor":38,"turns":4},{"damage":34,"enemies":"3 Darklings","floor":39,"turns":3},{"damage":26,"enemies":"Reptomancer","floor":40,"turns":2},{"damage":12,"enemies":"Writhing Mass","floor":42,"turns":3},{"damage":17,"enemies":"2 Orb Walkers","floor":44,"turns":3},{"damage":33,"enemies":"4 Shapes","floor":48,"turns":3},{"damage":25,"enemies":"Awakened One","floor":50,"turns":3}],"seed_played":"2940461889059798981","potions_obtained":[{"floor":1,"key":"Fruit Juice"},{"floor":12,"key":"Block Potion"},{"floor":13,"key":"Regen Potion"},{"floor":14,"key":"Regen Potion"},{"floor":18,"key":"AttackPotion"},{"floor":22,"key":"BloodPotion"},{"floor":28,"key":"LiquidBronze"},{"floor":38,"key":"SkillPotion"},{"floor":40,"key":"Dexterity Potion"}],"is_trial":false,"path_per_floor":["M","M","$","M","M","R","E","R","T","R","?","M","M","E","R","B",null,"M","M","?","M","M","E","R","$","T","R","M","$","M","$","R","B",null,"M","?","?","?","M","E","R","M","T","?","R","$","?","M","R","B",null],"character_chosen":"IRONCLAD","items_purchased":["Dead Branch","Havoc","Letter Opener","Brimstone","Ancient Tea Set","Pantograph"],"campfire_rested":4,"item_purchase_floors":[3,3,25,46,46,46],"current_hp_per_floor":[76,71,71,68,50,50,35,35,35,35,35,42,46,47,47,25,67,65,81,81,68,27,29,29,29,29,29,38,38,38,38,64,48,79,61,61,61,58,33,16,43,40,40,32,60,60,60,36,64,73],"gold":28,"neow_bonus":"TWO_FIFTY_GOLD","is_prod":false,"is_daily":false,"chose_seed":true,"campfire_upgraded":6,"win_rate":0,"timestamp":1548993485,"path_taken":["M","M","$","M","M","R","E","R","T","R","?","M","M","E","R","BOSS","M","M","?","M","M","E","R","$","T","R","M","$","M","?","R","BOSS","M","?","?","?","?","E","R","M","T","?","R","$","?","M","R","BOSS"],"build_version":"2019-01-23","purchased_purges":2,"victory":true,"max_hp_per_floor":[77,77,77,77,77,77,77,77,77,77,77,78,79,80,80,81,81,82,83,83,84,85,86,86,86,86,86,87,87,88,88,88,89,89,90,90,90,91,92,93,93,94,94,95,95,95,95,96,96,97],"card_choices":[{"not_picked":["Pommel Strike","Twin Strike"],"picked":"Fire Breathing","floor":1},{"not_picked":["Twin Strike","Warcry"],"picked":"Armaments","floor":2},{"not_picked":["Dual Wield","Flex"],"picked":"Feel No Pain","floor":4},{"not_picked":["Anger","Reckless Charge"],"picked":"Seeing Red","floor":5},{"not_picked":["Thunderclap","Pommel Strike"],"picked":"Havoc","floor":7},{"not_picked":["Ghostly Armor","Iron Wave"],"picked":"Corruption","floor":12},{"not_picked":["Iron Wave","Thunderclap"],"picked":"Disarm","floor":13},{"not_picked":["Double Tap","Evolve"],"picked":"Berserk","floor":14},{"not_picked":["Reaper","Bludgeon"],"picked":"Dark Embrace","floor":16},{"not_picked":["Combust","Rupture+1"],"picked":"Shrug It Off","floor":18},{"not_picked":["Flame Barrier","Battle Trance"],"picked":"Warcry+1","floor":19},{"not_picked":["Pommel Strike","Bloodletting"],"picked":"Offering","floor":21},{"not_picked":["Sever Soul","Inflame","Pommel Strike"],"picked":"SKIP","floor":22},{"not_picked":["Dropkick","Uppercut+1","Body Slam"],"picked":"SKIP","floor":23},{"not_picked":["Rupture","Spot Weakness","Burning Pact"],"picked":"SKIP","floor":28},{"not_picked":["Flex","Havoc","Perfected Strike"],"picked":"SKIP","floor":30},{"not_picked":["Impervious","Immolate"],"picked":"Barricade","floor":33},{"not_picked":["Perfected Strike+1","Thunderclap","Warcry"],"picked":"SKIP","floor":35},{"not_picked":["HandOfGreed","Forethought"],"picked":"Apotheosis","floor":36},{"not_picked":["Feel No Pain","Dropkick+1","True Grit"],"picked":"SKIP","floor":39},{"not_picked":["Intimidate","Sword Boomerang","Power Through+1"],"picked":"SKIP","floor":40},{"not_picked":["Warcry+1","Ghostly Armor","Carnage"],"picked":"SKIP","floor":42},{"not_picked":["Headbutt","Warcry"],"picked":"True Grit+1","floor":48}],"player_experience":256419,"relics_obtained":[{"floor":7,"key":"Bottled Tornado"},{"floor":9,"key":"Dodecahedron"},{"floor":14,"key":"Art of War"},{"floor":23,"key":"Blood Vial"},{"floor":26,"key":"Blue Candle"},{"floor":38,"key":"Old Coin"},{"floor":40,"key":"Oddly Smooth Stone"},{"floor":43,"key":"Shuriken"},{"floor":44,"key":"Incense Burner"}],"event_choices":[{"damage_healed":0,"gold_gain":0,"player_choice":"Trade","damage_taken":0,"relics_obtained":["FaceOfCleric"],"max_hp_gain":0,"max_hp_loss":0,"event_name":"FaceTrader","floor":11,"gold_loss":0},{"damage_healed":0,"gold_gain":0,"player_choice":"Rummage","damage_taken":0,"relics_obtained":["WarpedTongs"],"max_hp_gain":0,"max_hp_loss":0,"event_name":"Accursed Blacksmith","floor":20,"gold_loss":0,"cards_obtained":["Pain"]},{"damage_healed":0,"gold_gain":0,"player_choice":"Memory 1","damage_taken":0,"max_hp_gain":0,"max_hp_loss":0,"event_name":"SensoryStone","floor":36,"gold_loss":0},{"cards_removed":["Strike_R"],"damage_healed":0,"gold_gain":0,"player_choice":"Removed Attack","damage_taken":0,"max_hp_gain":0,"max_hp_loss":0,"event_name":"Falling","floor":37,"gold_loss":0},{"damage_healed":0,"gold_gain":0,"player_choice":"Fight","damage_taken":0,"max_hp_gain":0,"max_hp_loss":0,"event_name":"MindBloom","floor":38,"gold_loss":0},{"damage_healed":0,"gold_gain":0,"player_choice":"Fight","damage_taken":0,"max_hp_gain":0,"max_hp_loss":0,"event_name":"Mysterious Sphere","floor":44,"gold_loss":0},{"damage_healed":0,"gold_gain":0,"player_choice":"Ignored","damage_taken":0,"max_hp_gain":0,"max_hp_loss":0,"event_name":"SecretPortal","floor":47,"gold_loss":0}],"is_beta":false,"boss_relics":[{"not_picked":["Lizard Tail","Runic Cube"],"picked":"Philosopher\u0027s Stone"},{"not_picked":["Runic Dome","Runic Pyramid"],"picked":"Orrery"}],"items_purged_floors":[25,46],"is_endless":false,"potions_floor_spawned":[1,12,13,14,18,22,28,38,40],"ascension_level":5}