{"gold_per_floor":[110,125,142,172,172,197,197,211,211,245,58,71,24,24,24,24],"floor_reached":16,"playtime":421,"items_purged":["Strike_G"],"score":127,"play_id":"db5b7e11-6964-4bd1-9d14-92638e5f99e5","local_time":"20190111001723","is_ascension_mode":true,"campfire_choices":[{"floor":7.0,"key":"REST"},{"floor":15,"key":"REST"}],"neow_cost":"NONE","seed_source_timestamp":49474950611876,"circlet_count":0,"master_deck":["Defend_G","Defend_G","Defend_G","Defend_G","Defend_G","Strike_G","Strike_G","Strike_G","Strike_G","Survivor","Neutralize","Cloak And Dagger","Riddle With Holes","Backflip","Infinite Blades","Blur","Footwork","PiercingWail"],"special_seed":0,"relics":["Ring of the Snake","Vajra","Tiny Chest","Ornamental Fan","Omamori","Kunai","Matryoshka"],"potions_floor_usage":[12,16],"damage_taken":[{"damage":2.0,"enemies":"2 Louse","floor":1.0,"turns":2.0},{"damage":1.0,"enemies":"Jaw Worm","floor":2.0,"turns":4.0},{"damage":0.0,"enemies":"Cultist","floor":3.0,"turns":4.0},{"damage":48.0,"enemies":"Lagavulin","floor":6.0,"turns":7.0},{"damage":10.0,"enemies":"Gremlin Gang","floor":8.0,"turns":5.0},{"damage":25.0,"enemies":"Gremlin Nob","floor":10.0,"turns":4.0},{"damage":0,"enemies":"3 Louse","floor":12,"turns":5},{"damage":26,"enemies":"The Guardian","floor":16,"turns":2}],"seed_played":"5382189599780642534","potions_obtained":[{"floor":3.0,"key":"SpeedPotion"},{"floor":6.0,"key":"GamblersBrew"},{"floor":8.0,"key":"Ancient Potion"}],"is_trial":false,"path_per_floor":["M","M","M","?","?","E","R","M","T","E","$","M","$","T","R","B"],"character_chosen":"THE_SILENT","items_purchased":["Infinite Blades","Blur","PiercingWail"],"campfire_rested":2,"item_purchase_floors":[11,11,13],"current_hp_per_floor":[68,67,67,64,64,16,37,27,27,2,2,2,2,2,23,0],"gold":24,"neow_bonus":"RANDOM_COMMON_RELIC","is_prod":false,"is_daily":false,"chose_seed":false,"campfire_upgraded":0,"win_rate":0,"timestamp":1547133443,"path_taken":["M","M","M","?","?","E","R","M","T","E","$","M","$","?","R","BOSS"],"build_version":"2019-01-03v4","purchased_purges":1,"victory":false,"max_hp_per_floor":[70,70,70,70,70,70,70,70,70,70,70,70,70,70,70,70],"card_choices":[{"not_picked":["Skewer","Infinite Blades"],"picked":"Cloak And Dagger","floor":1.0},{"not_picked":["Footwork","Dagger Throw"],"picked":"Riddle With Holes","floor":2.0},{"not_picked":["Sucker Punch","Tools of the Trade","Underhanded Strike"],"picked":"SKIP","floor":3.0},{"not_picked":["Underhanded Strike","Masterful Stab","Quick Slash"],"picked":"SKIP","floor":6.0},{"not_picked":["Slice","Dagger Throw","Underhanded Strike"],"picked":"SKIP","floor":8.0},{"not_picked":["Quick Slash","Deflect"],"picked":"Backflip","floor":10.0},{"not_picked":["Escape Plan","Riddle With Holes"],"picked":"Footwork","floor":12}],"player_experience":201998,"relics_obtained":[{"floor":6.0,"key":"Ornamental Fan"},{"floor":9.0,"key":"Omamori"},{"floor":10.0,"key":"Kunai"},{"floor":14,"key":"Matryoshka"}],"event_choices":[{"damage_healed":0.0,"max_hp_gain":0.0,"max_hp_loss":0.0,"gold_gain":0.0,"event_name":"Scrap Ooze","player_choice":"Success","floor":4.0,"gold_loss":0.0,"damage_taken":3.0,"relics_obtained":["Tiny Chest"]},{"damage_healed":0.0,"max_hp_gain":0.0,"max_hp_loss":0.0,"gold_gain":0.0,"event_name":"Shining Light","player_choice":"Ignored","floor":5.0,"gold_loss":0.0,"damage_taken":0.0}],"is_beta":false,"boss_relics":[],"items_purged_floors":[11],"is_endless":false,"potions_floor_spawned":[3,6,8],"killed_by":"The Guardian","ascension_level":3}