{"gold_per_floor":[110,125,136,136,61,61,75,75,75,65,83,83,83,83,83,83],"floor_reached":16,"playtime":366,"items_purged":["Regret"],"score":161,"play_id":"dc17ab26-4ce6-4432-9b81-a4f4f8f3cbbc","local_time":"20190125132239","is_ascension_mode":true,"campfire_choices":[{"data":"Strike_R","floor":6,"key":"PURGE"},{"data":"Strike_R","floor":8,"key":"PURGE"},{"data":"Bash","floor":12,"key":"SMITH"},{"data":"Defend_R","floor":15,"key":"PURGE"}],"neow_cost":"CURSE","seed_source_timestamp":651655692205525,"circlet_count":0,"master_deck":["AscendersBane","Strike_R","Strike_R","Strike_R","Defend_R","Defend_R","Defend_R","Bash+1","Clumsy","Warcry"],"relics":["Burning Blood","Peace Pipe","Self Forming Clay"],"potions_floor_usage":[7,16],"damage_taken":[{"damage":6,"enemies":"Cultist","floor":1,"turns":3},{"damage":9,"enemies":"Jaw Worm","floor":2,"turns":4},{"damage":4,"enemies":"Small Slimes","floor":3,"turns":4},{"damage":1,"enemies":"3 Louse","floor":7,"turns":2},{"damage":36,"enemies":"Exordium Thugs","floor":10,"turns":7},{"damage":7,"enemies":"2 Fungi Beasts","floor":11,"turns":5},{"damage":49,"enemies":"Slime Boss","floor":16,"turns":7}],"seed_played":"-5269700844381649030","potions_obtained":[{"floor":2,"key":"EssenceOfSteel"},{"floor":3,"key":"Explosive Potion"}],"is_trial":false,"path_per_floor":["M","M","M","?","$","R","M","R","T","M","M","R","?","?","R","B"],"character_chosen":"IRONCLAD","items_purchased":[],"campfire_rested":0,"item_purchase_floors":[],"current_hp_per_floor":[68,65,67,67,67,67,72,72,72,42,41,41,41,41,41,0],"gold":83,"neow_bonus":"ONE_RARE_RELIC","is_prod":false,"is_daily":false,"chose_seed":false,"campfire_upgraded":1,"win_rate":0,"timestamp":1548440559,"path_taken":["M","?","M","?","$","R","M","R","T","M","M","R","?","?","R","BOSS"],"build_version":"2019-01-23","purchased_purges":1,"victory":false,"max_hp_per_floor":[75,75,75,75,75,75,75,75,75,75,75,75,75,75,75,75],"card_choices":[{"not_picked":["Power Through","Cleave","Clash"],"picked":"SKIP","floor":1},{"not_picked":["Hemokinesis","Wild Strike","Perfected Strike"],"picked":"SKIP","floor":2},{"not_picked":["Thunderclap","Carnage"],"picked":"Warcry","floor":3},{"not_picked":["Iron Wave","Havoc","Bloodletting"],"picked":"SKIP","floor":7},{"not_picked":["Warcry","Searing Blow","Perfected Strike"],"picked":"SKIP","floor":10},{"not_picked":["Limit Break","Reckless Charge","Wild Strike"],"picked":"SKIP","floor":11}],"player_experience":439744,"relics_obtained":[],"event_choices":[{"damage_healed":0,"gold_gain":0,"player_choice":"Box","damage_taken":0,"relics_obtained":["Self Forming Clay"],"max_hp_gain":0,"max_hp_loss":0,"event_name":"Big Fish","floor":4,"gold_loss":0,"cards_obtained":["Regret"]},{"damage_healed":0,"gold_gain":0,"player_choice":"Searched \u00270\u0027 times","damage_taken":0,"max_hp_gain":0,"max_hp_loss":0,"event_name":"Dead Adventurer","floor":13,"gold_loss":0},{"damage_healed":0,"gold_gain":0,"player_choice":"Fled","damage_taken":0,"max_hp_gain":0,"max_hp_loss":0,"event_name":"Scrap Ooze","floor":14,"gold_loss":0}],"is_beta":false,"boss_relics":[],"items_purged_floors":[5],"is_endless":false,"potions_floor_spawned":[2,3],"killed_by":"Slime Boss","ascension_level":15}