{"gold_per_floor":[119,134,134,134,150,150,170,183,208,221,221,240,240,205,205,276,276,276],"floor_reached":18,"playtime":1058,"items_purged":[],"score":270,"play_id":"0c512d21-27d8-435d-96b9-81ede23ebcfe","local_time":"20190226085028","is_ascension_mode":true,"campfire_choices":[{"data":"Armaments","floor":6,"key":"SMITH"},{"data":"True Grit","floor":13,"key":"SMITH"},{"data":"Barricade","floor":15,"key":"SMITH"}],"neow_cost":"TEN_PERCENT_HP_LOSS","seed_source_timestamp":521108185881895,"circlet_count":0,"master_deck":["AscendersBane","Strike_R","Strike_R","Strike_R","Strike_R","Defend_R","Defend_R","Defend_R","Defend_R","Bash","Barricade+1","True Grit+1","Armaments+1","Shrug It Off","Iron Wave","Impervious"],"special_seed":0,"relics":["Black Blood","Lantern","Strawberry","Centennial Puzzle"],"potions_floor_usage":[10,16,16],"damage_taken":[{"damage":7.0,"enemies":"2 Louse","floor":1.0,"turns":3.0},{"damage":26.0,"enemies":"Small Slimes","floor":2.0,"turns":5.0},{"damage":9,"enemies":"Jaw Worm","floor":5,"turns":4},{"damage":10,"enemies":"Looter","floor":7,"turns":4},{"damage":8,"enemies":"Blue Slaver","floor":8,"turns":7},{"damage":3,"enemies":"Large Slime","floor":10,"turns":9},{"damage":7,"enemies":"Lots of Slimes","floor":12,"turns":12},{"damage":21,"enemies":"Hexaghost","floor":16,"turns":16},{"damage":68,"enemies":"3 Byrds","floor":18,"turns":8}],"seed_played":"421195518186509838","potions_obtained":[{"floor":5,"key":"Dexterity Potion"},{"floor":7,"key":"Fire Potion"},{"floor":12,"key":"Poison Potion"}],"is_trial":false,"path_per_floor":["M","M","?","?","M","R","M","M","T","M","?","M","R","?","R","B",null,"M"],"character_chosen":"IRONCLAD","items_purchased":[],"campfire_rested":0,"item_purchase_floors":[],"current_hp_per_floor":[67,47,40,22,19,19,15,13,20,23,23,22,22,40,40,25,63,0],"gold":276,"neow_bonus":"THREE_RARE_CARDS","is_prod":false,"is_daily":false,"chose_seed":false,"campfire_upgraded":3,"win_rate":0,"timestamp":1551199828,"path_taken":["M","M","?","?","M","R","M","M","T","M","?","M","R","?","R","BOSS","M"],"build_version":"2019-01-23","purchased_purges":0,"victory":false,"max_hp_per_floor":[68,68,68,68,68,68,68,68,75,75,75,75,75,75,75,75,75,75],"card_choices":[{"not_picked":["Brutality","Reaper"],"picked":"Barricade","floor":0.0},{"not_picked":["Iron Wave","Fire Breathing"],"picked":"True Grit","floor":1.0},{"not_picked":["True Grit","Sword Boomerang","Cleave"],"picked":"SKIP","floor":2.0},{"not_picked":["Perfected Strike","Rupture"],"picked":"Armaments","floor":5},{"not_picked":["Sentinel","Rampage","Twin Strike"],"picked":"SKIP","floor":7},{"not_picked":["Cleave","Armaments"],"picked":"Shrug It Off","floor":8},{"not_picked":["Havoc","Rampage","Anger"],"picked":"SKIP","floor":10},{"not_picked":["Power Through","Double Tap"],"picked":"Iron Wave","floor":12},{"not_picked":["Offering","Reaper"],"picked":"Impervious","floor":16}],"player_experience":528121,"relics_obtained":[{"floor":9,"key":"Strawberry"}],"event_choices":[{"cards_removed":["Strike_R"],"damage_healed":0.0,"max_hp_gain":0.0,"max_hp_loss":0.0,"gold_gain":0.0,"event_name":"Golden Wing","player_choice":"Card Removal","floor":3.0,"gold_loss":0.0,"damage_taken":7.0},{"damage_healed":0.0,"max_hp_gain":0.0,"max_hp_loss":0.0,"gold_gain":0.0,"event_name":"Scrap Ooze","player_choice":"Success","floor":4.0,"gold_loss":0.0,"damage_taken":18.0,"relics_obtained":["Lantern"]},{"damage_healed":0,"gold_gain":0,"player_choice":"Searched \u00272\u0027 times","damage_taken":0,"relics_obtained":["Centennial Puzzle"],"max_hp_gain":0,"max_hp_loss":0,"event_name":"Dead Adventurer","floor":11,"gold_loss":0},{"damage_healed":18,"gold_gain":0,"player_choice":"Healed","damage_taken":0,"max_hp_gain":0,"max_hp_loss":0,"event_name":"The Cleric","floor":14,"gold_loss":35}],"is_beta":false,"boss_relics":[{"not_picked":["Fusion Hammer","Calling Bell"],"picked":"Black Blood"}],"items_purged_floors":[],"is_endless":false,"potions_floor_spawned":[5,7,12],"killed_by":"3 Byrds","ascension_level":15}