{"gold_per_floor":[110,128,53,53,63,91,21,47,47,99,99,119,148,168,168,244,294,305,305,154,172,191,226,226,239,294,294,294,314,314,332,332,332],"floor_reached":33,"playtime":1380,"items_purged":["Strike_B","Strike_B"],"score":590,"play_id":"e738d330-c264-4132-908b-2c0b83c1ce01","local_time":"20190211173548","is_ascension_mode":true,"campfire_choices":[{"floor":11.0,"key":"REST"},{"data":"Defragment","floor":15.0,"key":"SMITH"},{"floor":24,"key":"REST"},{"data":"Fission","floor":27,"key":"SMITH"},{"data":"Redo","floor":30,"key":"SMITH"},{"floor":32,"key":"REST"}],"neow_cost":"NONE","seed_source_timestamp":30707417730777,"circlet_count":0,"master_deck":["AscendersBane","Strike_B+1","Strike_B","Defend_B","Defend_B","Defend_B","Defend_B","Zap","Dualcast","Streamline","Self Repair","BootSequence","Defragment+1","Cold Snap","Lockon","Auto Shields","Hologram","Fission+1","Darkness","Redo+1","Leap","Self Repair+1","Seek","Leap"],"special_seed":0,"relics":["Cracked Core","NeowsBlessing","Bag of Preparation","Ice Cream","Cables","Bronze Scales","Molten Egg 2","Tiny House","Omamori","Potion Belt"],"potions_floor_usage":[23,33],"damage_taken":[{"damage":0.0,"enemies":"Cultist","floor":1.0,"turns":1.0},{"damage":0.0,"enemies":"Jaw Worm","floor":2.0,"turns":1.0},{"damage":0.0,"enemies":"2 Louse","floor":5.0,"turns":1.0},{"damage":32.0,"enemies":"Gremlin Nob","floor":6.0,"turns":4.0},{"damage":20.0,"enemies":"3 Sentries","floor":8.0,"turns":8.0},{"damage":0.0,"enemies":"Blue Slaver","floor":12.0,"turns":3.0},{"damage":24.0,"enemies":"Gremlin Nob","floor":13.0,"turns":4.0},{"damage":10.0,"enemies":"Large Slime","floor":14.0,"turns":4.0},{"damage":0.0,"enemies":"Slime Boss","floor":16.0,"turns":7.0},{"damage":10.0,"enemies":"Chosen","floor":18.0,"turns":5.0},{"damage":9.0,"enemies":"Shell Parasite","floor":21.0,"turns":4.0},{"damage":9.0,"enemies":"Cultist and Chosen","floor":22.0,"turns":7.0},{"damage":59,"enemies":"Gremlin Leader","floor":23,"turns":10},{"damage":19,"enemies":"Snake Plant","floor":25,"turns":4},{"damage":26,"enemies":"Colosseum Slavers","floor":28,"turns":6},{"damage":21,"enemies":"Shelled Parasite and Fungi","floor":29,"turns":5},{"damage":27,"enemies":"3 Cultists","floor":31,"turns":6},{"damage":85,"enemies":"Collector","floor":33,"turns":8}],"seed_played":"-8705289861909254008","potions_obtained":[{"floor":1.0,"key":"Dexterity Potion"},{"floor":2.0,"key":"AttackPotion"},{"floor":8.0,"key":"Fruit Juice"},{"floor":12.0,"key":"Block Potion"},{"floor":23,"key":"Poison Potion"},{"floor":29,"key":"Strength Potion"}],"is_trial":false,"path_per_floor":["M","M","$","?","M","E","$","E","T","T","R","M","E","M","R","B",null,"M","?","$","M","M","E","R","M","T","R","?","M","R","M","R","B"],"character_chosen":"DEFECT","items_purchased":["Defragment","Leap"],"campfire_rested":3,"item_purchase_floors":[7,20],"current_hp_per_floor":[64,64,64,64,64,39,39,31,31,31,53,60,43,40,40,47,74,71,71,71,69,77,35,59,57,57,57,48,44,44,34,58,0],"gold":332,"neow_bonus":"THREE_ENEMY_KILL","is_prod":false,"is_daily":false,"chose_seed":false,"campfire_upgraded":3,"win_rate":0,"timestamp":1549874148,"path_taken":["M","?","$","?","M","E","$","E","T","?","R","M","E","M","R","BOSS","M","?","?","M","M","E","R","M","T","R","?","?","R","M","R","BOSS"],"build_version":"2019-01-23","purchased_purges":2,"victory":false,"max_hp_per_floor":[71,71,71,71,71,71,71,76,76,76,76,76,76,76,76,76,81,81,81,81,81,81,81,81,81,81,81,81,81,81,81,81,81],"card_choices":[{"not_picked":["Recycle","Beam Cell"],"picked":"Streamline","floor":1.0},{"not_picked":["Sweeping Beam","Go for the Eyes"],"picked":"Self Repair","floor":2.0},{"not_picked":["Reinforced Body","Sweeping Beam"],"picked":"BootSequence","floor":5.0},{"not_picked":["Beam Cell","Sweeping Beam","Compile Driver"],"picked":"SKIP","floor":6.0},{"not_picked":["Buffer","Melter"],"picked":"Cold Snap","floor":8.0},{"not_picked":["Ball Lightning","Double Energy"],"picked":"Lockon","floor":12.0},{"not_picked":["Heatsinks","Scrape"],"picked":"Auto Shields","floor":13.0},{"not_picked":["Aggregate","Turbo"],"picked":"Hologram","floor":14.0},{"not_picked":["Meteor Strike+1","Thunder Strike+1"],"picked":"Fission","floor":16.0},{"not_picked":["Coolheaded","Storm"],"picked":"Darkness","floor":17.0},{"not_picked":["Ball Lightning+1","Gash+1"],"picked":"Redo","floor":18.0},{"not_picked":["Melter+1","Reprogram"],"picked":"Self Repair+1","floor":21.0},{"not_picked":["Rebound+1","Aggregate","Streamline+1"],"picked":"SKIP","floor":22.0},{"not_picked":["Rebound+1","Lockon+1"],"picked":"Seek","floor":23},{"not_picked":["Beam Cell+1","Barrage+1","Chaos"],"picked":"SKIP","floor":25},{"not_picked":["Beam Cell+1","Barrage+1","Rebound+1"],"picked":"SKIP","floor":29},{"not_picked":["Double Energy","Melter+1"],"picked":"Leap","floor":31}],"player_experience":340038,"relics_obtained":[{"floor":6.0,"key":"Bag of Preparation"},{"floor":8.0,"key":"Ice Cream"},{"floor":9.0,"key":"Cables"},{"floor":10.0,"key":"Bronze Scales"},{"floor":13.0,"key":"Molten Egg 2"},{"floor":23,"key":"Omamori"},{"floor":26,"key":"Potion Belt"}],"event_choices":[{"damage_healed":0.0,"max_hp_gain":0.0,"max_hp_loss":0.0,"gold_gain":0.0,"event_name":"Golden Idol","player_choice":"Ignored","floor":4.0,"gold_loss":0.0,"damage_taken":0.0},{"damage_healed":0.0,"max_hp_gain":0.0,"max_hp_loss":0.0,"gold_gain":0.0,"event_name":"Vampires","player_choice":"Ignored","floor":19.0,"gold_loss":0.0,"damage_taken":0.0},{"damage_healed":0,"gold_gain":0,"player_choice":"Fight","damage_taken":0,"max_hp_gain":0,"max_hp_loss":0,"event_name":"Colosseum","floor":28,"gold_loss":0},{"damage_healed":0,"gold_gain":0,"player_choice":"Fled From Nobs","damage_taken":0,"max_hp_gain":0,"max_hp_loss":0,"event_name":"Colosseum","floor":28,"gold_loss":0}],"is_beta":false,"boss_relics":[{"not_picked":["Runic Pyramid","Busted Crown"],"picked":"Tiny House"}],"items_purged_floors":[3,20],"is_endless":false,"potions_floor_spawned":[1,2,8,12,16,23,28,29],"killed_by":"Collector","ascension_level":15}