{"gold_per_floor":[117,67,80,92,14,14,47,47,47,72,147,147,0,0,0,100,100,117,131,151,151,165,183,183,4,4,103,121,140,140,159,159,159],"floor_reached":33,"playtime":1478,"items_purged":["Strike_G","Strike_G"],"score":371,"play_id":"c067484f-1179-4f8d-b1ef-c9570e431014","local_time":"20190127223744","is_ascension_mode":true,"campfire_choices":[{"data":"Infinite Blades","floor":6,"key":"SMITH"},{"data":"Infinite Blades","floor":8,"key":"SMITH"},{"data":"Neutralize","floor":12,"key":"SMITH"},{"data":"Choke","floor":15,"key":"SMITH"},{"floor":24,"key":"REST"},{"floor":30,"key":"REST"},{"floor":32,"key":"REST"}],"neow_cost":"TEN_PERCENT_HP_LOSS","seed_source_timestamp":856677166903154,"circlet_count":0,"master_deck":["Defend_G","Defend_G","Defend_G","Defend_G","Defend_G","Survivor","Neutralize+1","Unload","Outmaneuver","Dagger Spray","Infinite Blades+1","Prepared","Infinite Blades+1","Tactician","Acrobatics","Choke+1","A Thousand Cuts","Choke","Calculated Gamble+1","Flying Knee","Escape Plan","Deflect","Caltrops","Injury","Deflect+1","Caltrops","Acrobatics+1"],"relics":["Ring of the Snake","Blue Candle","Ninja Scroll","Odd Mushroom","Pantograph","Cursed Key","Toxic Egg 2"],"potions_floor_usage":[7,20,22,28,29,29,29,33,33,33],"damage_taken":[{"damage":2,"enemies":"Jaw Worm","floor":1,"turns":3},{"damage":4,"enemies":"2 Louse","floor":3,"turns":2},{"damage":2,"enemies":"Small Slimes","floor":4,"turns":4},{"damage":7,"enemies":"Lagavulin","floor":7,"turns":7},{"damage":4,"enemies":"The Mushroom Lair","floor":10,"turns":3},{"damage":0,"enemies":"Slime Boss","floor":16,"turns":7},{"damage":7,"enemies":"Chosen","floor":18,"turns":3},{"damage":0,"enemies":"3 Byrds","floor":19,"turns":3},{"damage":21,"enemies":"Centurion and Healer","floor":20,"turns":3},{"damage":24,"enemies":"Shelled Parasite and Fungi","floor":22,"turns":5},{"damage":15,"enemies":"Snake Plant","floor":23,"turns":3},{"damage":2,"enemies":"Sentry and Sphere","floor":28,"turns":4},{"damage":23,"enemies":"Shelled Parasite and Fungi","floor":29,"turns":3},{"damage":13,"enemies":"Centurion and Healer","floor":31,"turns":6},{"damage":56,"enemies":"Champ","floor":33,"turns":8}],"seed_played":"-5028809674599239842","potions_obtained":[{"floor":4,"key":"Strength Potion"},{"floor":7,"key":"LiquidBronze"},{"floor":18,"key":"SteroidPotion"},{"floor":22,"key":"GhostInAJar"},{"floor":23,"key":"Strength Potion"},{"floor":28,"key":"EntropicBrew"},{"floor":31,"key":"PowerPotion"}],"is_trial":false,"path_per_floor":["M","?","M","M","$","R","E","R","T","?","?","R","$","?","R","B",null,"M","M","M","?","M","M","R","$","T","?","M","M","R","M","R","B"],"character_chosen":"THE_SILENT","items_purchased":["Infinite Blades","Choke","Caltrops"],"campfire_rested":3,"item_purchase_floors":[5,13,25],"current_hp_per_floor":[61,61,57,55,55,55,48,48,48,44,33,33,33,26,26,51,60,53,53,32,53,29,14,32,32,32,32,30,7,25,12,30,0],"gold":159,"neow_bonus":"TRANSFORM_TWO_CARDS","is_prod":false,"is_daily":false,"chose_seed":false,"campfire_upgraded":4,"win_rate":0,"timestamp":1548646664,"path_taken":["M","?","M","M","$","R","E","R","T","?","?","R","$","?","R","BOSS","M","M","M","?","M","M","R","$","T","?","M","M","R","M","R","BOSS"],"build_version":"2019-01-23","purchased_purges":2,"victory":false,"max_hp_per_floor":[63,63,63,63,63,63,63,63,63,63,63,63,63,63,63,63,63,63,63,63,63,63,63,63,63,63,63,63,63,63,63,63,63],"card_choices":[{"not_picked":["Acrobatics","Setup"],"picked":"Dagger Spray","floor":1},{"not_picked":["Accuracy","Underhanded Strike"],"picked":"Infinite Blades","floor":3},{"not_picked":["Outmaneuver","Backflip"],"picked":"Prepared","floor":4},{"not_picked":["Dagger Throw","Masterful Stab"],"picked":"Tactician","floor":7},{"not_picked":["Bane","Corpse Explosion"],"picked":"Acrobatics","floor":10},{"not_picked":["Doppelganger","Grand Finale"],"picked":"A Thousand Cuts","floor":16},{"not_picked":["Cloak And Dagger","Skewer+1"],"picked":"Choke","floor":18},{"not_picked":["Masterful Stab","Dagger Spray"],"picked":"Calculated Gamble+1","floor":19},{"not_picked":["Dagger Spray+1","Bane"],"picked":"Flying Knee","floor":20},{"not_picked":["Dagger Spray","Bullet Time"],"picked":"Escape Plan","floor":22},{"not_picked":["Distraction","Reflex+1"],"picked":"Deflect","floor":23},{"not_picked":["Poisoned Stab","Dagger Spray"],"picked":"Deflect+1","floor":28},{"not_picked":["Underhanded Strike","Prepared+1"],"picked":"Caltrops","floor":29},{"not_picked":["Heel Hook","Quick Slash"],"picked":"Acrobatics+1","floor":31}],"player_experience":512738,"relics_obtained":[{"floor":7,"key":"Blue Candle"},{"floor":9,"key":"Ninja Scroll"},{"floor":10,"key":"Odd Mushroom"},{"floor":26,"key":"Toxic Egg 2"}],"event_choices":[{"cards_removed":["Strike_G"],"damage_healed":0,"gold_gain":0,"player_choice":"Card Removal","damage_taken":0,"max_hp_gain":0,"max_hp_loss":0,"event_name":"The Cleric","floor":2,"gold_loss":50},{"damage_healed":0,"gold_gain":0,"player_choice":"Fought Mushrooms","damage_taken":0,"max_hp_gain":0,"max_hp_loss":0,"event_name":"Mushrooms","floor":10,"gold_loss":0},{"damage_healed":0,"gold_gain":75,"player_choice":"Gather Gold","damage_taken":11,"max_hp_gain":0,"max_hp_loss":0,"event_name":"World of Goop","floor":11,"gold_loss":0},{"damage_healed":0,"gold_gain":0,"player_choice":"Success","damage_taken":7,"relics_obtained":["Pantograph"],"max_hp_gain":0,"max_hp_loss":0,"event_name":"Scrap Ooze","floor":14,"gold_loss":0},{"damage_healed":21,"gold_gain":0,"player_choice":"Heal","damage_taken":0,"max_hp_gain":0,"max_hp_loss":0,"event_name":"The Library","floor":21,"gold_loss":0},{"damage_healed":0,"gold_gain":99,"player_choice":"Stole From Cult","damage_taken":0,"max_hp_gain":0,"max_hp_loss":0,"event_name":"Nest","floor":27,"gold_loss":0}],"is_beta":false,"boss_relics":[{"not_picked":["Pandora\u0027s Box","Orrery"],"picked":"Cursed Key"}],"items_purged_floors":[13,25],"is_endless":false,"potions_floor_spawned":[4,7,18,22,23,28,31],"killed_by":"Champ","ascension_level":5}