{"gold_per_floor":[10,28,28,39,51,51,111,111,111,111,130,149,174,144],"floor_reached":14,"playtime":667,"items_purged":[],"score":103,"play_id":"fdd738e7-1019-4c7d-8e96-8c9d68c461f9","local_time":"20190205214455","is_ascension_mode":true,"campfire_choices":[{"data":"Offering","floor":6,"key":"SMITH"},{"data":"Metallicize","floor":8,"key":"SMITH"}],"neow_cost":"NO_GOLD","seed_source_timestamp":0,"circlet_count":0,"master_deck":["Strike_R","Strike_R","Strike_R","Strike_R+1","Defend_R","Defend_R","Defend_R+1","Defend_R","Bash","Offering+1","Metallicize+1","Rampage","Shrug It Off","Inflame","Barricade","Double Tap","True Grit","Shrug It Off"],"special_seed":0,"relics":["Burning Blood","Question Card","Bottled Flame","Odd Mushroom"],"potions_floor_usage":[],"damage_taken":[{"damage":7,"enemies":"Small Slimes","floor":1,"turns":4},{"damage":6,"enemies":"Cultist","floor":2,"turns":3},{"damage":1,"enemies":"2 Louse","floor":4,"turns":4},{"damage":9,"enemies":"2 Fungi Beasts","floor":5,"turns":3},{"damage":32,"enemies":"3 Sentries","floor":7,"turns":8},{"damage":7,"enemies":"3 Louse","floor":11,"turns":3},{"damage":14,"enemies":"Exordium Wildlife","floor":12,"turns":6},{"damage":23,"enemies":"The Mushroom Lair","floor":13,"turns":6},{"damage":18,"enemies":"Exordium Thugs","floor":14,"turns":2}],"seed_played":"-5993009802997747431","potions_obtained":[{"floor":1,"key":"LiquidBronze"},{"floor":12,"key":"Swift Potion"},{"floor":13,"key":"Ancient Potion"}],"is_trial":false,"path_per_floor":["M","M","?","M","M","R","?","R","T","?","M","M","?","M"],"character_chosen":"IRONCLAD","items_purchased":[],"campfire_rested":0,"item_purchase_floors":[],"current_hp_per_floor":[79,79,63,68,65,65,39,39,39,39,38,30,13,0],"gold":144,"neow_bonus":"THREE_RARE_CARDS","is_prod":false,"is_daily":false,"chose_seed":false,"campfire_upgraded":2,"win_rate":0,"timestamp":1549431895,"path_taken":["M","M","?","M","M","R","?","R","T","?","?","M","?","M"],"build_version":"2019-01-23","purchased_purges":0,"victory":false,"max_hp_per_floor":[80,80,80,80,80,80,80,80,80,80,80,80,80,80],"card_choices":[{"not_picked":["Fiend Fire","Barricade"],"picked":"Offering","floor":0},{"not_picked":["Rampage","Anger"],"picked":"Metallicize","floor":1},{"not_picked":["True Grit","Sword Boomerang"],"picked":"Rampage","floor":2},{"not_picked":["Twin Strike","Wild Strike"],"picked":"Shrug It Off","floor":4},{"not_picked":["Sword Boomerang","Rampage"],"picked":"Inflame","floor":5},{"not_picked":["Clash","Sword Boomerang"],"picked":"Barricade","floor":7},{"not_picked":["Havoc","Anger","Searing Blow"],"picked":"True Grit","floor":11},{"not_picked":["Second Wind","Thunderclap","Sword Boomerang","Intimidate"],"picked":"SKIP","floor":12},{"not_picked":["Anger","Twin Strike","Wild Strike"],"picked":"Shrug It Off","floor":13}],"player_experience":273262,"relics_obtained":[{"floor":7,"key":"Question Card"},{"floor":9,"key":"Bottled Flame"},{"floor":13,"key":"Odd Mushroom"}],"event_choices":[{"damage_healed":0,"gold_gain":0,"player_choice":"Entered Light","damage_taken":16,"max_hp_gain":0,"max_hp_loss":0,"event_name":"Shining Light","floor":3,"gold_loss":0,"cards_upgraded":["Strike_R","Defend_R"]},{"damage_healed":0,"gold_gain":0,"player_choice":"Searched \u00272\u0027 times","damage_taken":0,"max_hp_gain":0,"max_hp_loss":0,"event_name":"Dead Adventurer","floor":7,"gold_loss":0},{"damage_healed":0,"gold_gain":0,"cards_transformed":["Strike_R"],"player_choice":"Transformed","damage_taken":0,"max_hp_gain":0,"max_hp_loss":0,"event_name":"Transmorgrifier","floor":10,"gold_loss":0,"cards_obtained":["Double Tap"]},{"damage_healed":0,"gold_gain":0,"player_choice":"Fought Mushrooms","damage_taken":0,"max_hp_gain":0,"max_hp_loss":0,"event_name":"Mushrooms","floor":13,"gold_loss":0}],"is_beta":false,"boss_relics":[],"items_purged_floors":[],"is_endless":false,"potions_floor_spawned":[1,12,13],"killed_by":"Exordium Thugs","ascension_level":5}