{"gold_per_floor":[113,113,133,149,224,224,235,252,252,266,266,291,291,319,319,319],"floor_reached":16,"playtime":533,"items_purged":[],"score":151,"play_id":"0303ff91-24f3-4537-9278-ad997899bf2e","local_time":"20190205211036","is_ascension_mode":true,"campfire_choices":[{"floor":6,"key":"REST"},{"floor":11,"key":"REST"},{"floor":15,"key":"REST"}],"neow_cost":"NONE","seed_source_timestamp":24770529026723,"circlet_count":0,"master_deck":["Strike_B","Strike_B","Strike_B","Strike_B","Defend_B","Defend_B","Defend_B","Defend_B","Zap","Dualcast","Gash","Genetic Algorithm","Steam","Sweeping Beam","Beam Cell","Hologram","Go for the Eyes","Self Repair"],"relics":["Cracked Core","Bottled Flame","Mercury Hourglass","The Courier"],"potions_floor_usage":[14],"damage_taken":[{"damage":16,"enemies":"Small Slimes","floor":1,"turns":5},{"damage":2,"enemies":"2 Louse","floor":3,"turns":2},{"damage":2,"enemies":"Jaw Worm","floor":4,"turns":3},{"damage":2,"enemies":"Blue Slaver","floor":7,"turns":3},{"damage":7,"enemies":"Large Slime","floor":8,"turns":5},{"damage":22,"enemies":"Gremlin Gang","floor":10,"turns":4},{"damage":39,"enemies":"Gremlin Nob","floor":12,"turns":5},{"damage":11,"enemies":"Lagavulin","floor":14,"turns":5},{"damage":42,"enemies":"The Guardian","floor":16,"turns":7}],"seed_played":"-8851035222579660784","potions_obtained":[{"floor":1,"key":"Ancient Potion"},{"floor":8,"key":"SpeedPotion"},{"floor":12,"key":"EssenceOfSteel"}],"is_trial":false,"path_per_floor":["M","?","M","M","?","R","M","M","T","M","R","E","?","E","R","B"],"character_chosen":"DEFECT","items_purchased":[],"campfire_rested":3,"item_purchase_floors":[],"current_hp_per_floor":[59,59,57,55,44,68,66,59,59,37,61,22,22,11,35,0],"gold":319,"neow_bonus":"TEN_PERCENT_HP_BONUS","is_prod":false,"is_daily":false,"chose_seed":false,"campfire_upgraded":0,"win_rate":0,"timestamp":1549368636,"path_taken":["M","?","M","M","?","R","M","M","T","M","R","E","?","E","R","BOSS"],"build_version":"2019-01-23","purchased_purges":0,"victory":false,"max_hp_per_floor":[82,82,82,82,82,82,82,82,82,82,82,82,82,82,82,82],"card_choices":[{"not_picked":["Compile Driver","Conserve Battery"],"picked":"Gash","floor":1},{"not_picked":["Stack","Rebound"],"picked":"Genetic Algorithm","floor":3},{"not_picked":["Compile Driver","Tempest"],"picked":"Steam","floor":4},{"not_picked":["Tempest","Scrape"],"picked":"Sweeping Beam","floor":7},{"not_picked":["Go for the Eyes","Steam Power"],"picked":"Beam Cell","floor":8},{"not_picked":["Steam Power","Barrage"],"picked":"Hologram","floor":10},{"not_picked":["Machine Learning","Compile Driver"],"picked":"Go for the Eyes","floor":12},{"not_picked":["Genetic Algorithm","Stack"],"picked":"Self Repair","floor":14}],"player_experience":267096,"relics_obtained":[{"floor":9,"key":"Bottled Flame"},{"floor":12,"key":"Mercury Hourglass"},{"floor":14,"key":"The Courier"}],"event_choices":[{"damage_healed":0,"gold_gain":0,"player_choice":"Ignored","damage_taken":0,"max_hp_gain":0,"max_hp_loss":0,"event_name":"Liars Game","floor":2,"gold_loss":0},{"damage_healed":0,"gold_gain":75,"player_choice":"Gather Gold","damage_taken":11,"max_hp_gain":0,"max_hp_loss":0,"event_name":"World of Goop","floor":5,"gold_loss":0},{"damage_healed":0,"gold_gain":0,"player_choice":"Ignored","damage_taken":0,"max_hp_gain":0,"max_hp_loss":0,"event_name":"Golden Idol","floor":13,"gold_loss":0}],"is_beta":false,"boss_relics":[],"items_purged_floors":[],"is_endless":false,"potions_floor_spawned":[1,8,12],"killed_by":"The Guardian","ascension_level":7}