{"gold_per_floor":[112,112,125,300,300,300,310,310,310,328,359,61,336,347,347,450,450,464,389,403,417,174,200,200,200,223,235,262,262,18,35,35,135,135,154,154,165,47,47,47,81,81,81,81,181,227,227,8,8,8],"floor_reached":50,"playtime":2925,"items_purged":["Strike_R","Strike_R"],"score":909,"play_id":"705b62e3-3952-4bc3-bc27-81958f06970c","local_time":"20190216192518","is_ascension_mode":true,"campfire_choices":[{"data":"Iron Wave","floor":6.0,"key":"SMITH"},{"data":"Bash","floor":8.0,"key":"SMITH"},{"floor":15.0,"key":"REST"},{"floor":25.0,"key":"REST"},{"floor":29.0,"key":"REST"},{"floor":32.0,"key":"REST"},{"floor":40.0,"key":"REST"},{"floor":42.0,"key":"REST"},{"floor":44.0,"key":"RECALL"},{"floor":47.0,"key":"REST"},{"floor":49.0,"key":"REST"}],"neow_cost":"CURSE","seed_source_timestamp":0,"circlet_count":0,"master_deck":["AscendersBane","Strike_R+1","Strike_R","Strike_R","Defend_R","Defend_R","Defend_R","Defend_R","Bash+1","Iron Wave+1","Impervious+1","Battle Trance+1","Armaments+1","Demon Form","Body Slam+1","True Grit+1","Body Slam+1","Heavy Blade+1","Uppercut","Shrug It Off+1","Immolate","Madness+1","Madness+1","True Grit+1"],"special_seed":0,"relics":["Burning Blood","Blue Candle","Toxic Egg 2","Fusion Hammer","MealTicket","Pantograph","MutagenicStrength","Whetstone","WingedGreaves","Juzu Bracelet","Mark of Pain","Tiny Chest","Calipers","Ginger","Bird Faced Urn","Pocketwatch","Happy Flower"],"potions_floor_usage":[50],"damage_taken":[{"damage":3.0,"enemies":"Cultist","floor":1.0,"turns":4.0},{"damage":8.0,"enemies":"Jaw Worm","floor":3.0,"turns":6.0},{"damage":2.0,"enemies":"Small Slimes","floor":7.0,"turns":3.0},{"damage":9.0,"enemies":"Blue Slaver","floor":10.0,"turns":3.0},{"damage":67.0,"enemies":"Lagavulin","floor":11.0,"turns":7.0},{"damage":8.0,"enemies":"2 Fungi Beasts","floor":14.0,"turns":6.0},{"damage":42.0,"enemies":"The Guardian","floor":16.0,"turns":18.0},{"damage":52.0,"enemies":"Chosen","floor":18.0,"turns":9.0},{"damage":1.0,"enemies":"3 Byrds","floor":20.0,"turns":1.0},{"damage":7.0,"enemies":"Shelled Parasite and Fungi","floor":21.0,"turns":6.0},{"damage":7.0,"enemies":"Slavers","floor":23.0,"turns":8.0},{"damage":24.0,"enemies":"Snake Plant","floor":27.0,"turns":4.0},{"damage":34.0,"enemies":"Book of Stabbing","floor":28.0,"turns":6.0},{"damage":21.0,"enemies":"Snecko","floor":31.0,"turns":5.0},{"damage":0.0,"enemies":"Champ","floor":33.0,"turns":8.0},{"damage":0.0,"enemies":"3 Shapes","floor":35.0,"turns":5.0},{"damage":21.0,"enemies":"3 Darklings","floor":37.0,"turns":5.0},{"damage":77.0,"enemies":"Nemesis","floor":41.0,"turns":5.0},{"damage":36.0,"enemies":"Mind Bloom Boss Battle","floor":45.0,"turns":6.0},{"damage":10.0,"enemies":"2 Orb Walkers","floor":46.0,"turns":3.0},{"damage":111,"enemies":"Donu and Deca","floor":50,"turns":9}],"seed_played":"-3872860159316958391","potions_obtained":[{"floor":3.0,"key":"PowerPotion"},{"floor":11.0,"key":"LiquidBronze"},{"floor":18.0,"key":"LiquidBronze"},{"floor":20.0,"key":"EssenceOfSteel"},{"floor":21.0,"key":"Explosive Potion"},{"floor":27.0,"key":"Fire Potion"},{"floor":31.0,"key":"Regen Potion"},{"floor":41.0,"key":"SkillPotion"},{"floor":45.0,"key":"BloodPotion"}],"is_trial":false,"path_per_floor":["M","?","M","?","?","R","M","R","T","M","E","$","?","M","R","B",null,"M","?","M","M","$","E","?","R","T","M","E","R","$","M","R","B",null,"M","?","M","$","?","R","E","R","T","R","?","?","R","$","R","B"],"character_chosen":"IRONCLAD","items_purchased":["Impervious+1","Battle Trance+1","MealTicket","Body Slam","Juzu Bracelet","Tiny Chest","Happy Flower","EssenceOfSteel"],"campfire_rested":8,"item_purchase_floors":[12,12,22,22,30,38,48,48],"current_hp_per_floor":[91,91,89,89,82,82,86,86,86,83,22,22,22,20,48,12,75,29,29,34,33,33,32,32,60,60,42,14,42,57,42,70,96,96,96,84,69,84,84,96,34,62,62,62,57,62,90,96,96,0],"gold":8,"neow_bonus":"TWENTY_PERCENT_HP_BONUS","is_prod":false,"is_daily":false,"chose_seed":false,"campfire_upgraded":2,"win_rate":0,"timestamp":1550373918,"path_taken":["M","?","?","?","?","R","M","R","T","M","E","?","?","M","R","BOSS","M","?","M","M","$","E","?","R","T","M","E","R","$","M","R","BOSS","M","?","M","$","?","R","E","R","T","R","?","?","R","$","R","BOSS"],"build_version":"2019-01-23","purchased_purges":2,"victory":false,"max_hp_per_floor":[96,96,96,96,96,96,96,96,96,96,96,96,96,96,96,96,96,96,96,96,96,96,96,96,96,96,96,96,96,96,96,96,96,96,96,96,96,96,96,96,96,96,96,96,96,96,96,96,96,96],"card_choices":[{"not_picked":["Pummel","Flex","Clothesline"],"picked":"SKIP","floor":1.0},{"not_picked":["Headbutt","Perfected Strike"],"picked":"Iron Wave","floor":3.0},{"not_picked":["Cleave","Sword Boomerang","Feel No Pain"],"picked":"SKIP","floor":7.0},{"not_picked":["Warcry","Iron Wave","Burning Pact"],"picked":"SKIP","floor":10.0},{"not_picked":["Immolate","Havoc","Anger"],"picked":"SKIP","floor":11.0},{"not_picked":["Heavy Blade","Pummel"],"picked":"Armaments+1","floor":14.0},{"not_picked":["Dark Embrace","Impervious+1"],"picked":"Demon Form","floor":16.0},{"not_picked":["Clash","Perfected Strike+1","Burning Pact+1"],"picked":"SKIP","floor":18.0},{"not_picked":["Havoc+1","Sword Boomerang+1"],"picked":"Body Slam+1","floor":20.0},{"not_picked":["Sword Boomerang","Headbutt"],"picked":"True Grit+1","floor":21.0},{"not_picked":["Havoc+1","Armaments+1"],"picked":"Heavy Blade+1","floor":23.0},{"not_picked":["Thunderclap+1","Demon Form","Pommel Strike"],"picked":"SKIP","floor":27.0},{"not_picked":["Flex+1","Thunderclap+1"],"picked":"Uppercut","floor":28.0},{"not_picked":["Sword Boomerang","Thunderclap"],"picked":"Shrug It Off+1","floor":31.0},{"not_picked":["Berserk","Double Tap+1"],"picked":"Immolate","floor":33.0},{"not_picked":["Feel No Pain","Anger+1"],"picked":"Body Slam+1","floor":35.0},{"not_picked":["Ghostly Armor+1","Clothesline","Infernal Blade+1"],"picked":"SKIP","floor":37.0},{"not_picked":["Inflame+1","Pommel Strike","Body Slam+1"],"picked":"SKIP","floor":41.0},{"not_picked":["Burning Pact+1","Clash+1"],"picked":"True Grit+1","floor":46.0}],"player_experience":403661,"relics_obtained":[{"floor":9.0,"key":"Blue Candle"},{"floor":11.0,"key":"Toxic Egg 2"},{"floor":23.0,"key":"Pantograph"},{"floor":26.0,"key":"Whetstone"},{"floor":28.0,"key":"WingedGreaves"},{"floor":41.0,"key":"Calipers"},{"floor":43.0,"key":"Ginger"},{"floor":45.0,"key":"Bird Faced Urn"},{"floor":46.0,"key":"Pocketwatch"}],"event_choices":[{"cards_removed":["Decay"],"damage_healed":0.0,"max_hp_gain":0.0,"max_hp_loss":0.0,"gold_gain":0.0,"event_name":"Purifier","player_choice":"Purged","floor":2.0,"gold_loss":0.0,"damage_taken":0.0},{"damage_healed":0.0,"max_hp_gain":0.0,"max_hp_loss":0.0,"gold_gain":175.0,"event_name":"Liars Game","player_choice":"AGREE","floor":4.0,"gold_loss":0.0,"damage_taken":0.0,"cards_obtained":["Doubt"]},{"cards_removed":["Doubt"],"damage_healed":0.0,"max_hp_gain":0.0,"max_hp_loss":0.0,"gold_gain":0.0,"event_name":"Golden Wing","player_choice":"Card Removal","floor":5.0,"gold_loss":0.0,"damage_taken":7.0},{"damage_healed":0.0,"max_hp_gain":0.0,"max_hp_loss":0.0,"gold_gain":275.0,"event_name":"Golden Shrine","player_choice":"Desecrate","floor":13.0,"gold_loss":0.0,"damage_taken":0.0,"cards_obtained":["Regret"]},{"cards_removed":["Regret"],"damage_healed":0.0,"max_hp_gain":0.0,"max_hp_loss":0.0,"gold_gain":0.0,"event_name":"Beggar","player_choice":"Gave Gold","floor":19.0,"gold_loss":75.0,"damage_taken":0.0},{"damage_healed":0.0,"max_hp_gain":0.0,"max_hp_loss":0.0,"gold_gain":0.0,"event_name":"Drug Dealer","player_choice":"Inject Mutagens","floor":24.0,"gold_loss":0.0,"damage_taken":0.0,"relics_obtained":["MutagenicStrength"]},{"damage_healed":0.0,"max_hp_gain":0.0,"max_hp_loss":0.0,"gold_gain":0.0,"event_name":"Winding Halls","player_choice":"Embrace Madness","floor":36.0,"gold_loss":0.0,"damage_taken":12.0,"cards_obtained":["Madness","Madness"]},{"cards_removed":["Body Slam"],"damage_healed":0.0,"max_hp_gain":0.0,"max_hp_loss":0.0,"gold_gain":0.0,"event_name":"Falling","player_choice":"Removed Attack","floor":39.0,"gold_loss":0.0,"damage_taken":0.0},{"damage_healed":0.0,"max_hp_gain":0.0,"max_hp_loss":0.0,"gold_gain":0.0,"event_name":"MindBloom","player_choice":"Fight","floor":45.0,"gold_loss":0.0,"damage_taken":0.0},{"damage_healed":0.0,"max_hp_gain":0.0,"max_hp_loss":0.0,"gold_gain":0.0,"event_name":"Mysterious Sphere","player_choice":"Fight","floor":46.0,"gold_loss":0.0,"damage_taken":0.0}],"is_beta":false,"boss_relics":[{"not_picked":["Sozu","Cursed Key"],"picked":"Fusion Hammer"},{"not_picked":["Snecko Eye","Eternal Feather"],"picked":"Mark of Pain"}],"items_purged_floors":[12,30],"is_endless":false,"potions_floor_spawned":[3,11,18,20,21,27,31,41,45],"killed_by":"Donu and Deca","ascension_level":11}