{"gold_per_floor":[19,33,50,50,66,66,66,66,66,76,86,103,118,138,138,239,239,250,165,196,18,18,18,53,53,53,67,83,96,124,124,124,226,226,239,239,239,259,40,75,95,110,110,332,332,363,379,392,392,392],"floor_reached":50,"playtime":3592,"items_purged":["Wraith Form v2"],"score":588,"play_id":"f79f722a-4e4b-4cb7-a779-cf046415482c","local_time":"20190102150838","is_ascension_mode":false,"campfire_choices":[{"data":"Distraction","floor":6,"key":"SMITH"},{"data":"Glass Knife","floor":8,"key":"SMITH"},{"data":"Leg Sweep","floor":15,"key":"SMITH"},{"floor":23,"key":"REST"},{"data":"Noxious Fumes","floor":25,"key":"SMITH"},{"floor":32,"key":"REST"},{"data":"Glass Knife+1","floor":45,"key":"PURGE"},{"floor":49,"key":"REST"}],"neow_cost":"NO_GOLD","seed_source_timestamp":16526217442108,"circlet_count":0,"master_deck":["Defend_G","Defend_G","Defend_G","Defend_G","Strike_G","Strike_G","Strike_G","Survivor","Neutralize","PiercingWail","Flechettes","Distraction+1","Bouncing Flask","Leg Sweep+1","PiercingWail","Burst","Poisoned Stab+1","PiercingWail","Noxious Fumes+1","Dark Shackles","PiercingWail","Deflect","Dash+1","Escape Plan","Dodge and Roll+1","After Image","PiercingWail","Dramatic Entrance","Trip","Dark Shackles","Noxious Fumes","PiercingWail+1","PiercingWail+1"],"relics":["Ring of the Serpent","Mango","Matryoshka","Bird Faced Urn","Red Mask","Strawberry","Blood Vial","Sundial","Dream Catcher","Velvet Choker","Snake Skull","Singing Bowl","Kunai","Peace Pipe","Potion Belt"],"potions_floor_usage":[16,20,20,24,30,33,33,46,50,50,50],"damage_taken":[{"damage":6,"enemies":"2 Louse","floor":1,"turns":3},{"damage":0,"enemies":"Small Slimes","floor":2,"turns":6},{"damage":0,"enemies":"Cultist","floor":3,"turns":3},{"damage":2,"enemies":"Looter","floor":5,"turns":4},{"damage":7,"enemies":"3 Louse","floor":10,"turns":3},{"damage":1,"enemies":"2 Fungi Beasts","floor":11,"turns":3},{"damage":5,"enemies":"Large Slime","floor":12,"turns":4},{"damage":0,"enemies":"Blue Slaver","floor":13,"turns":3},{"damage":0,"enemies":"Exordium Thugs","floor":14,"turns":6},{"damage":12,"enemies":"The Guardian","floor":16,"turns":11},{"damage":10,"enemies":"Chosen","floor":18,"turns":5},{"damage":34,"enemies":"Masked Bandits","floor":20,"turns":6},{"damage":23,"enemies":"Slavers","floor":24,"turns":8},{"damage":0,"enemies":"3 Byrds","floor":27,"turns":7},{"damage":3,"enemies":"Cultist and Chosen","floor":28,"turns":7},{"damage":0,"enemies":"Snake Plant","floor":29,"turns":5},{"damage":27,"enemies":"Gremlin Leader","floor":30,"turns":8},{"damage":1,"enemies":"Colosseum Slavers","floor":31,"turns":4},{"damage":45,"enemies":"Collector","floor":33,"turns":11},{"damage":0,"enemies":"3 Shapes","floor":35,"turns":6},{"damage":15,"enemies":"3 Darklings","floor":38,"turns":5},{"damage":39,"enemies":"Giant Head","floor":40,"turns":10},{"damage":8,"enemies":"Sphere and 2 Shapes","floor":41,"turns":6},{"damage":3,"enemies":"Jaw Worm Horde","floor":42,"turns":6},{"damage":24,"enemies":"Nemesis","floor":46,"turns":9},{"damage":0,"enemies":"3 Darklings","floor":47,"turns":4},{"damage":29,"enemies":"Spire Growth","floor":48,"turns":7},{"damage":66,"enemies":"Time Eater","floor":50,"turns":15}],"seed_played":"43367794914122240","potions_obtained":[{"floor":5,"key":"Weak Potion"},{"floor":11,"key":"AttackPotion"},{"floor":13,"key":"Weak Potion"},{"floor":16,"key":"SpeedPotion"},{"floor":24,"key":"Poison Potion"},{"floor":27,"key":"GhostInAJar"},{"floor":29,"key":"AttackPotion"},{"floor":30,"key":"Weak Potion"},{"floor":35,"key":"Poison Potion"},{"floor":40,"key":"Explosive Potion"},{"floor":42,"key":"Block Potion"},{"floor":47,"key":"GamblersBrew"}],"is_trial":false,"path_per_floor":["M","M","M","?","M","R","?","R","T","M","M","M","M","M","R","B",null,"M","?","?","$","?","R","E","R","T","M","M","M","E","?","R","B",null,"M","?","?","M","$","E","M","M","T","?","R","E","M","M","R","B"],"character_chosen":"THE_SILENT","items_purchased":["Noxious Fumes","Dark Shackles","Snake Skull"],"campfire_rested":3,"item_purchase_floors":[21,21,39],"current_hp_per_floor":[78,78,78,78,76,76,76,76,76,69,68,63,63,63,63,51,84,74,74,40,40,40,65,51,51,51,55,56,60,37,38,65,26,91,91,91,81,74,74,41,41,48,48,48,48,34,44,25,54,0],"gold":392,"neow_bonus":"ONE_RARE_RELIC","is_prod":false,"is_daily":false,"chose_seed":false,"campfire_upgraded":4,"win_rate":0.0,"timestamp":1546409318,"path_taken":["M","M","M","?","M","R","?","R","T","M","M","M","?","M","R","BOSS","M","?","?","$","?","R","E","R","T","M","M","M","E","?","R","BOSS","M","?","?","?","$","E","M","M","T","?","R","E","M","M","R","BOSS"],"build_version":"2018-12-20","purchased_purges":1,"victory":false,"max_hp_per_floor":[84,84,84,84,84,84,84,84,84,84,84,84,84,84,84,84,84,84,84,84,84,84,84,91,91,91,91,91,91,91,91,91,91,91,91,91,91,91,91,91,91,93,93,93,93,95,97,99,99,99],"card_choices":[{"not_picked":["Prepared","Eviscerate"],"picked":"PiercingWail","floor":1},{"not_picked":["Dagger Spray","Dagger Throw"],"picked":"Flechettes","floor":2},{"not_picked":["Outmaneuver","Sucker Punch"],"picked":"Poisoned Stab","floor":3},{"not_picked":["Endless Agony","Choke"],"picked":"Distraction","floor":5},{"not_picked":["Quick Slash","Flying Knee","A Thousand Cuts"],"picked":"SKIP","floor":10},{"not_picked":["Riddle With Holes","Quick Slash","Underhanded Strike"],"picked":"SKIP","floor":11},{"not_picked":["Reflex","Well Laid Plans"],"picked":"Bouncing Flask","floor":12},{"not_picked":["Dodge and Roll","Sucker Punch"],"picked":"Leg Sweep","floor":13},{"not_picked":["Deflect","Backflip"],"picked":"PiercingWail","floor":14},{"not_picked":["Die Die Die","Malaise"],"picked":"Burst","floor":16},{"not_picked":["Outmaneuver+1","Deflect"],"picked":"Poisoned Stab+1","floor":18},{"not_picked":["Flechettes","Bane+1"],"picked":"PiercingWail","floor":20},{"not_picked":["Acrobatics","Dagger Spray"],"picked":"PiercingWail","floor":24},{"not_picked":["Quick Slash","Dagger Spray"],"picked":"Deflect","floor":27},{"not_picked":["Prepared","Choke"],"picked":"Dash+1","floor":28},{"not_picked":["A Thousand Cuts","Blade Dance"],"picked":"Escape Plan","floor":29},{"not_picked":["Bouncing Flask","Blade Dance+1"],"picked":"Dodge and Roll+1","floor":30},{"not_picked":["Sucker Punch","Masterful Stab"],"picked":"After Image","floor":32},{"not_picked":["Malaise","Tools of the Trade"],"picked":"Wraith Form v2","floor":33},{"not_picked":["Outmaneuver","Acrobatics"],"picked":"PiercingWail","floor":35},{"not_picked":["Finesse","Deep Breath"],"picked":"Dramatic Entrance","floor":37},{"not_picked":["Impatience","Jack Of All Trades"],"picked":"Trip","floor":37},{"not_picked":["Jack Of All Trades","Forethought"],"picked":"Dark Shackles","floor":37},{"not_picked":["Backflip","Outmaneuver","Predator+1"],"picked":"SKIP","floor":38},{"not_picked":["Predator+1","All Out Attack"],"picked":"Noxious Fumes","floor":40},{"not_picked":["Eviscerate","Poisoned Stab"],"picked":"PiercingWail+1","floor":41},{"not_picked":["Dash","Flying Knee+1","Tools of the Trade"],"picked":"Singing Bowl","floor":42},{"not_picked":["Infinite Blades","Sucker Punch","Acrobatics+1"],"picked":"Singing Bowl","floor":46},{"not_picked":["Tactician+1","Flying Knee+1","Dodge and Roll"],"picked":"Singing Bowl","floor":47},{"not_picked":["Prepared","Dagger Throw","Tactician+1"],"picked":"Singing Bowl","floor":48},{"not_picked":["Dodge and Roll","Dagger Throw+1"],"picked":"PiercingWail+1","floor":49}],"player_experience":37574,"relics_obtained":[{"floor":9,"key":"Matryoshka"},{"floor":20,"key":"Red Mask"},{"floor":24,"key":"Strawberry"},{"floor":26,"key":"Blood Vial"},{"floor":26,"key":"Sundial"},{"floor":30,"key":"Dream Catcher"},{"floor":40,"key":"Singing Bowl"},{"floor":43,"key":"Kunai"},{"floor":43,"key":"Peace Pipe"},{"floor":46,"key":"Potion Belt"}],"event_choices":[{"cards_removed":["Strike_G"],"damage_healed":0,"gold_gain":0,"player_choice":"Forget","damage_taken":0,"max_hp_gain":0,"max_hp_loss":0,"event_name":"Living Wall","floor":4,"gold_loss":0},{"damage_healed":0,"gold_gain":0,"cards_transformed":["Defend_G"],"player_choice":"Transformed","damage_taken":0,"max_hp_gain":0,"max_hp_loss":0,"event_name":"Transmorgrifier","floor":7,"gold_loss":0,"cards_obtained":["Glass Knife"]},{"damage_healed":0,"gold_gain":0,"player_choice":"Obtained Relic","damage_taken":0,"relics_obtained":["Bird Faced Urn"],"max_hp_gain":0,"max_hp_loss":0,"event_name":"Addict","floor":19,"gold_loss":85},{"damage_healed":0,"gold_gain":0,"player_choice":"Fought Bandits","damage_taken":0,"max_hp_gain":0,"max_hp_loss":0,"event_name":"Masked Bandits","floor":20,"gold_loss":0},{"cards_removed":["Poisoned Stab"],"damage_healed":0,"gold_gain":0,"player_choice":"Elegance","damage_taken":0,"max_hp_gain":0,"max_hp_loss":0,"event_name":"Back to Basics","floor":22,"gold_loss":0},{"damage_healed":0,"gold_gain":0,"player_choice":"Fight","damage_taken":0,"max_hp_gain":0,"max_hp_loss":0,"event_name":"Colosseum","floor":31,"gold_loss":0},{"damage_healed":0,"gold_gain":0,"player_choice":"Fled From Nobs","damage_taken":0,"max_hp_gain":0,"max_hp_loss":0,"event_name":"Colosseum","floor":31,"gold_loss":0},{"cards_removed":["Strike_G"],"damage_healed":0,"gold_gain":0,"player_choice":"Removed Attack","damage_taken":0,"max_hp_gain":0,"max_hp_loss":0,"event_name":"Falling","floor":36,"gold_loss":0},{"damage_healed":0,"gold_gain":0,"player_choice":"Memory 3","damage_taken":10,"max_hp_gain":0,"max_hp_loss":0,"event_name":"SensoryStone","floor":37,"gold_loss":0},{"damage_healed":0,"gold_gain":222,"player_choice":"Wore Mask","damage_taken":0,"max_hp_gain":0,"max_hp_loss":0,"event_name":"Tomb of Lord Red Mask","floor":44,"gold_loss":0}],"is_beta":false,"boss_relics":[{"not_picked":["Astrolabe","Black Star"],"picked":"Ring of the Serpent"},{"not_picked":["WristBlade","Fusion Hammer"],"picked":"Velvet Choker"}],"items_purged_floors":[39],"is_endless":false,"potions_floor_spawned":[5,11,13,16,24,27,29,30,35,40,42,47],"killed_by":"Time Eater","ascension_level":0}