{"gold_per_floor":[114,124,124,136,155,180,180,180,180,212,212,243,256,31,31,128,128,143,143,20,95,114,114,132,151,177,193,205,120,70,90,90,193,193,210,229,248,248,264,264],"floor_reached":40,"playtime":2397,"items_purged":["Strike_B","Defend_B"],"score":474,"play_id":"cabb0e44-cf94-40a9-b3e9-484148edba29","local_time":"20190106194911","is_ascension_mode":true,"campfire_choices":[{"floor":8,"key":"REST"},{"floor":11,"key":"REST"},{"data":"Beam Cell","floor":15,"key":"SMITH"},{"data":"Steam","floor":23,"key":"SMITH"},{"data":"Seek","floor":32,"key":"SMITH"}],"neow_cost":"NONE","seed_source_timestamp":21488022948675,"circlet_count":0,"master_deck":["Defend_B","Defend_B","Defend_B","Zap","Dualcast","Beam Cell+1","Darkness","Gash","Leap","Melter","Conserve Battery","Gash","Biased Cognition","Steam+1","Turbo","Self Repair+1","Reinforced Body+1","Cold Snap","Core Surge","BootSequence","Cold Snap","Seek+1","Seek","Steam","Hologram","Writhe"],"relics":["Cracked Core","Anchor","Singing Bowl","FossilizedHelix","Meat on the Bone","Bronze Scales","Empty Cage","Happy Flower","Dead Branch","White Beast Statue"],"potions_floor_usage":[16,16,24,33,39,39,40,40],"damage_taken":[{"damage":1,"enemies":"2 Louse","floor":1,"turns":2},{"damage":2,"enemies":"Small Slimes","floor":2,"turns":4},{"damage":6,"enemies":"Cultist","floor":4,"turns":3},{"damage":6,"enemies":"3 Louse","floor":5,"turns":3},{"damage":19,"enemies":"Gremlin Nob","floor":6,"turns":4},{"damage":21,"enemies":"Lagavulin","floor":10,"turns":5},{"damage":19,"enemies":"Gremlin Nob","floor":12,"turns":5},{"damage":0,"enemies":"Exordium Wildlife","floor":13,"turns":2},{"damage":19,"enemies":"The Guardian","floor":16,"turns":9},{"damage":11,"enemies":"Shell Parasite","floor":18,"turns":5},{"damage":11,"enemies":"2 Thieves","floor":22,"turns":5},{"damage":6,"enemies":"Chosen and Byrds","floor":24,"turns":4},{"damage":26,"enemies":"Snake Plant","floor":25,"turns":5},{"damage":13,"enemies":"Cultist and Chosen","floor":27,"turns":8},{"damage":0,"enemies":"Centurion and Healer","floor":28,"turns":6},{"damage":15,"enemies":"3 Cultists","floor":31,"turns":6},{"damage":32,"enemies":"Automaton","floor":33,"turns":15},{"damage":31,"enemies":"3 Darklings","floor":35,"turns":5},{"damage":13,"enemies":"3 Shapes","floor":36,"turns":8},{"damage":9,"enemies":"3 Darklings","floor":37,"turns":3},{"damage":30,"enemies":"Maw","floor":39,"turns":10},{"damage":71,"enemies":"Reptomancer","floor":40,"turns":9}],"seed_played":"157991191366319698","potions_obtained":[{"floor":2,"key":"Swift Potion"},{"floor":12,"key":"Dexterity Potion"},{"floor":13,"key":"PowerPotion"},{"floor":18,"key":"AttackPotion"},{"floor":24,"key":"Block Potion"},{"floor":33,"key":"SpeedPotion"},{"floor":35,"key":"Fire Potion"},{"floor":39,"key":"Explosive Potion"}],"is_trial":false,"path_per_floor":["M","M","?","M","M","E","?","R","T","E","R","E","M","$","R","B",null,"M","?","$","?","M","R","M","M","T","M","M","?","$","M","R","B",null,"M","M","M","?","M","E"],"character_chosen":"DEFECT","items_purchased":["Bronze Scales","Turbo","Cold Snap"],"campfire_rested":2,"item_purchase_floors":[14,20,30],"current_hp_per_floor":[74,72,72,66,60,41,41,63,63,42,64,45,47,47,47,40,77,66,66,66,59,48,48,52,48,48,57,67,67,67,62,62,52,77,56,53,46,66,60,0],"gold":264,"neow_bonus":"REMOVE_CARD","is_prod":false,"is_daily":false,"chose_seed":false,"campfire_upgraded":3,"win_rate":0,"timestamp":1546771751,"path_taken":["M","M","?","M","M","E","?","R","T","E","R","E","M","$","R","BOSS","M","?","$","?","M","R","M","M","T","?","M","?","?","M","R","BOSS","M","?","M","?","M","E"],"build_version":"2019-01-03v4","purchased_purges":2,"victory":false,"max_hp_per_floor":[75,75,75,75,75,75,75,75,75,75,75,75,77,77,77,77,77,77,77,77,77,77,77,77,77,77,77,77,77,77,77,77,77,77,77,77,79,79,81,81],"card_choices":[{"not_picked":["Stack","Redo"],"picked":"Beam Cell","floor":1},{"not_picked":["Compile Driver","White Noise"],"picked":"Darkness","floor":2},{"not_picked":["Chill","Sweeping Beam"],"picked":"Gash","floor":4},{"not_picked":["Blizzard","Barrage"],"picked":"Leap","floor":5},{"not_picked":["Redo","Lockon"],"picked":"Melter","floor":6},{"not_picked":["Chaos","Static Discharge"],"picked":"Conserve Battery","floor":10},{"not_picked":["Rebound","Blizzard"],"picked":"Gash","floor":12},{"not_picked":["Leap","Conserve Battery","Blizzard"],"picked":"Singing Bowl","floor":13},{"not_picked":["Meteor Strike","Electrodynamics"],"picked":"Biased Cognition","floor":16},{"not_picked":["Static Discharge","Hologram"],"picked":"Steam","floor":18},{"not_picked":["Rip and Tear","Redo"],"picked":"Self Repair+1","floor":22},{"not_picked":["Streamline","Turbo"],"picked":"Reinforced Body+1","floor":24},{"not_picked":["Compile Driver","Gash"],"picked":"Cold Snap","floor":25},{"not_picked":["Ball Lightning+1","Beam Cell"],"picked":"Core Surge","floor":27},{"not_picked":["Aggregate","Streamline"],"picked":"BootSequence","floor":28},{"not_picked":["Barrage","Leap"],"picked":"Seek","floor":31},{"not_picked":["Electrodynamics","Amplify"],"picked":"Seek","floor":33},{"not_picked":["Turbo+1","Ball Lightning+1"],"picked":"Steam","floor":35},{"not_picked":["Rebound","Scrape+1"],"picked":"Hologram","floor":36},{"not_picked":["Hologram+1","Stack+1","Rip and Tear+1"],"picked":"Singing Bowl","floor":37},{"not_picked":["Compile Driver+1","Conserve Battery+1","Rebound"],"picked":"Singing Bowl","floor":39}],"player_experience":142701,"relics_obtained":[{"floor":6,"key":"Anchor"},{"floor":9,"key":"Singing Bowl"},{"floor":10,"key":"FossilizedHelix"},{"floor":12,"key":"Meat on the Bone"},{"floor":26,"key":"Happy Flower"}],"event_choices":[{"damage_healed":0,"gold_gain":0,"player_choice":"Ignored","damage_taken":0,"max_hp_gain":0,"max_hp_loss":0,"event_name":"Liars Game","floor":3,"gold_loss":0},{"damage_healed":0,"gold_gain":0,"player_choice":"Fled","damage_taken":0,"max_hp_gain":0,"max_hp_loss":0,"event_name":"Scrap Ooze","floor":7,"gold_loss":0},{"damage_healed":0,"gold_gain":0,"player_choice":"Ignored","damage_taken":0,"max_hp_gain":0,"max_hp_loss":0,"event_name":"Ghosts","floor":19,"gold_loss":0},{"damage_healed":0,"gold_gain":75,"player_choice":"Touch","damage_taken":7,"max_hp_gain":0,"max_hp_loss":0,"event_name":"FaceTrader","floor":21,"gold_loss":0},{"damage_healed":0,"gold_gain":0,"player_choice":"Obtained Relic","damage_taken":0,"relics_obtained":["Dead Branch"],"max_hp_gain":0,"max_hp_loss":0,"event_name":"Addict","floor":29,"gold_loss":85},{"damage_healed":20,"gold_gain":0,"player_choice":"Writhe","damage_taken":0,"max_hp_gain":0,"max_hp_loss":0,"event_name":"Winding Halls","floor":38,"gold_loss":0,"cards_obtained":["Writhe"]}],"is_beta":false,"boss_relics":[{"not_picked":["Pandora\u0027s Box","Calling Bell"],"picked":"Empty Cage"},{"not_picked":["Philosopher\u0027s Stone","Cursed Key"],"picked":"White Beast Statue"}],"items_purged_floors":[14,20],"is_endless":false,"potions_floor_spawned":[2,12,13,18,24,33,35,36,37,39],"killed_by":"Reptomancer","ascension_level":3}