{"gold_per_floor":[112,125,141,141,154,154,165,165,165,165,177,204,215,250,250,350,350,331,342,14,25,25,25,51,67,67,92,92,123,137,137,137,233,233,253,253,266,366,380,380,394,394,394,246,246,266,70,0,0,0,0,0,0,27,27],"floor_reached":55,"playtime":2989,"items_purged":["Strike_B","Strike_B","Defend_B"],"score":1248,"play_id":"a2e8afba-4821-4742-acb5-a6db79ce027c","local_time":"20190129170103","is_ascension_mode":true,"campfire_choices":[{"data":"Chill","floor":6.0,"key":"SMITH"},{"data":"Loop","floor":8.0,"key":"SMITH"},{"data":"Zap","floor":10.0,"key":"SMITH"},{"data":"Redo","floor":15.0,"key":"SMITH"},{"floor":23,"key":"REST"},{"floor":28,"key":"REST"},{"data":"Storm","floor":32,"key":"SMITH"},{"floor":40,"key":"RECALL"},{"data":"Reboot","floor":42,"key":"SMITH"},{"data":"Hologram","floor":45,"key":"SMITH"},{"data":"Storm","floor":49,"key":"SMITH"},{"floor":52,"key":"REST"}],"neow_cost":"NONE","seed_source_timestamp":0,"circlet_count":0,"master_deck":["AscendersBane","Defend_B","Defend_B","Defend_B","Zap+1","Sweeping Beam","Loop+1","Conserve Battery","Chill+1","Cold Snap","Core Surge","Consume","Sunder","Redo+1","Creative AI","Storm+1","Force Field+1","Biased Cognition","Conserve Battery+1","Storm+1","Reboot+1","Hologram+1","Undo+1","Storm+1","Storm"],"special_seed":0,"relics":["Sozu","DataDisk","Bag of Preparation","Bottled Flame","Nuclear Battery","Meat on the Bone","Enchiridion","Gambling Chip","Cables","Anchor","Sundial","Empty Cage","Du-Vu Doll","Red Mask","Oddly Smooth Stone"],"potions_floor_usage":[],"damage_taken":[{"damage":1.0,"enemies":"Cultist","floor":1.0,"turns":4.0},{"damage":0.0,"enemies":"Small Slimes","floor":2.0,"turns":3.0},{"damage":3.0,"enemies":"2 Louse","floor":3.0,"turns":3.0},{"damage":10.0,"enemies":"Looter","floor":5.0,"turns":4.0},{"damage":0.0,"enemies":"3 Louse","floor":7.0,"turns":4.0},{"damage":0.0,"enemies":"Exordium Wildlife","floor":11.0,"turns":4.0},{"damage":3.0,"enemies":"Lagavulin","floor":12.0,"turns":8.0},{"damage":8.0,"enemies":"Exordium Thugs","floor":13.0,"turns":5.0},{"damage":2.0,"enemies":"Gremlin Nob","floor":14.0,"turns":5.0},{"damage":7.0,"enemies":"The Guardian","floor":16.0,"turns":9.0},{"damage":16,"enemies":"2 Thieves","floor":18,"turns":4},{"damage":10,"enemies":"Chosen","floor":19,"turns":5},{"damage":2,"enemies":"Snake Plant","floor":21,"turns":4},{"damage":22,"enemies":"Book of Stabbing","floor":24,"turns":5},{"damage":0,"enemies":"Centurion and Healer","floor":25,"turns":7},{"damage":0,"enemies":"Slavers","floor":27,"turns":5},{"damage":0,"enemies":"Gremlin Leader","floor":29,"turns":4},{"damage":0,"enemies":"3 Cultists","floor":30,"turns":4},{"damage":0,"enemies":"Champ","floor":33,"turns":5},{"damage":0,"enemies":"Orb Walker","floor":35,"turns":2},{"damage":0,"enemies":"3 Shapes","floor":37,"turns":3},{"damage":0,"enemies":"Mind Bloom Boss Battle","floor":38,"turns":3},{"damage":0,"enemies":"Spire Growth","floor":39,"turns":4},{"damage":0,"enemies":"Sphere and 2 Shapes","floor":41,"turns":2},{"damage":8,"enemies":"4 Shapes","floor":46,"turns":4},{"damage":21,"enemies":"Awakened One","floor":50,"turns":9},{"damage":37,"enemies":"Shield and Spear","floor":54,"turns":4},{"damage":48,"enemies":"The Heart","floor":55,"turns":2}],"seed_played":"74082688307778215","potions_obtained":[],"is_trial":false,"path_per_floor":["M","M","M","?","M","R","M","R","T","R","M","E","M","E","R","B",null,"M","M","$","M","?","R","E","M","T","E","R","E","M","?","R","B",null,"M","?","M","?","M","R","M","R","T","$","R","M","$","?","R","B",null,"R","$","E","B"],"character_chosen":"DEFECT","items_purchased":["Meat on the Bone","Hologram","Storm"],"campfire_rested":3,"item_purchase_floors":[20,44,47],"current_hp_per_floor":[67,67,64,64,54,54,54,54,54,54,54,51,43,41,41,34,65,49,39,39,49,33,55,45,45,45,45,67,67,67,67,67,67,73,73,73,73,73,73,73,73,73,73,73,73,65,65,65,65,44,67,75,75,38,0],"gold":27,"neow_bonus":"BOSS_RELIC","is_prod":false,"is_daily":false,"chose_seed":false,"campfire_upgraded":8,"win_rate":0,"timestamp":1548799263,"path_taken":["M","M","M","?","M","R","M","R","T","R","?","E","M","E","R","BOSS","M","M","$","M","?","R","E","M","T","E","R","E","M","?","R","BOSS","M","?","M","?","M","R","M","R","T","?","R","?","?","?","R","BOSS","R","$","E","BOSS"],"build_version":"2019-01-23","purchased_purges":3,"victory":false,"max_hp_per_floor":[75,75,75,75,75,75,75,75,75,75,75,75,75,75,75,75,75,75,75,75,75,75,75,75,75,75,75,75,75,75,75,75,75,75,75,75,75,75,75,75,75,75,75,75,75,75,75,75,75,75,75,75,75,75,75],"card_choices":[{"not_picked":["Hologram","Leap"],"picked":"Sweeping Beam","floor":1.0},{"not_picked":["Go for the Eyes","Double Energy"],"picked":"Loop","floor":2.0},{"not_picked":["Steam","Gash"],"picked":"Conserve Battery","floor":3.0},{"not_picked":["Steam","Hologram"],"picked":"Chill","floor":5.0},{"not_picked":["Leap","Redo"],"picked":"Cold Snap","floor":7.0},{"not_picked":["Turbo","Steam"],"picked":"Core Surge","floor":11.0},{"not_picked":["Steam Power","Glacier"],"picked":"Consume","floor":12.0},{"not_picked":["Coolheaded","Go for the Eyes"],"picked":"Sunder","floor":13.0},{"not_picked":["Hello World","Static Discharge"],"picked":"Redo","floor":14.0},{"not_picked":["Seek","All For One"],"picked":"Creative AI","floor":16.0},{"not_picked":["Coolheaded","Loop"],"picked":"Storm+1","floor":18},{"not_picked":["Hello World","Recycle+1"],"picked":"Force Field+1","floor":19},{"not_picked":["Rebound","Barrage","Reprogram"],"picked":"SKIP","floor":21},{"not_picked":["Genetic Algorithm","Blizzard","Compile Driver"],"picked":"SKIP","floor":24},{"not_picked":["Ball Lightning","Steam","Stack"],"picked":"SKIP","floor":25},{"not_picked":["Ball Lightning","Streamline"],"picked":"Biased Cognition","floor":27},{"not_picked":["Rebound","Stack"],"picked":"Melter+1","floor":29},{"not_picked":["Skim","Barrage"],"picked":"Conserve Battery+1","floor":30},{"not_picked":["All For One","Biased Cognition"],"picked":"Reboot","floor":33},{"not_picked":["Fusion","Barrage+1","Tempest+1"],"picked":"SKIP","floor":35},{"not_picked":["Hologram+1","White Noise","Go for the Eyes+1"],"picked":"SKIP","floor":37},{"not_picked":["Beam Cell","Go for the Eyes","Streamline+1"],"picked":"SKIP","floor":39},{"not_picked":["Self Repair","Leap+1","Go for the Eyes+1"],"picked":"SKIP","floor":41},{"not_picked":["Hologram","Conserve Battery+1"],"picked":"Undo+1","floor":46},{"not_picked":["Gash+1","Compile Driver"],"picked":"Storm","floor":54}],"player_experience":542902,"relics_obtained":[{"floor":9.0,"key":"DataDisk"},{"floor":12.0,"key":"Bag of Preparation"},{"floor":14.0,"key":"Bottled Flame"},{"floor":22,"key":"Enchiridion"},{"floor":24,"key":"Gambling Chip"},{"floor":26,"key":"Cables"},{"floor":27,"key":"Anchor"},{"floor":29,"key":"Sundial"},{"floor":38,"key":"Du-Vu Doll"},{"floor":54,"key":"Oddly Smooth Stone"}],"event_choices":[{"cards_removed":["Dualcast"],"damage_healed":0.0,"max_hp_gain":0.0,"max_hp_loss":0.0,"gold_gain":0.0,"event_name":"Bonfire Elementals","player_choice":"Offered Basic","floor":4.0,"gold_loss":0.0,"damage_taken":0.0},{"damage_healed":0,"gold_gain":0,"player_choice":"Obtained Book","damage_taken":16,"max_hp_gain":0,"max_hp_loss":0,"event_name":"Cursed Tome","floor":22,"gold_loss":0},{"damage_healed":0,"gold_gain":0,"player_choice":"Read","damage_taken":0,"max_hp_gain":0,"max_hp_loss":0,"event_name":"The Library","floor":31,"gold_loss":0,"cards_obtained":["Storm"]},{"cards_removed":["Melter"],"damage_healed":0,"gold_gain":0,"player_choice":"Removed Attack","damage_taken":0,"max_hp_gain":0,"max_hp_loss":0,"event_name":"Falling","floor":36,"gold_loss":0},{"damage_healed":0,"gold_gain":0,"player_choice":"Fight","damage_taken":0,"max_hp_gain":0,"max_hp_loss":0,"event_name":"MindBloom","floor":38,"gold_loss":0},{"damage_healed":0,"gold_gain":0,"player_choice":"Paid","damage_taken":0,"relics_obtained":["Red Mask"],"max_hp_gain":0,"max_hp_loss":0,"event_name":"Tomb of Lord Red Mask","floor":48,"gold_loss":70}],"is_beta":false,"boss_relics":[{"not_picked":["Ectoplasm","Snecko Eye"],"picked":"Nuclear Battery"},{"not_picked":["Busted Crown","Pandora\u0027s Box"],"picked":"Empty Cage"}],"items_purged_floors":[20,44,47],"is_endless":false,"potions_floor_spawned":[2,3,12,16,21,25,27,29,30,35,54],"killed_by":"The Heart","ascension_level":11}