{"gold_per_floor":[363,382,382,61,80,80,99,99,99,118,138,138],"floor_reached":12,"playtime":286,"items_purged":[],"score":86,"play_id":"025de3a3-a9b4-4128-af87-98de77cc54b1","local_time":"20190107172425","is_ascension_mode":true,"campfire_choices":[{"floor":6,"key":"REST"},{"data":"Defragment","floor":8,"key":"SMITH"}],"neow_cost":"PERCENT_DAMAGE","seed_source_timestamp":1523158470702688,"circlet_count":0,"master_deck":["Strike_B","Strike_B","Strike_B","Strike_B","Defend_B","Defend_B","Defend_B","Defend_B","Zap","Dualcast","Defragment+1","Conserve Battery","Defragment","Hologram","Loop","Tempest"],"relics":["Cracked Core","WingedGreaves","Bottled Tornado","Cables"],"potions_floor_usage":[10,10],"damage_taken":[{"damage":7,"enemies":"Small Slimes","floor":1,"turns":2},{"damage":9,"enemies":"Jaw Worm","floor":2,"turns":5},{"damage":9,"enemies":"2 Louse","floor":5,"turns":2},{"damage":7,"enemies":"Looter","floor":7,"turns":3},{"damage":0,"enemies":"Lots of Slimes","floor":10,"turns":2},{"damage":11,"enemies":"Exordium Thugs","floor":11,"turns":4},{"damage":20,"enemies":"Lagavulin Event","floor":12,"turns":2}],"seed_played":"-7003401590602106205","potions_obtained":[{"floor":2,"key":"AttackPotion"},{"floor":5,"key":"AttackPotion"},{"floor":10,"key":"SteroidPotion"}],"is_trial":false,"path_per_floor":["M","M","?","$","M","R","M","R","T","M","M","?"],"character_chosen":"DEFECT","items_purchased":["Defragment","Bottled Tornado"],"campfire_rested":1,"item_purchase_floors":[4,4],"current_hp_per_floor":[47,38,20,20,11,33,26,26,26,26,15,0],"gold":138,"neow_bonus":"TWO_FIFTY_GOLD","is_prod":false,"is_daily":false,"chose_seed":false,"campfire_upgraded":1,"win_rate":0,"timestamp":1546899865,"path_taken":["M","M","?","$","M","R","M","R","T","M","M","?"],"build_version":"2019-01-03v4","purchased_purges":0,"victory":false,"max_hp_per_floor":[75,75,75,75,75,75,75,75,75,75,75,75],"card_choices":[{"not_picked":["Stack","Lockon"],"picked":"Defragment","floor":1},{"not_picked":["Stack","Beam Cell"],"picked":"Conserve Battery","floor":2},{"not_picked":["Streamline","Leap"],"picked":"Hologram","floor":5},{"not_picked":["Static Discharge","Cold Snap"],"picked":"Loop","floor":7},{"not_picked":["Leap","Gash"],"picked":"Tempest","floor":10},{"not_picked":["Barrage","FTL","Cold Snap"],"picked":"SKIP","floor":11}],"player_experience":334446,"relics_obtained":[{"floor":9,"key":"Cables"}],"event_choices":[{"damage_healed":0,"gold_gain":0,"player_choice":"Success","damage_taken":18,"relics_obtained":["WingedGreaves"],"max_hp_gain":0,"max_hp_loss":0,"event_name":"Scrap Ooze","floor":3,"gold_loss":0},{"damage_healed":0,"gold_gain":0,"player_choice":"Searched \u00271\u0027 times","damage_taken":0,"max_hp_gain":0,"max_hp_loss":0,"event_name":"Dead Adventurer","floor":12,"gold_loss":0}],"is_beta":false,"boss_relics":[],"items_purged_floors":[],"is_endless":false,"potions_floor_spawned":[2,5,10],"killed_by":"Lagavulin Event","ascension_level":4}