{"gold_per_floor":[110,121,10,10,30,30,55,71,71,15,48,60,60,75,75,153,153,168,181,81,81,95,95,130,130,130,142,142],"floor_reached":28,"playtime":1568,"items_purged":["Strike_G","Strike_G"],"score":463,"play_id":"2a347eb3-27f2-4a66-8f6a-ad18151286f0","local_time":"20190222150850","is_ascension_mode":true,"campfire_choices":[{"data":"Dash","floor":6.0,"key":"SMITH"},{"data":"Leg Sweep","floor":13,"key":"SMITH"},{"floor":15,"key":"REST"},{"data":"Bullet Time","floor":23,"key":"SMITH"}],"neow_cost":"NONE","seed_source_timestamp":0,"circlet_count":0,"master_deck":["AscendersBane","Defend_G","Defend_G","Defend_G","Defend_G","Defend_G","Strike_G","Strike_G","Strike_G","Survivor","Neutralize","Dash+1","Well Laid Plans","Leg Sweep+1","Backflip","Bouncing Flask","Poisoned Stab","Poisoned Stab","Deflect","Bullet Time+1","Deflect","Backstab","Outmaneuver+1"],"special_seed":0,"relics":["Ring of the Serpent","Bag of Marbles","Orichalcum","Unceasing Top","Blood Vial","MutagenicStrength","Bottled Flame"],"potions_floor_usage":[16,24,24],"damage_taken":[{"damage":4.0,"enemies":"Cultist","floor":1.0,"turns":6.0},{"damage":2.0,"enemies":"Small Slimes","floor":2.0,"turns":4.0},{"damage":0.0,"enemies":"2 Louse","floor":5.0,"turns":2.0},{"damage":15.0,"enemies":"3 Sentries","floor":7.0,"turns":14.0},{"damage":1,"enemies":"Exordium Wildlife","floor":8,"turns":5},{"damage":7,"enemies":"Gremlin Nob","floor":11,"turns":4},{"damage":9,"enemies":"Lots of Slimes","floor":12,"turns":5},{"damage":0,"enemies":"Looter","floor":14,"turns":3},{"damage":22,"enemies":"Slime Boss","floor":16,"turns":10},{"damage":4,"enemies":"Spheric Guardian","floor":18,"turns":4},{"damage":10,"enemies":"Shell Parasite","floor":19,"turns":10},{"damage":9,"enemies":"Shelled Parasite and Fungi","floor":22,"turns":9},{"damage":20,"enemies":"Book of Stabbing","floor":24,"turns":8},{"damage":10,"enemies":"Centurion and Healer","floor":27,"turns":6},{"damage":12,"enemies":"Chosen and Byrds","floor":28,"turns":2}],"seed_played":"-275878184934736200","potions_obtained":[{"floor":5.0,"key":"SteroidPotion"},{"floor":7,"key":"Fire Potion"},{"floor":12,"key":"Dexterity Potion"},{"floor":14,"key":"GhostInAJar"},{"floor":18,"key":"SpeedPotion"}],"is_trial":false,"path_per_floor":["M","M","$","?","M","R","E","M","T","$","E","M","R","M","R","B",null,"M","M","$","?","M","R","E","?","T","M","M"],"character_chosen":"THE_SILENT","items_purchased":["Leg Sweep","Poisoned Stab"],"campfire_rested":1,"item_purchase_floors":[3,10],"current_hp_per_floor":[55,53,53,53,53,53,38,37,37,37,30,21,21,21,40,18,54,50,40,40,40,31,31,11,11,11,3,0],"gold":142,"neow_bonus":"RANDOM_COMMON_RELIC","is_prod":false,"is_daily":false,"chose_seed":false,"campfire_upgraded":3,"win_rate":0,"timestamp":1550866130,"path_taken":["M","?","$","?","M","R","E","M","T","?","E","?","R","M","R","BOSS","M","M","$","?","M","R","E","?","T","M","M"],"build_version":"2019-01-23","purchased_purges":2,"victory":false,"max_hp_per_floor":[66,66,66,66,66,66,66,66,66,66,66,66,66,66,66,66,66,66,66,66,66,66,66,66,66,66,66,66],"card_choices":[{"not_picked":["Bane","Quick Slash"],"picked":"Dash","floor":1.0},{"not_picked":["Masterful Stab","Underhanded Strike"],"picked":"Well Laid Plans","floor":2.0},{"not_picked":["Slice","Calculated Gamble"],"picked":"Backflip","floor":5.0},{"not_picked":["Distraction","Heel Hook"],"picked":"Bouncing Flask","floor":7},{"not_picked":["PiercingWail","Choke","Reflex"],"picked":"SKIP","floor":8},{"not_picked":["PiercingWail","Cloak And Dagger"],"picked":"Poisoned Stab","floor":11},{"not_picked":["Dagger Spray","Cloak And Dagger","Reflex"],"picked":"SKIP","floor":12},{"not_picked":["Skewer","Flying Knee"],"picked":"Deflect","floor":14},{"not_picked":["Doppelganger","Unload"],"picked":"Bullet Time","floor":16},{"not_picked":["Setup","Poisoned Stab"],"picked":"Deflect","floor":18},{"not_picked":["Deadly Poison","Infinite Blades","Quick Slash"],"picked":"SKIP","floor":19},{"not_picked":["Underhanded Strike","Outmaneuver","Bouncing Flask"],"picked":"SKIP","floor":22},{"not_picked":["Poisoned Stab","Unload"],"picked":"Backstab","floor":24},{"not_picked":["Slice","Tactician"],"picked":"Outmaneuver+1","floor":27}],"player_experience":826467,"relics_obtained":[{"floor":7,"key":"Orichalcum"},{"floor":11,"key":"Unceasing Top"},{"floor":24,"key":"Blood Vial"},{"floor":26,"key":"Bottled Flame"}],"event_choices":[{"damage_healed":0.0,"max_hp_gain":0.0,"max_hp_loss":0.0,"gold_gain":0.0,"event_name":"Match and Keep!","player_choice":"0 cards matched","floor":4.0,"gold_loss":0.0,"damage_taken":0.0,"cards_obtained":[]},{"damage_healed":0,"gold_gain":0,"player_choice":"Inject Mutagens","damage_taken":0,"relics_obtained":["MutagenicStrength"],"max_hp_gain":0,"max_hp_loss":0,"event_name":"Drug Dealer","floor":25,"gold_loss":0}],"is_beta":false,"boss_relics":[{"not_picked":["Coffee Dripper","Calling Bell"],"picked":"Ring of the Serpent"}],"items_purged_floors":[3,20],"is_endless":false,"potions_floor_spawned":[5,7,12,14,18,22],"killed_by":"Chosen and Byrds","ascension_level":17}