{"gold_per_floor":[145,70,81,81,97,97,124,124,147,147,166,166,191,217,217,312,312,324,324,357,69,69],"floor_reached":22,"playtime":560,"items_purged":["Strike_B","Strike_B"],"score":295,"play_id":"cd66e4dd-8dab-420c-9745-4b04ecc0af96","local_time":"20190209133808","is_ascension_mode":true,"campfire_choices":[{"data":"Defragment","floor":6,"key":"SMITH"},{"floor":8,"key":"REST"},{"data":"Static Discharge","floor":12,"key":"SMITH"},{"floor":15,"key":"REST"}],"neow_cost":"NONE","seed_source_timestamp":9781629439705,"circlet_count":0,"master_deck":["AscendersBane","Strike_B","Strike_B","Defend_B","Defend_B","Defend_B","Defend_B","Zap+1","Dualcast+1","Defragment+1","Streamline","Self Repair","Static Discharge+1","Capacitor","Electrodynamics","Consume","Cold Snap+1","Apotheosis"],"relics":["Cracked Core","Tiny Chest","Regal Pillow","Ancient Tea Set","Bottled Flame","Pocketwatch","War Paint","Philosopher\u0027s Stone","Red Mask"],"potions_floor_usage":[7,7],"damage_taken":[{"damage":8,"enemies":"Jaw Worm","floor":1,"turns":4},{"damage":12,"enemies":"Small Slimes","floor":3,"turns":4},{"damage":1,"enemies":"Cultist","floor":5,"turns":3},{"damage":32,"enemies":"Gremlin Nob","floor":7,"turns":4},{"damage":7,"enemies":"Exordium Thugs","floor":11,"turns":3},{"damage":35,"enemies":"Lagavulin","floor":13,"turns":4},{"damage":29,"enemies":"The Guardian","floor":16,"turns":7},{"damage":22,"enemies":"Shell Parasite","floor":18,"turns":4},{"damage":19,"enemies":"Colosseum Slavers","floor":19,"turns":2},{"damage":21,"enemies":"Masked Bandits","floor":20,"turns":2},{"damage":16,"enemies":"3 Byrds","floor":22,"turns":2}],"seed_played":"9014824833045433099","potions_obtained":[{"floor":1,"key":"Swift Potion"},{"floor":3,"key":"Swift Potion"},{"floor":20,"key":"FearPotion"}],"is_trial":false,"path_per_floor":["M","$","M","?","M","R","E","R","T","T","M","R","E","T","R","B",null,"M","?","?","$","M"],"character_chosen":"DEFECT","items_purchased":["Apotheosis"],"campfire_rested":2,"item_purchase_floors":[21],"current_hp_per_floor":[60,60,48,48,47,47,22,59,59,59,52,52,24,24,61,39,66,51,32,11,11,0],"gold":69,"neow_bonus":"RANDOM_COMMON_RELIC","is_prod":false,"is_daily":false,"chose_seed":false,"campfire_upgraded":2,"win_rate":0,"timestamp":1549687088,"path_taken":["M","$","M","?","M","R","E","R","T","?","M","R","E","?","R","BOSS","M","?","?","$","M"],"build_version":"2019-01-23","purchased_purges":2,"victory":false,"max_hp_per_floor":[75,75,75,75,75,75,75,75,75,75,75,75,75,75,75,75,75,75,75,75,75,75],"card_choices":[{"not_picked":["Compile Driver","Coolheaded"],"picked":"Defragment","floor":1},{"not_picked":["Auto Shields","Coolheaded"],"picked":"Streamline","floor":3},{"not_picked":["Consume","Heatsinks"],"picked":"Self Repair","floor":5},{"not_picked":["Hello World","Barrage","Steam"],"picked":"SKIP","floor":7},{"not_picked":["Double Energy","Steam"],"picked":"Static Discharge","floor":11},{"not_picked":["Barrage","Rebound"],"picked":"Capacitor","floor":13},{"not_picked":["Multi-Cast","Hyperbeam"],"picked":"Electrodynamics","floor":16},{"not_picked":["Redo","Tempest"],"picked":"Consume","floor":18},{"not_picked":["Steam+1","Beam Cell"],"picked":"Cold Snap+1","floor":20}],"player_experience":306343,"relics_obtained":[{"floor":7,"key":"Regal Pillow"},{"floor":9,"key":"Ancient Tea Set"},{"floor":10,"key":"Bottled Flame"},{"floor":13,"key":"Pocketwatch"},{"floor":14,"key":"War Paint"},{"floor":20,"key":"Red Mask"}],"event_choices":[{"damage_healed":0,"gold_gain":0,"player_choice":"Ignored","damage_taken":0,"max_hp_gain":0,"max_hp_loss":0,"event_name":"Shining Light","floor":4,"gold_loss":0},{"damage_healed":0,"gold_gain":0,"player_choice":"Fight","damage_taken":0,"max_hp_gain":0,"max_hp_loss":0,"event_name":"Colosseum","floor":19,"gold_loss":0},{"damage_healed":0,"gold_gain":0,"player_choice":"Fled From Nobs","damage_taken":0,"max_hp_gain":0,"max_hp_loss":0,"event_name":"Colosseum","floor":19,"gold_loss":0},{"damage_healed":0,"gold_gain":0,"player_choice":"Fought Bandits","damage_taken":0,"max_hp_gain":0,"max_hp_loss":0,"event_name":"Masked Bandits","floor":20,"gold_loss":0}],"is_beta":false,"boss_relics":[{"not_picked":["Runic Pyramid","Snecko Eye"],"picked":"Philosopher\u0027s Stone"}],"items_purged_floors":[2,21],"is_endless":false,"potions_floor_spawned":[1,3,20],"killed_by":"3 Byrds","ascension_level":11}