{"gold_per_floor":[361,361,380,146,146,174,193,211,211,211,237,88,98,109,109,213,213,227,255,60,60,70,70,70],"floor_reached":24,"playtime":1043,"items_purged":["Strike_B","Strike_B","Strike_B"],"score":216,"play_id":"7056d489-256b-429a-9ae6-e3930877492e","local_time":"20181030161639","is_ascension_mode":true,"campfire_choices":[{"floor":10,"key":"REST"},{"data":"Fission","floor":15,"key":"SMITH"},{"floor":23,"key":"REST"}],"neow_cost":"PERCENT_DAMAGE","seed_source_timestamp":1290132353847932,"circlet_count":0,"master_deck":["Defend_B","Defend_B","Defend_B","Defend_B","Zap","Dualcast","BootSequence","Fission+1","Rebound","Rainbow","Chill","Capacitor","Redo","Consume","Ball Lightning","Electrodynamics","Capacitor","Hologram","Loop","Force Field"],"relics":["Cracked Core","Dodecahedron","Question Card","Odd Mushroom","Lizard Tail","Red Mask","Vajra"],"potions_floor_usage":[19],"damage_taken":[{"damage":11,"enemies":"2 Louse","floor":1,"turns":3},{"damage":0,"enemies":"Jaw Worm","floor":3,"turns":3},{"damage":58,"enemies":"Gremlin Nob","floor":6,"turns":5},{"damage":1,"enemies":"Small Slimes","floor":7,"turns":4},{"damage":0,"enemies":"Looter","floor":8,"turns":3},{"damage":1,"enemies":"The Mushroom Lair","floor":11,"turns":5},{"damage":1,"enemies":"2 Fungi Beasts","floor":13,"turns":4},{"damage":1,"enemies":"Blue Slaver","floor":14,"turns":4},{"damage":19,"enemies":"Slime Boss","floor":16,"turns":10},{"damage":2,"enemies":"Shell Parasite","floor":18,"turns":5},{"damage":18,"enemies":"Masked Bandits","floor":19,"turns":3},{"damage":26,"enemies":"Spheric Guardian","floor":22,"turns":4},{"damage":34,"enemies":"Book of Stabbing","floor":24,"turns":6}],"seed_played":"-8391597715426030203","potions_obtained":[{"floor":6,"key":"SteroidPotion"},{"floor":7,"key":"EssenceOfSteel"},{"floor":14,"key":"SpeedPotion"},{"floor":16,"key":"EssenceOfSteel"},{"floor":19,"key":"Block Potion"}],"is_trial":false,"path_per_floor":["M","?","M","$","?","E","M","M","T","R","?","$","M","M","R","B",null,"M","?","$","T","M","R"],"character_chosen":"DEFECT","items_purchased":["Fission","Redo","Loop"],"campfire_rested":2,"item_purchase_floors":[4,12,20],"current_hp_per_floor":[43,36,36,36,61,3,2,2,2,24,23,23,22,21,21,2,75,73,55,55,55,29,51,17],"gold":70,"neow_bonus":"TWO_FIFTY_GOLD","is_prod":false,"is_daily":false,"chose_seed":false,"campfire_upgraded":1,"win_rate":0,"timestamp":1540930599,"path_taken":["M","?","M","$","?","E","M","?","T","R","?","$","M","M","R","BOSS","M","?","$","?","M","R","E"],"build_version":"2018-10-25v2","purchased_purges":3,"victory":false,"max_hp_per_floor":[75,75,75,75,75,75,75,75,75,75,75,75,75,75,75,75,75,75,75,75,75,75,75,75],"card_choices":[{"not_picked":["Leap","Barrage"],"picked":"BootSequence","floor":1},{"not_picked":["Stack","Coolheaded","Cold Snap"],"picked":"SKIP","floor":3},{"not_picked":["Cold Snap","Stack"],"picked":"Rebound","floor":6},{"not_picked":["Lockon","Hologram"],"picked":"Rainbow","floor":7},{"not_picked":["Streamline","Glacier"],"picked":"Chill","floor":8},{"not_picked":["Turbo","Compile Driver","Streamline"],"picked":"Capacitor","floor":11},{"not_picked":["Ball Lightning","Hologram","Coolheaded"],"picked":"Consume","floor":13},{"not_picked":["Reprogram","Compile Driver","Coolheaded"],"picked":"Ball Lightning","floor":14},{"not_picked":["Fission","Machine Learning","Hyperbeam"],"picked":"Electrodynamics","floor":16},{"not_picked":["Auto Shields","Sweeping Beam","Leap"],"picked":"Capacitor","floor":18},{"not_picked":["Turbo","Stack","Leap"],"picked":"Hologram","floor":19},{"not_picked":["Loop","Ball Lightning","Steam+1"],"picked":"Force Field","floor":22}],"player_experience":255993,"relics_obtained":[{"floor":6,"key":"Dodecahedron"},{"floor":9,"key":"Question Card"},{"floor":11,"key":"Odd Mushroom"},{"floor":19,"key":"Red Mask"},{"floor":21,"key":"Vajra"}],"event_choices":[{"cards_removed":["Strike_B"],"damage_healed":0,"gold_gain":0,"player_choice":"Card Removal","damage_taken":7,"max_hp_gain":0,"max_hp_loss":0,"event_name":"Golden Wing","floor":2,"gold_loss":0},{"damage_healed":25,"gold_gain":0,"player_choice":"Banana","damage_taken":0,"max_hp_gain":0,"max_hp_loss":0,"event_name":"Big Fish","floor":5,"gold_loss":0},{"damage_healed":0,"gold_gain":0,"player_choice":"Fought Mushrooms","damage_taken":0,"max_hp_gain":0,"max_hp_loss":0,"event_name":"Mushrooms","floor":11,"gold_loss":0},{"damage_healed":0,"gold_gain":0,"player_choice":"Fought Bandits","damage_taken":0,"max_hp_gain":0,"max_hp_loss":0,"event_name":"Masked Bandits","floor":19,"gold_loss":0}],"is_beta":false,"boss_relics":[{"not_picked":["Fusion Hammer","Snecko Eye"],"picked":"Lizard Tail"}],"items_purged_floors":[4,12,20],"is_endless":false,"potions_floor_spawned":[6,7,14,16,19],"killed_by":"Book of Stabbing","ascension_level":2}