{"gold_per_floor":[118,129,129,149,2,2,15,15,15,32,32,46,59,69,69,69],"floor_reached":16,"playtime":540,"items_purged":["Strike_R"],"score":120,"play_id":"af734d95-1dae-4478-9c6b-4cbe5c9370cf","local_time":"20190112212304","is_ascension_mode":true,"campfire_choices":[{"data":"Whirlwind","floor":6.0,"key":"SMITH"},{"data":"Searing Blow","floor":11.0,"key":"SMITH"},{"data":"Searing Blow+1","floor":15.0,"key":"SMITH"}],"neow_cost":"NONE","seed_source_timestamp":0,"circlet_count":0,"master_deck":["Strike_R","Strike_R","Strike_R","Defend_R","Defend_R","Defend_R","Defend_R","Bash","Finesse","Twin Strike","Searing Blow+2","Clash","Whirlwind+1","Shrug It Off","Metallicize","Battle Trance"],"special_seed":0,"relics":["Burning Blood"],"potions_floor_usage":[16,16],"damage_taken":[{"damage":14.0,"enemies":"Jaw Worm","floor":1.0,"turns":3.0},{"damage":8.0,"enemies":"2 Louse","floor":2.0,"turns":3.0},{"damage":1.0,"enemies":"Cultist","floor":4.0,"turns":3.0},{"damage":11.0,"enemies":"Gremlin Gang","floor":7.0,"turns":3.0},{"damage":0.0,"enemies":"3 Louse","floor":10.0,"turns":2.0},{"damage":19.0,"enemies":"Large Slime","floor":12.0,"turns":7.0},{"damage":5.0,"enemies":"Blue Slaver","floor":13.0,"turns":3.0},{"damage":6.0,"enemies":"Exordium Thugs","floor":14.0,"turns":3.0},{"damage":67,"enemies":"Hexaghost","floor":16,"turns":11}],"seed_played":"8736658890372415311","potions_obtained":[{"floor":2.0,"key":"SpeedPotion"},{"floor":7.0,"key":"Strength Potion"},{"floor":12.0,"key":"Poison Potion"},{"floor":14.0,"key":"Swift Potion"}],"is_trial":false,"path_per_floor":["M","M","?","M","$","R","M","?","T","M","R","M","M","M","R","B"],"character_chosen":"IRONCLAD","items_purchased":["Whirlwind"],"campfire_rested":0,"item_purchase_floors":[5],"current_hp_per_floor":[72,70,70,75,75,75,70,70,70,76,76,63,64,64,64,0],"gold":69,"neow_bonus":"RANDOM_COLORLESS","is_prod":false,"is_daily":false,"chose_seed":false,"campfire_upgraded":3,"win_rate":0,"timestamp":1547295784,"path_taken":["M","M","?","M","$","R","M","?","T","?","R","M","M","M","R","BOSS"],"build_version":"2019-01-10","purchased_purges":1,"victory":false,"max_hp_per_floor":[80,80,80,80,80,80,80,80,80,80,80,80,80,80,80,80],"card_choices":[{"not_picked":["Feel No Pain","Flex"],"picked":"Twin Strike","floor":1.0},{"not_picked":["Perfected Strike","Dual Wield"],"picked":"Searing Blow","floor":2.0},{"not_picked":["Twin Strike","Rampage"],"picked":"Clash","floor":4.0},{"not_picked":["Disarm","Flex","Sword Boomerang"],"picked":"SKIP","floor":7.0},{"not_picked":["Warcry","Heavy Blade"],"picked":"Shrug It Off","floor":10.0},{"not_picked":["Perfected Strike","Thunderclap"],"picked":"Metallicize","floor":12.0},{"not_picked":["Twin Strike","Hemokinesis","Pommel Strike"],"picked":"SKIP","floor":13.0},{"not_picked":["Sword Boomerang","True Grit"],"picked":"Battle Trance","floor":14.0}],"player_experience":220512,"relics_obtained":[],"event_choices":[{"damage_healed":0.0,"max_hp_gain":0.0,"max_hp_loss":0.0,"gold_gain":0.0,"event_name":"Golden Idol","player_choice":"Ignored","floor":3.0,"gold_loss":0.0,"damage_taken":0.0},{"cards_removed":["Strike_R"],"damage_healed":0.0,"max_hp_gain":0.0,"max_hp_loss":0.0,"gold_gain":0.0,"event_name":"Purifier","player_choice":"Purged","floor":8.0,"gold_loss":0.0,"damage_taken":0.0}],"is_beta":false,"boss_relics":[],"items_purged_floors":[5],"is_endless":false,"potions_floor_spawned":[2,7,12,14],"killed_by":"Hexaghost","ascension_level":5}