{"gold_per_floor":[361,361,23,39,59,92,92,121,121,121,141,151,151,183,183,183],"floor_reached":16,"playtime":603,"items_purged":["Strike_B"],"score":180,"play_id":"79cb6aa3-bf34-4cd5-ba3a-88bc24d3d0cc","local_time":"20190126214424","is_ascension_mode":true,"campfire_choices":[{"floor":7,"key":"REST"},{"floor":10,"key":"REST"},{"floor":13,"key":"REST"},{"data":"Strike_B","floor":15,"key":"PURGE"}],"neow_cost":"PERCENT_DAMAGE","seed_source_timestamp":767938762808230,"circlet_count":0,"master_deck":["AscendersBane","Strike_B","Defend_B","Defend_B","Defend_B","Defend_B","Zap","Dualcast","Streamline","Gash","Sweeping Beam","Doom and Gloom","Melter","Genetic Algorithm","Seek","Leap","Conserve Battery","Streamline"],"relics":["Cracked Core","Sling","Shovel","Dead Branch","Emotion Chip","Peace Pipe"],"potions_floor_usage":[6,14,14,16],"damage_taken":[{"damage":5,"enemies":"2 Louse","floor":1,"turns":3},{"damage":1,"enemies":"Cultist","floor":4,"turns":3},{"damage":12,"enemies":"Small Slimes","floor":5,"turns":3},{"damage":17,"enemies":"Gremlin Nob","floor":6,"turns":4},{"damage":25,"enemies":"Lagavulin","floor":8,"turns":7},{"damage":15,"enemies":"2 Fungi Beasts","floor":11,"turns":3},{"damage":6,"enemies":"Looter","floor":12,"turns":3},{"damage":11,"enemies":"Gremlin Nob","floor":14,"turns":3},{"damage":24,"enemies":"The Guardian","floor":16,"turns":10}],"seed_played":"-3124651670622162941","potions_obtained":[{"floor":4,"key":"Block Potion"},{"floor":6,"key":"FearPotion"},{"floor":11,"key":"PowerPotion"},{"floor":14,"key":"GamblersBrew"}],"is_trial":false,"path_per_floor":["M","?","$","M","M","E","R","E","T","R","M","M","R","E","R","B"],"character_chosen":"DEFECT","items_purchased":["Sling","Gash","Sweeping Beam"],"campfire_rested":3,"item_purchase_floors":[3,3,3],"current_hp_per_floor":[45,45,45,44,32,15,37,12,12,34,19,13,35,24,24,0],"gold":183,"neow_bonus":"TWO_FIFTY_GOLD","is_prod":false,"is_daily":false,"chose_seed":false,"campfire_upgraded":0,"win_rate":0,"timestamp":1548557064,"path_taken":["M","?","$","M","?","E","R","E","T","R","M","M","R","E","R","BOSS"],"build_version":"2019-01-23","purchased_purges":1,"victory":false,"max_hp_per_floor":[75,75,75,75,75,75,75,75,75,75,75,75,75,75,75,75],"card_choices":[{"not_picked":["Reprogram","Fusion"],"picked":"Streamline","floor":1},{"not_picked":["Cold Snap","Redo"],"picked":"Doom and Gloom","floor":4},{"not_picked":["Turbo","Barrage"],"picked":"Melter","floor":5},{"not_picked":["Compile Driver","Beam Cell"],"picked":"Genetic Algorithm","floor":6},{"not_picked":["Go for the Eyes","Redo"],"picked":"Seek","floor":8},{"not_picked":["Redo","Tempest"],"picked":"Leap","floor":11},{"not_picked":["Genetic Algorithm","Hologram"],"picked":"Conserve Battery","floor":12},{"not_picked":["Static Discharge","White Noise"],"picked":"Streamline","floor":14}],"player_experience":490861,"relics_obtained":[{"floor":6,"key":"Shovel"},{"floor":8,"key":"Dead Branch"},{"floor":9,"key":"Emotion Chip"},{"floor":14,"key":"Peace Pipe"}],"event_choices":[{"cards_removed":["Strike_B"],"damage_healed":0,"gold_gain":0,"player_choice":"Purged","damage_taken":0,"max_hp_gain":0,"max_hp_loss":0,"event_name":"Purifier","floor":2,"gold_loss":0}],"is_beta":false,"boss_relics":[],"items_purged_floors":[3],"is_endless":false,"potions_floor_spawned":[4,6,11,14],"killed_by":"The Guardian","ascension_level":10}