{"gold_per_floor":[114,114,125,72,72,106,106,131,131,131,159,159,46,56,56,160,160,144,69,69,69,88,88],"floor_reached":23,"playtime":857,"items_purged":["Strike_B"],"score":345,"play_id":"47fa28d3-abb8-4485-8054-44c606231260","local_time":"20190208230124","is_ascension_mode":true,"campfire_choices":[{"data":"Self Repair","floor":7.0,"key":"SMITH"},{"floor":12,"key":"REST"},{"floor":15,"key":"REST"}],"neow_cost":"NONE","seed_source_timestamp":1537560282668,"circlet_count":0,"master_deck":["AscendersBane","Strike_B","Strike_B","Defend_B","Defend_B","Defend_B","Defend_B","Zap","Dualcast","Gash","Self Repair+1","Go for the Eyes","Go for the Eyes","Beam Cell","Buffer","Glacier","Capacitor","Ball Lightning","Seek","Ball Lightning","Coolheaded+1"],"special_seed":0,"relics":["Cracked Core","NeowsBlessing","Mummified Hand","Pear","Shovel","Pen Nib","Blood Vial","Philosopher\u0027s Stone"],"potions_floor_usage":[11,11,18,23],"damage_taken":[{"damage":0.0,"enemies":"Small Slimes","floor":1.0,"turns":1.0},{"damage":0.0,"enemies":"2 Louse","floor":3.0,"turns":1.0},{"damage":0.0,"enemies":"Gremlin Nob","floor":6.0,"turns":1.0},{"damage":36.0,"enemies":"Lagavulin","floor":8.0,"turns":6.0},{"damage":26,"enemies":"3 Sentries","floor":11,"turns":10},{"damage":9,"enemies":"Jaw Worm","floor":14,"turns":2},{"damage":22,"enemies":"Slime Boss","floor":16,"turns":11},{"damage":32,"enemies":"2 Thieves","floor":18,"turns":5},{"damage":45,"enemies":"3 Byrds","floor":22,"turns":6},{"damage":27,"enemies":"Gremlin Leader","floor":23,"turns":2}],"seed_played":"-6098224143239108975","potions_obtained":[{"floor":1.0,"key":"EssenceOfSteel"},{"floor":6.0,"key":"Strength Potion"},{"floor":8.0,"key":"SpeedPotion"},{"floor":16,"key":"FearPotion"},{"floor":18,"key":"Block Potion"},{"floor":22,"key":"Ancient Potion"}],"is_trial":false,"path_per_floor":["M","?","M","$","?","E","R","E","T","?","E","R","$","M","R","B",null,"M","$","?","?","M","E"],"character_chosen":"DEFECT","items_purchased":["Go for the Eyes","Glacier","Capacitor"],"campfire_rested":2,"item_purchase_floors":[4,13,13],"current_hp_per_floor":[68,56,56,56,56,66,66,40,40,33,17,42,42,35,60,50,76,56,56,56,56,23,0],"gold":88,"neow_bonus":"THREE_ENEMY_KILL","is_prod":false,"is_daily":false,"chose_seed":false,"campfire_upgraded":1,"win_rate":0,"timestamp":1549634484,"path_taken":["M","?","M","$","?","E","R","E","T","?","E","R","$","M","R","BOSS","M","$","?","?","M","E"],"build_version":"2019-01-23","purchased_purges":1,"victory":false,"max_hp_per_floor":[75,75,75,75,75,85,85,85,85,85,85,85,85,85,85,85,85,85,85,85,85,85,85],"card_choices":[{"not_picked":["Reinforced Body","Recycle"],"picked":"Gash","floor":1.0},{"not_picked":["Conserve Battery","Sweeping Beam"],"picked":"Self Repair","floor":3.0},{"not_picked":["Doom and Gloom","Lockon"],"picked":"Go for the Eyes","floor":6.0},{"not_picked":["Steam Power","Capacitor"],"picked":"Beam Cell","floor":8.0},{"not_picked":["Ball Lightning","Steam Power"],"picked":"Buffer","floor":11},{"not_picked":["Rebound","Leap"],"picked":"Ball Lightning","floor":14},{"not_picked":["Thunder Strike","Machine Learning"],"picked":"Seek","floor":16},{"not_picked":["Skim","Blizzard+1"],"picked":"Ball Lightning","floor":18},{"not_picked":["Barrage","Beam Cell"],"picked":"Coolheaded+1","floor":22}],"player_experience":299606,"relics_obtained":[{"floor":6.0,"key":"Pear"},{"floor":8.0,"key":"Shovel"},{"floor":9.0,"key":"Pen Nib"},{"floor":11,"key":"Blood Vial"}],"event_choices":[{"damage_healed":0.0,"max_hp_gain":0.0,"max_hp_loss":0.0,"gold_gain":0.0,"event_name":"Scrap Ooze","player_choice":"Success","floor":2.0,"gold_loss":0.0,"damage_taken":12.0,"relics_obtained":["Mummified Hand"]},{"damage_healed":0.0,"max_hp_gain":0.0,"max_hp_loss":0.0,"gold_gain":0.0,"event_name":"Golden Idol","player_choice":"Ignored","floor":5.0,"gold_loss":0.0,"damage_taken":0.0},{"cards_removed":["Strike_B"],"damage_healed":0.0,"max_hp_gain":0.0,"max_hp_loss":0.0,"gold_gain":0.0,"event_name":"Golden Wing","player_choice":"Card Removal","floor":10.0,"gold_loss":0.0,"damage_taken":7.0},{"damage_healed":0,"gold_gain":0,"player_choice":"Ignored","damage_taken":0,"max_hp_gain":0,"max_hp_loss":0,"event_name":"Ghosts","floor":20,"gold_loss":0},{"damage_healed":0,"gold_gain":0,"player_choice":"Ignored","damage_taken":0,"max_hp_gain":0,"max_hp_loss":0,"event_name":"The Mausoleum","floor":21,"gold_loss":0}],"is_beta":false,"boss_relics":[{"not_picked":["Snecko Eye","Coffee Dripper"],"picked":"Philosopher\u0027s Stone"}],"items_purged_floors":[19],"is_endless":false,"potions_floor_spawned":[1,6,8,16,18,22],"killed_by":"Gremlin Leader","ascension_level":10}