{"gold_per_floor":[217,91,91,42,59,59,72,103,103,178,353,370,23,40,40,141,141,152,4,17,35,35,67,67,85,112,112],"floor_reached":27,"playtime":1473,"items_purged":["Strike_B","Doubt"],"score":373,"play_id":"31e2c120-b5c8-4df7-a51d-f9c5ae2237c5","local_time":"20190130161430","is_ascension_mode":true,"campfire_choices":[{"data":"Streamline","floor":6,"key":"SMITH"},{"data":"Echo Form","floor":15,"key":"SMITH"},{"floor":24,"key":"REST"}],"neow_cost":"NONE","seed_source_timestamp":1092923240738694,"circlet_count":0,"master_deck":["AscendersBane","Strike_B","Strike_B","Strike_B","Defend_B","Defend_B","Defend_B","Defend_B","Zap","Dualcast","Self Repair","Sweeping Beam","Streamline+1","Doom and Gloom","Coolheaded","Cold Snap","Echo Form+1","Seek","Storm","Recycle","Steam"],"relics":["Cracked Core","Pantograph","Bag of Preparation","Toy Ornithopter","Runic Pyramid","Art of War","Pen Nib","Juzu Bracelet"],"potions_floor_usage":[8,16,16,18,23],"damage_taken":[{"damage":1,"enemies":"Cultist","floor":1,"turns":4},{"damage":3,"enemies":"Jaw Worm","floor":5,"turns":4},{"damage":7,"enemies":"Small Slimes","floor":7,"turns":3},{"damage":11,"enemies":"3 Sentries","floor":8,"turns":4},{"damage":3,"enemies":"Blue Slaver","floor":12,"turns":3},{"damage":16,"enemies":"Exordium Thugs","floor":14,"turns":4},{"damage":41,"enemies":"Hexaghost","floor":16,"turns":12},{"damage":11,"enemies":"3 Byrds","floor":18,"turns":5},{"damage":38,"enemies":"2 Thieves","floor":20,"turns":4},{"damage":22,"enemies":"Snake Plant","floor":21,"turns":5},{"damage":28,"enemies":"Book of Stabbing","floor":23,"turns":8},{"damage":25,"enemies":"Shelled Parasite and Fungi","floor":25,"turns":9},{"damage":39,"enemies":"Centurion and Healer","floor":27,"turns":2}],"seed_played":"-5982967521132723819","potions_obtained":[{"floor":3,"key":"SkillPotion"},{"floor":16,"key":"Explosive Potion"},{"floor":20,"key":"FocusPotion"},{"floor":25,"key":"AttackPotion"}],"is_trial":false,"path_per_floor":["M","$","?","$","M","R","M","E","T","?","?","M","$","M","R","B",null,"M","$","M","M","$","E","R","M","T","M"],"character_chosen":"DEFECT","items_purchased":["Fire Potion","Sweeping Beam","Toy Ornithopter","Dexterity Potion","Art of War"],"campfire_rested":1,"item_purchase_floors":[2,4,13,13,19],"current_hp_per_floor":[67,67,67,67,71,71,71,60,60,49,49,53,53,44,44,52,69,75,75,44,36,36,27,49,38,38,0],"gold":112,"neow_bonus":"HUNDRED_GOLD","is_prod":false,"is_daily":false,"chose_seed":false,"campfire_upgraded":2,"win_rate":0,"timestamp":1548882870,"path_taken":["M","$","?","?","M","R","M","E","T","?","?","M","$","M","R","BOSS","M","$","M","M","$","E","R","M","T","M"],"build_version":"2019-01-23","purchased_purges":2,"victory":false,"max_hp_per_floor":[75,75,75,75,75,75,75,75,75,75,75,75,75,75,75,75,75,75,75,75,75,75,75,75,75,75,75],"card_choices":[{"not_picked":["Steam","Scrape"],"picked":"Self Repair","floor":1},{"not_picked":["Beam Cell","Hologram"],"picked":"Streamline","floor":5},{"not_picked":["Rebound","Turbo"],"picked":"Doom and Gloom","floor":7},{"not_picked":["Conserve Battery","Heatsinks"],"picked":"Coolheaded","floor":8},{"not_picked":["Hello World","Force Field"],"picked":"Cold Snap","floor":12},{"not_picked":["Cold Snap","Blizzard"],"picked":"Echo Form","floor":14},{"not_picked":["All For One","Thunder Strike"],"picked":"Seek","floor":16},{"not_picked":["Compile Driver","Heatsinks+1"],"picked":"Storm","floor":18},{"not_picked":["Steam","Darkness"],"picked":"Recycle","floor":20},{"not_picked":["Beam Cell","Tempest"],"picked":"Steam","floor":21},{"not_picked":["Doom and Gloom","Auto Shields","Reinforced Body"],"picked":"SKIP","floor":23},{"not_picked":["Sweeping Beam","Doom and Gloom","Cold Snap"],"picked":"SKIP","floor":25}],"player_experience":580654,"relics_obtained":[{"floor":8,"key":"Pantograph"},{"floor":9,"key":"Bag of Preparation"},{"floor":23,"key":"Pen Nib"},{"floor":26,"key":"Juzu Bracelet"}],"event_choices":[{"damage_healed":0,"gold_gain":0,"player_choice":"Got Potions","damage_taken":0,"max_hp_gain":0,"max_hp_loss":0,"event_name":"Lab","floor":3,"gold_loss":0},{"damage_healed":0,"gold_gain":75,"player_choice":"Gather Gold","damage_taken":11,"max_hp_gain":0,"max_hp_loss":0,"event_name":"World of Goop","floor":10,"gold_loss":0},{"damage_healed":0,"gold_gain":175,"player_choice":"AGREE","damage_taken":0,"max_hp_gain":0,"max_hp_loss":0,"event_name":"Liars Game","floor":11,"gold_loss":0,"cards_obtained":["Doubt"]}],"is_beta":false,"boss_relics":[{"not_picked":["Pandora\u0027s Box","Sozu"],"picked":"Runic Pyramid"}],"items_purged_floors":[2,13],"is_endless":false,"potions_floor_spawned":[7,14,16,20,25],"killed_by":"Centurion and Healer","ascension_level":12}