{"gold_per_floor":[113,125,144,159,2,2,21,40,40,40,75,89,103,103,103,204,204,217,234,234,249,159,179,179,194,194,194,225,236,252,101,101,198,198,211,211,223,223,237,237],"floor_reached":40,"playtime":3229,"items_purged":["Defend_B","Defend_B"],"score":416,"play_id":"f61035d8-6adb-4c89-80a3-3c9f476b58f9","local_time":"20190104102545","is_ascension_mode":false,"campfire_choices":[{"data":"Defragment","floor":6,"key":"SMITH"},{"data":"Redo","floor":15,"key":"SMITH"},{"data":"Redo","floor":24,"key":"SMITH"},{"data":"Beam Cell","floor":27,"key":"SMITH"},{"floor":32,"key":"REST"}],"neow_cost":"NONE","seed_source_timestamp":1195958864984,"circlet_count":0,"master_deck":["Strike_B+1","Defend_B+1","Zap","Dualcast","Defragment+1","Steam","Conserve Battery","Streamline+1","Self Repair","Redo+1","Chill","Compile Driver","Lockon","All For One","White Noise+1","Glacier+1","Conserve Battery+1","Redo+1","Ball Lightning","Force Field+1","Redo+1","Beam Cell+1","Gash","Doom and Gloom","Gash+1","Stack","Machine Learning","Steam"],"relics":["Cracked Core","NeowsBlessing","Oddly Smooth Stone","Du-Vu Doll","Bag of Marbles","Astrolabe","Ice Cream","Letter Opener","Lizard Tail"],"potions_floor_usage":[13,21,29,29,33,33,40],"damage_taken":[{"damage":0,"enemies":"Jaw Worm","floor":1,"turns":1},{"damage":0,"enemies":"2 Louse","floor":2,"turns":1},{"damage":0,"enemies":"Cultist","floor":3,"turns":1},{"damage":2,"enemies":"2 Fungi Beasts","floor":4,"turns":4},{"damage":13,"enemies":"Red Slaver","floor":7,"turns":4},{"damage":15,"enemies":"Exordium Thugs","floor":8,"turns":6},{"damage":18,"enemies":"3 Sentries","floor":11,"turns":6},{"damage":8,"enemies":"Large Slime","floor":12,"turns":6},{"damage":8,"enemies":"Exordium Wildlife","floor":13,"turns":4},{"damage":15,"enemies":"The Guardian","floor":16,"turns":12},{"damage":0,"enemies":"Chosen","floor":18,"turns":4},{"damage":0,"enemies":"Shell Parasite","floor":19,"turns":10},{"damage":5,"enemies":"Shelled Parasite and Fungi","floor":21,"turns":6},{"damage":2,"enemies":"Snecko","floor":23,"turns":5},{"damage":27,"enemies":"Cultist and Chosen","floor":25,"turns":5},{"damage":60,"enemies":"Slavers","floor":28,"turns":6},{"damage":2,"enemies":"3 Cultists","floor":29,"turns":5},{"damage":0,"enemies":"Centurion and Healer","floor":30,"turns":6},{"damage":37,"enemies":"Champ","floor":33,"turns":10},{"damage":28,"enemies":"3 Darklings","floor":35,"turns":5},{"damage":6,"enemies":"3 Shapes","floor":37,"turns":5},{"damage":26,"enemies":"3 Darklings","floor":39,"turns":4},{"damage":89,"enemies":"Reptomancer","floor":40,"turns":2}],"seed_played":"-3161964717817514499","potions_obtained":[{"floor":3,"key":"AttackPotion"},{"floor":4,"key":"PowerPotion"},{"floor":12,"key":"Fruit Juice"},{"floor":19,"key":"Swift Potion"},{"floor":20,"key":"Fruit Juice"},{"floor":21,"key":"Poison Potion"},{"floor":23,"key":"Block Potion"},{"floor":30,"key":"Fire Potion"},{"floor":35,"key":"PowerPotion"},{"floor":39,"key":"Explosive Potion"}],"is_trial":false,"path_per_floor":["M","M","M","M","$","R","M","M","T","?","E","M","M","?","R","B",null,"M","M","?","M","?","M","R","M","T","R","E","M","M","$","R","B",null,"M","?","M","?","M","E"],"character_chosen":"DEFECT","items_purchased":["Self Repair","Stack"],"campfire_rested":1,"item_purchase_floors":[5,31],"current_hp_per_floor":[75,75,75,73,73,73,67,59,59,47,36,35,39,23,23,15,80,80,80,80,85,85,85,85,65,65,65,12,17,24,24,49,12,85,57,57,58,58,39,0],"gold":237,"neow_bonus":"THREE_ENEMY_KILL","is_prod":false,"is_daily":false,"chose_seed":false,"campfire_upgraded":4,"win_rate":0.0,"timestamp":1546565145,"path_taken":["M","M","M","M","$","R","M","M","T","?","E","M","M","?","R","BOSS","M","M","?","?","?","M","R","M","T","R","E","?","M","$","R","BOSS","M","?","M","?","M","E"],"build_version":"2018-12-20","purchased_purges":2,"victory":false,"max_hp_per_floor":[75,75,75,75,75,75,75,75,75,75,75,75,80,80,80,80,80,80,80,80,85,85,85,85,85,85,85,85,85,85,85,85,85,85,85,81,81,81,81,81],"card_choices":[{"not_picked":["Ball Lightning","Consume"],"picked":"Defragment","floor":1},{"not_picked":["Hologram","White Noise"],"picked":"Steam","floor":2},{"not_picked":["Compile Driver","Hologram"],"picked":"Conserve Battery","floor":3},{"not_picked":["Sweeping Beam","Barrage"],"picked":"Streamline","floor":4},{"not_picked":["White Noise","Streamline","Consume"],"picked":"SKIP","floor":7},{"not_picked":["Steam","Hologram"],"picked":"Redo","floor":8},{"not_picked":["Hologram","Reboot"],"picked":"Chill","floor":11},{"not_picked":["Tempest","Heatsinks"],"picked":"Compile Driver","floor":12},{"not_picked":["White Noise","Conserve Battery"],"picked":"Lockon","floor":13},{"not_picked":["Biased Cognition","Creative AI"],"picked":"All For One","floor":16},{"not_picked":["Hologram","Cold Snap"],"picked":"Redo+1","floor":18},{"not_picked":["Coolheaded","Steam"],"picked":"Ball Lightning","floor":19},{"not_picked":["Ball Lightning","Chaos+1"],"picked":"Force Field+1","floor":21},{"not_picked":["Lockon+1","Hologram"],"picked":"Redo","floor":23},{"not_picked":["Chaos","Leap"],"picked":"Beam Cell","floor":25},{"not_picked":["Leap","Doom and Gloom"],"picked":"Gash","floor":28},{"not_picked":["Coolheaded+1","Compile Driver"],"picked":"Doom and Gloom","floor":29},{"not_picked":["Capacitor+1","BootSequence+1"],"picked":"Gash+1","floor":30},{"not_picked":["Thunder Strike","Creative AI"],"picked":"Machine Learning","floor":33},{"not_picked":["Doom and Gloom+1","Static Discharge+1","Ball Lightning"],"picked":"SKIP","floor":35},{"not_picked":["Compile Driver","White Noise+1","Blizzard"],"picked":"SKIP","floor":37},{"not_picked":["Blizzard","Leap"],"picked":"Steam","floor":39}],"player_experience":85322,"relics_obtained":[{"floor":9,"key":"Oddly Smooth Stone"},{"floor":11,"key":"Bag of Marbles"},{"floor":26,"key":"Ice Cream"},{"floor":28,"key":"Letter Opener"}],"event_choices":[{"damage_healed":0,"gold_gain":0,"player_choice":"Success","damage_taken":12,"relics_obtained":["Du-Vu Doll"],"max_hp_gain":0,"max_hp_loss":0,"event_name":"Scrap Ooze","floor":10,"gold_loss":0},{"damage_healed":0,"gold_gain":0,"player_choice":"Entered Light","damage_taken":16,"max_hp_gain":0,"max_hp_loss":0,"event_name":"Shining Light","floor":14,"gold_loss":0,"cards_upgraded":["Strike_B","Defend_B"]},{"damage_healed":0,"gold_gain":0,"player_choice":"Got Potions","damage_taken":0,"max_hp_gain":0,"max_hp_loss":0,"event_name":"Lab","floor":20,"gold_loss":0},{"cards_removed":["Defend_B"],"damage_healed":0,"gold_gain":0,"player_choice":"Upgrade and Remove","damage_taken":0,"max_hp_gain":0,"max_hp_loss":0,"event_name":"Designer","floor":22,"gold_loss":90,"cards_upgraded":["Streamline"]},{"damage_healed":0,"gold_gain":0,"player_choice":"Max HP","damage_taken":0,"max_hp_gain":0,"max_hp_loss":4,"event_name":"Winding Halls","floor":36,"gold_loss":0},{"damage_healed":0,"gold_gain":0,"player_choice":"Ignored","damage_taken":0,"max_hp_gain":0,"max_hp_loss":0,"event_name":"Tomb of Lord Red Mask","floor":38,"gold_loss":0}],"is_beta":false,"boss_relics":[{"not_picked":["Calling Bell","Pandora\u0027s Box"],"picked":"Astrolabe"},{"not_picked":["Orrery","Eternal Feather"],"picked":"Lizard Tail"}],"items_purged_floors":[5,31],"is_endless":false,"potions_floor_spawned":[3,4,12,19,21,23,30,35,39],"killed_by":"Reptomancer","ascension_level":0}