{"gold_per_floor":[110,129,146,165,178,178,210,222,246,264,264,294,294,306,306,407,407,424,437,450,450],"floor_reached":21,"playtime":1163,"items_purged":[],"score":227,"play_id":"5a40017f-7cea-42b3-9b11-995b1edb6c34","local_time":"20190111143610","is_ascension_mode":true,"campfire_choices":[{"data":"Blade Dance","floor":6.0,"key":"SMITH"},{"floor":11.0,"key":"REST"},{"data":"Cloak And Dagger","floor":15.0,"key":"SMITH"}],"neow_cost":"NONE","seed_source_timestamp":15224646563176,"circlet_count":0,"master_deck":["Defend_G","Defend_G","Defend_G","Defend_G","Defend_G","Strike_G","Strike_G","Strike_G","Strike_G","Survivor","Neutralize","After Image","Blade Dance+1","Backflip","Cloak And Dagger+1","Deflect","Dagger Spray","Cloak And Dagger","Deflect","Die Die Die","Acrobatics","PiercingWail+1"],"special_seed":0,"relics":["Ring of the Snake","Vajra","Dream Catcher","Anchor"],"potions_floor_usage":[16,16,20],"damage_taken":[{"damage":0.0,"enemies":"Small Slimes","floor":1.0,"turns":3.0},{"damage":4.0,"enemies":"Jaw Worm","floor":2.0,"turns":4.0},{"damage":2.0,"enemies":"Cultist","floor":3.0,"turns":4.0},{"damage":2.0,"enemies":"Large Slime","floor":4.0,"turns":9.0},{"damage":6.0,"enemies":"3 Louse","floor":5.0,"turns":5.0},{"damage":41.0,"enemies":"Gremlin Nob","floor":7.0,"turns":6.0},{"damage":1.0,"enemies":"Looter","floor":8.0,"turns":3.0},{"damage":1.0,"enemies":"Blue Slaver","floor":10.0,"turns":5.0},{"damage":5.0,"enemies":"3 Sentries","floor":12.0,"turns":8.0},{"damage":0.0,"enemies":"2 Fungi Beasts","floor":14.0,"turns":4.0},{"damage":31,"enemies":"Slime Boss","floor":16,"turns":16},{"damage":2,"enemies":"Shell Parasite","floor":18,"turns":8},{"damage":9,"enemies":"Spheric Guardian","floor":19,"turns":7},{"damage":46,"enemies":"Snecko","floor":20,"turns":9},{"damage":17,"enemies":"Snake Plant","floor":21,"turns":2}],"seed_played":"4283011107187025594","potions_obtained":[{"floor":4.0,"key":"LiquidBronze"},{"floor":5.0,"key":"Ancient Potion"},{"floor":7.0,"key":"Swift Potion"},{"floor":8.0,"key":"Regen Potion"},{"floor":12.0,"key":"FearPotion"},{"floor":16,"key":"Swift Potion"},{"floor":18,"key":"SteroidPotion"},{"floor":20,"key":"SpeedPotion"}],"is_trial":false,"path_per_floor":["M","M","M","M","M","R","E","M","T","M","R","E","?","M","R","B",null,"M","M","M","M"],"character_chosen":"THE_SILENT","items_purchased":[],"campfire_rested":1,"item_purchase_floors":[],"current_hp_per_floor":[70,66,64,62,56,56,15,14,14,27,48,43,43,43,43,12,70,68,59,13,0],"gold":450,"neow_bonus":"ONE_RANDOM_RARE_CARD","is_prod":false,"is_daily":false,"chose_seed":false,"campfire_upgraded":2,"win_rate":0,"timestamp":1547184970,"path_taken":["M","M","M","M","M","R","E","M","T","M","R","E","?","M","R","BOSS","M","M","M","M"],"build_version":"2019-01-10","purchased_purges":0,"victory":false,"max_hp_per_floor":[70,70,70,70,70,70,70,70,70,70,70,70,70,70,70,70,70,70,70,70,70],"card_choices":[{"not_picked":["Bane","Flying Knee"],"picked":"Blade Dance","floor":1.0},{"not_picked":["Flying Knee","Prepared"],"picked":"Backflip","floor":2.0},{"not_picked":["Quick Slash","Poisoned Stab"],"picked":"Cloak And Dagger","floor":3.0},{"not_picked":["Prepared","Slice"],"picked":"Deflect","floor":4.0},{"not_picked":["Acrobatics","Poisoned Stab"],"picked":"Dagger Spray","floor":5.0},{"not_picked":["Tools of the Trade","Expertise","Doppelganger"],"picked":"SKIP","floor":7.0},{"not_picked":["Dagger Spray","Backflip","Crippling Poison"],"picked":"SKIP","floor":8.0},{"not_picked":["Bane","Deadly Poison"],"picked":"Cloak And Dagger","floor":10.0},{"not_picked":["Poisoned Stab","Deadly Poison"],"picked":"Deflect","floor":11.0},{"not_picked":["Choke","Prepared","Expertise"],"picked":"SKIP","floor":12.0},{"not_picked":["Underhanded Strike","Backflip","Deflect"],"picked":"SKIP","floor":14.0},{"not_picked":["After Image","Corpse Explosion"],"picked":"Die Die Die","floor":16},{"not_picked":["Flying Knee","Choke+1"],"picked":"Acrobatics","floor":18},{"not_picked":["Deadly Poison","Flying Knee","Slice+1"],"picked":"SKIP","floor":19},{"not_picked":["Flechettes","Dodge and Roll"],"picked":"PiercingWail+1","floor":20}],"player_experience":204981,"relics_obtained":[{"floor":7.0,"key":"Vajra"},{"floor":9.0,"key":"Dream Catcher"},{"floor":12.0,"key":"Anchor"}],"event_choices":[{"cards_removed":["Strike_G"],"damage_healed":0.0,"max_hp_gain":0.0,"max_hp_loss":0.0,"gold_gain":0.0,"event_name":"Living Wall","player_choice":"Forget","floor":13.0,"gold_loss":0.0,"damage_taken":0.0}],"is_beta":false,"boss_relics":[{"not_picked":["Velvet Choker","Ectoplasm","Fusion Hammer"]}],"items_purged_floors":[],"is_endless":false,"potions_floor_spawned":[4,5,7,8,12,16,18,20],"killed_by":"Snake Plant","ascension_level":3}