{"gold_per_floor":[118,136,155,24,44,44,79,79,79,79,90,90,119,119,119,196,196,213,213,224,234,244,244,244],"floor_reached":24,"playtime":1030,"items_purged":["Dualcast"],"score":395,"play_id":"01262320-a67a-4fe3-9531-37213122e003","local_time":"20190303174218","is_ascension_mode":true,"campfire_choices":[{"data":"Fission","floor":6,"key":"SMITH"},{"data":"Multi-Cast","floor":8,"key":"SMITH"},{"data":"Zap","floor":10,"key":"SMITH"},{"floor":15,"key":"REST"},{"floor":23,"key":"REST"}],"neow_cost":"NONE","seed_source_timestamp":19791828594427,"circlet_count":0,"master_deck":["AscendersBane","Zap+1","Hello World","Multi-Cast+1","Electrodynamics","Barrage","Fission+1","Turbo","Steam","White Noise","Leap","Genetic Algorithm","Tempest","Conserve Battery","White Noise","Defragment","Go for the Eyes","Reboot","Thunder Strike","Genetic Algorithm","Loop","Leap","Self Repair","Consume","Self Repair+1"],"relics":["Pandora\u0027s Box","Bottled Flame","Prayer Wheel","Peace Pipe","Philosopher\u0027s Stone"],"potions_floor_usage":[5,20],"damage_taken":[{"damage":4,"enemies":"Small Slimes","floor":1,"turns":2},{"damage":6,"enemies":"Jaw Worm","floor":2,"turns":2},{"damage":0,"enemies":"Cultist","floor":3,"turns":3},{"damage":0,"enemies":"Lots of Slimes","floor":5,"turns":2},{"damage":7,"enemies":"Lagavulin","floor":7,"turns":6},{"damage":2,"enemies":"Large Slime","floor":11,"turns":4},{"damage":44,"enemies":"Gremlin Nob","floor":13,"turns":5},{"damage":22,"enemies":"Slime Boss","floor":16,"turns":6},{"damage":24,"enemies":"2 Thieves","floor":18,"turns":2},{"damage":13,"enemies":"Shell Parasite","floor":20,"turns":3},{"damage":7,"enemies":"Chosen and Byrds","floor":21,"turns":4},{"damage":5,"enemies":"Snake Plant","floor":22,"turns":2},{"damage":36,"enemies":"Gremlin Leader","floor":24,"turns":2}],"seed_played":"8021635089010217532","potions_obtained":[{"floor":1,"key":"FairyPotion"},{"floor":16,"key":"FearPotion"},{"floor":18,"key":"Weak Potion"},{"floor":22,"key":"Regen Potion"}],"is_trial":false,"path_per_floor":["M","M","M","$","M","R","E","R","T","R","M","?","E","?","R","B",null,"M","?","M","M","M","R","E"],"character_chosen":"DEFECT","items_purchased":["Block Potion"],"campfire_rested":2,"item_purchase_floors":[4],"current_hp_per_floor":[60,54,54,54,54,54,47,47,47,47,45,45,1,1,22,7,55,31,31,18,11,6,27,0],"gold":244,"neow_bonus":"BOSS_RELIC","is_prod":false,"is_daily":false,"chose_seed":false,"campfire_upgraded":3,"win_rate":0,"timestamp":1551652938,"path_taken":["M","M","M","$","M","R","E","R","T","R","M","?","E","?","R","BOSS","M","?","M","M","M","R","E"],"build_version":"2019-01-23","purchased_purges":1,"victory":false,"max_hp_per_floor":[71,71,71,71,71,71,71,71,71,71,71,71,71,71,71,71,71,71,71,71,71,71,71,71],"card_choices":[{"not_picked":["Go for the Eyes","Sweeping Beam"],"picked":"Leap","floor":1},{"not_picked":["Ball Lightning","Turbo"],"picked":"Genetic Algorithm","floor":2},{"not_picked":["Sweeping Beam","Compile Driver"],"picked":"Tempest","floor":3},{"not_picked":["Stack","Compile Driver"],"picked":"Conserve Battery","floor":5},{"not_picked":["Go for the Eyes","Electrodynamics"],"picked":"White Noise","floor":7},{"not_picked":["Coolheaded","Glacier"],"picked":"Defragment","floor":11},{"not_picked":["Cold Snap","Turbo"],"picked":"Go for the Eyes","floor":11},{"not_picked":["Rebound","Sweeping Beam"],"picked":"Reboot","floor":13},{"not_picked":["Meteor Strike","All For One"],"picked":"Thunder Strike","floor":16},{"not_picked":["Conserve Battery","Redo"],"picked":"Genetic Algorithm","floor":18},{"not_picked":["Turbo","Barrage"],"picked":"Loop","floor":18},{"not_picked":["Redo","Go for the Eyes"],"picked":"Leap","floor":20},{"not_picked":["Barrage","Streamline","Ball Lightning"],"picked":"SKIP","floor":20},{"not_picked":["Ball Lightning+1","Compile Driver"],"picked":"Self Repair","floor":21},{"not_picked":["Barrage+1","Skim","Hologram"],"picked":"SKIP","floor":21},{"not_picked":["Fission","Cold Snap"],"picked":"Consume","floor":22},{"not_picked":["Beam Cell","Hologram+1"],"picked":"Self Repair+1","floor":22}],"player_experience":865392,"relics_obtained":[{"floor":7,"key":"Bottled Flame"},{"floor":9,"key":"Prayer Wheel"},{"floor":13,"key":"Peace Pipe"}],"event_choices":[{"damage_healed":0,"gold_gain":0,"player_choice":"Fled","damage_taken":0,"max_hp_gain":0,"max_hp_loss":0,"event_name":"Scrap Ooze","floor":12,"gold_loss":0},{"damage_healed":0,"gold_gain":0,"player_choice":"Ignored","damage_taken":0,"max_hp_gain":0,"max_hp_loss":0,"event_name":"Golden Wing","floor":14,"gold_loss":0},{"damage_healed":0,"gold_gain":0,"player_choice":"Ignored","damage_taken":0,"max_hp_gain":0,"max_hp_loss":0,"event_name":"The Mausoleum","floor":19,"gold_loss":0}],"is_beta":false,"boss_relics":[{"not_picked":["Coffee Dripper","Orrery"],"picked":"Philosopher\u0027s Stone"}],"items_purged_floors":[4],"is_endless":false,"potions_floor_spawned":[1,16,18,22],"killed_by":"Gremlin Leader","ascension_level":18}