{"gold_per_floor":[111,121,121,171,187,187,222,222,522,555,565,58,58,70,70,141,141,156,156,166,4,4,4,14,14,14,14,34,52,0,11,11,88,88,98,98,114,114],"floor_reached":38,"playtime":2008,"items_purged":["Strike_B"],"score":737,"play_id":"b56e46eb-4d1d-441a-b1d9-a8b88b33cb52","local_time":"20190303182100","is_ascension_mode":true,"campfire_choices":[{"data":"Go for the Eyes","floor":6,"key":"SMITH"},{"data":"Hologram","floor":8,"key":"SMITH"},{"floor":13,"key":"REST"},{"data":"Hologram","floor":15,"key":"SMITH"},{"floor":23,"key":"REST"},{"data":"White Noise","floor":25,"key":"SMITH"},{"floor":27,"key":"REST"},{"floor":32,"key":"REST"}],"neow_cost":"NONE","seed_source_timestamp":21130074185230,"circlet_count":0,"master_deck":["AscendersBane","Strike_B","Strike_B","Defend_B","Defend_B","Defend_B","Defend_B","Zap","Dualcast","Ball Lightning","Go for the Eyes+1","Ball Lightning","Hologram+1","White Noise+1","Undo","Hologram+1","Echo Form","Echo Form","Leap","Creative AI","Static Discharge+1"],"relics":["Cracked Core","Turnip","Old Coin","Kunai","Gremlin Horn","Lantern","Velvet Choker","Art of War","Philosopher\u0027s Stone"],"potions_floor_usage":[16,20,22,28,31,33,38],"damage_taken":[{"damage":6,"enemies":"2 Louse","floor":1,"turns":2},{"damage":2,"enemies":"Jaw Worm","floor":2,"turns":3},{"damage":0,"enemies":"Cultist","floor":5,"turns":2},{"damage":15,"enemies":"Lagavulin","floor":7,"turns":6},{"damage":40,"enemies":"3 Sentries","floor":10,"turns":7},{"damage":4,"enemies":"Blue Slaver","floor":11,"turns":3},{"damage":7,"enemies":"Gremlin Gang","floor":14,"turns":4},{"damage":13,"enemies":"Hexaghost","floor":16,"turns":10},{"damage":34,"enemies":"3 Byrds","floor":18,"turns":4},{"damage":12,"enemies":"Chosen","floor":20,"turns":5},{"damage":0,"enemies":"Centurion and Healer","floor":22,"turns":2},{"damage":11,"enemies":"Cultist and Chosen","floor":24,"turns":8},{"damage":14,"enemies":"Sentry and Sphere","floor":28,"turns":7},{"damage":18,"enemies":"Centurion and Healer","floor":29,"turns":9},{"damage":25,"enemies":"Cultist and Chosen","floor":31,"turns":9},{"damage":5,"enemies":"Champ","floor":33,"turns":15},{"damage":26,"enemies":"3 Darklings","floor":35,"turns":4},{"damage":14,"enemies":"3 Shapes","floor":37,"turns":6},{"damage":30,"enemies":"3 Darklings","floor":38,"turns":1}],"seed_played":"1328037336195402412","potions_obtained":[{"floor":1,"key":"SpeedPotion"},{"floor":10,"key":"Dexterity Potion"},{"floor":19,"key":"SmokeBomb"},{"floor":19,"key":"Regen Potion"},{"floor":20,"key":"FocusPotion"},{"floor":24,"key":"AttackPotion"},{"floor":28,"key":"Regen Potion"},{"floor":35,"key":"Fire Potion"}],"is_trial":false,"path_per_floor":["M","M","?","?","M","R","E","R","T","E","M","$","R","M","R","B",null,"M","?","M","$","M","R","M","R","T","R","M","M","?","M","R","B",null,"M","?","M","M"],"character_chosen":"DEFECT","items_purchased":["Gremlin Horn","Lantern","Art of War"],"campfire_rested":4,"item_purchase_floors":[12,12,21],"current_hp_per_floor":[65,63,63,63,63,63,48,48,48,8,4,4,27,20,20,7,60,26,26,26,26,26,49,38,38,38,61,47,29,29,19,42,37,68,42,42,28,0],"gold":114,"neow_bonus":"TEN_PERCENT_HP_BONUS","is_prod":false,"is_daily":false,"chose_seed":false,"campfire_upgraded":4,"win_rate":0,"timestamp":1551655260,"path_taken":["M","M","?","?","M","R","E","R","T","E","?","$","R","M","R","BOSS","M","?","M","$","M","R","M","R","T","R","M","?","?","M","R","BOSS","M","?","M","M"],"build_version":"2019-01-23","purchased_purges":1,"victory":false,"max_hp_per_floor":[78,78,78,78,78,78,78,78,78,78,78,78,78,78,78,78,78,78,78,78,78,78,78,78,78,78,78,78,78,78,78,78,78,78,78,78,78,78],"card_choices":[{"not_picked":["Rip and Tear","Barrage"],"picked":"Ball Lightning","floor":1},{"not_picked":["Rebound","Redo"],"picked":"Go for the Eyes","floor":2},{"not_picked":["Beam Cell","Go for the Eyes"],"picked":"Ball Lightning","floor":5},{"not_picked":["Force Field","Reprogram"],"picked":"Hologram","floor":7},{"not_picked":["Gash","Lockon"],"picked":"White Noise","floor":10},{"not_picked":["Sunder","Recycle"],"picked":"Undo","floor":11},{"not_picked":["Reprogram","Rebound"],"picked":"Hologram","floor":14},{"not_picked":["Meteor Strike","Fission"],"picked":"Echo Form","floor":16},{"not_picked":["Rebound","Barrage","Aggregate+1"],"picked":"SKIP","floor":18},{"not_picked":["Compile Driver","Redo+1","Go for the Eyes+1"],"picked":"SKIP","floor":20},{"not_picked":["Leap","Turbo"],"picked":"Echo Form","floor":24},{"not_picked":["Gash","Skim"],"picked":"Leap","floor":28},{"not_picked":["Sunder","Cold Snap","Compile Driver"],"picked":"SKIP","floor":29},{"not_picked":["Steam","Compile Driver","Sweeping Beam+1"],"picked":"SKIP","floor":31},{"not_picked":["Meteor Strike","Buffer"],"picked":"Creative AI","floor":33},{"not_picked":["Redo","Streamline+1","Steam Power"],"picked":"SKIP","floor":35},{"not_picked":["Hologram","Redo"],"picked":"Static Discharge+1","floor":37}],"player_experience":866703,"relics_obtained":[{"floor":7,"key":"Turnip"},{"floor":9,"key":"Old Coin"},{"floor":10,"key":"Kunai"}],"event_choices":[{"damage_healed":0,"gold_gain":0,"player_choice":"Ignored","damage_taken":0,"max_hp_gain":0,"max_hp_loss":0,"event_name":"Liars Game","floor":3,"gold_loss":0},{"damage_healed":0,"gold_gain":50,"player_choice":"Pray","damage_taken":0,"max_hp_gain":0,"max_hp_loss":0,"event_name":"Golden Shrine","floor":4,"gold_loss":0},{"damage_healed":0,"gold_gain":0,"player_choice":"Got Potions","damage_taken":0,"max_hp_gain":0,"max_hp_loss":0,"event_name":"Lab","floor":19,"gold_loss":0},{"damage_healed":0,"gold_gain":0,"player_choice":"Paid Fearfully","damage_taken":0,"max_hp_gain":0,"max_hp_loss":0,"event_name":"Masked Bandits","floor":30,"gold_loss":52},{"cards_removed":["Strike_B"],"damage_healed":0,"gold_gain":0,"player_choice":"Removed Attack","damage_taken":0,"max_hp_gain":0,"max_hp_loss":0,"event_name":"Falling","floor":36,"gold_loss":0}],"is_beta":false,"boss_relics":[{"not_picked":["White Beast Statue","Empty Cage"],"picked":"Velvet Choker"},{"not_picked":["Calling Bell","Runic Pyramid"],"picked":"Philosopher\u0027s Stone"}],"items_purged_floors":[12],"is_endless":false,"potions_floor_spawned":[1,10,20,24,28,29,35],"killed_by":"3 Darklings","ascension_level":18}