{"path_per_floor":["M","M","$","M","M","E","?","R","T","T","M","R","$","M","R","B",null,"M","M","?","?","$","R","M","R","T","M","R","E","$","?","R","B",null,"M","$","M","M","?","R","E","M","T","R","?","$","?","E","R","B"],"character_chosen":"IRONCLAD","items_purchased":["Rage","Spot Weakness","Uppercut","Shrug It Off","Flex","Bronze Scales"],"gold_per_floor":[111,122,47,64,83,108,108,108,190,214,229,229,91,104,104,207,207,224,243,143,143,25,25,45,45,96,106,106,139,69,69,69,167,167,182,33,43,53,53,53,84,103,182,182,229,104,104,137,137,137],"floor_reached":51,"campfire_rested":0,"playtime":3860,"current_hp_per_floor":[63,65,65,64,53,56,56,56,56,56,57,57,57,63,63,67,80,80,74,74,59,59,59,53,53,53,61,61,49,49,49,49,60,85,85,85,85,78,78,78,72,85,85,85,83,83,83,85,85,37],"items_purged":["Strike_R","Strike_R","Strike_R"],"gold":137,"score":698,"play_id":"41f41787-892e-47cd-9353-4c6970a199a2","local_time":"20180415203324","is_prod":false,"is_daily":false,"chose_seed":false,"is_ascension_mode":false,"campfire_upgraded":10,"timestamp":1523849604,"path_taken":["M","M","$","M","M","E","?","R","T","?","M","R","$","M","R","BOSS","M","M","?","?","$","R","M","R","T","M","R","E","$","?","R","BOSS","M","$","M","M","?","R","E","M","T","R","?","$","?","E","R","BOSS"],"build_version":"2018-04-12","seed_source_timestamp":0,"purchased_purges":5,"victory":true,"master_deck":["Strike_R+1","Defend_R","Defend_R","Defend_R","Bash+1","Thunderclap","Headbutt","Pommel Strike+1","Metallicize+1","Heavy Blade+1","Barricade+1","Shrug It Off","Rage+1","Reaper","Headbutt+1","J.A.X.+1","Spot Weakness+1","Uppercut+1","Body Slam+1","Shrug It Off","Flex","Body Slam+1","Limit Break+1","Shrug It Off+1","Body Slam+1","Blind","Rage+1"],"max_hp_per_floor":[80,80,80,80,80,80,80,80,80,80,80,80,80,80,80,80,80,80,80,80,85,85,85,85,85,85,85,85,85,85,85,85,85,85,85,85,85,85,85,85,85,85,85,85,85,85,85,85,85,85],"relics":["Burning Blood","Juzu Bracelet","Dream Catcher","Self Forming Clay","Anchor","Velvet Choker","Blood Vial","Ginger","Runic Dome","Bronze Scales","Lantern","Shuriken","Magic Flower","Whetstone"],"card_choices":[{"not_picked":["Twin Strike","Entrench"],"picked":"Thunderclap","floor":1.0},{"not_picked":["Intimidate","Armaments"],"picked":"Headbutt","floor":2.0},{"not_picked":["Thunderclap","True Grit"],"picked":"Pommel Strike","floor":4.0},{"not_picked":["Whirlwind","Warcry"],"picked":"Metallicize","floor":5.0},{"not_picked":["Fiend Fire","Dual Wield"],"picked":"Heavy Blade","floor":6},{"not_picked":["Ghostly Armor","Iron Wave"],"picked":"Shrug It Off","floor":11},{"not_picked":["Limit Break","Berserk"],"picked":"Reaper","floor":16},{"not_picked":["Clothesline","Sever Soul"],"picked":"Headbutt","floor":19},{"not_picked":["Clothesline","Bloodletting"],"picked":"Body Slam","floor":27},{"not_picked":["Bludgeon","Berserk"],"picked":"Limit Break","floor":33},{"not_picked":["Iron Wave","Pommel Strike"],"picked":"Shrug It Off","floor":35},{"not_picked":["Whirlwind","Reckless Charge"],"picked":"Body Slam","floor":38},{"not_picked":["Trip","Panacea"],"picked":"Blind","floor":39},{"not_picked":["Cleave","Burning Pact"],"picked":"Rage","floor":41}],"player_experience":16690,"potions_floor_usage":[16,16,16,33,50,50,50],"damage_taken":[{"damage":23.0,"enemies":"2 Louse","floor":1.0,"turns":3.0},{"damage":4.0,"enemies":"Jaw Worm","floor":2.0,"turns":6.0},{"damage":7.0,"enemies":"Small Slimes","floor":4.0,"turns":3.0},{"damage":17.0,"enemies":"Exordium Wildlife","floor":5.0,"turns":4.0},{"damage":3,"enemies":"3 Sentries","floor":6,"turns":10},{"damage":5,"enemies":"Blue Slaver","floor":11,"turns":5},{"damage":0,"enemies":"Large Slime","floor":14,"turns":6},{"damage":17,"enemies":"The Guardian","floor":16,"turns":21},{"damage":0,"enemies":"Chosen","floor":18,"turns":7},{"damage":18,"enemies":"3 Byrds","floor":19,"turns":9},{"damage":21,"enemies":"Centurion and Healer","floor":24,"turns":7},{"damage":15,"enemies":"Cultist and Chosen","floor":27,"turns":6},{"damage":30,"enemies":"Slavers","floor":29,"turns":6},{"damage":21,"enemies":"Automaton","floor":33,"turns":10},{"damage":15,"enemies":"Orb Walker","floor":35,"turns":4},{"damage":0,"enemies":"3 Shapes","floor":37,"turns":4},{"damage":13,"enemies":"Sphere and 2 Shapes","floor":38,"turns":5},{"damage":23,"enemies":"Giant Head","floor":41,"turns":7},{"damage":8,"enemies":"Maw","floor":42,"turns":6},{"damage":17,"enemies":"Mysterious Sphere","floor":45,"turns":6},{"damage":7,"enemies":"Nemesis","floor":48,"turns":3},{"damage":57,"enemies":"Donu and Deca","floor":50,"turns":7}],"event_choices":[{"event_name":"Living Wall","player_choice":"Change","floor":7,"damage_taken":0},{"event_name":"Drug Dealer","player_choice":"Got JAXXED","floor":20,"damage_taken":0},{"event_name":"Forgotten Altar","player_choice":"Shed Blood","floor":21,"damage_taken":0},{"event_name":"Duplicator","player_choice":"One dupe","floor":31,"damage_taken":0},{"event_name":"SensoryStone","player_choice":"Memory 1","floor":39,"damage_taken":0},{"event_name":"Mysterious Sphere","player_choice":"Fight","floor":45,"damage_taken":0}],"boss_relics":[{"not_picked":["Runic Pyramid","White Beast Statue"],"picked":"Velvet Choker"},{"not_picked":["Orrery","Runic Cube"],"picked":"Runic Dome"}],"potions_floor_spawned":[2,5,11,18,19,24,37,41,45],"seed_played":"1885466857089268057","ascension_level":0,"is_trial":false}