{"gold_per_floor":[113,113,38,50,65,99,64,90,143,143],"floor_reached":10,"playtime":686,"items_purged":["Strike_G"],"score":105,"play_id":"b2fb4cd1-06be-4ba7-bf06-0509489f7531","local_time":"20190131092855","is_ascension_mode":true,"campfire_choices":[],"neow_cost":"CURSE","seed_source_timestamp":1155772921503227,"circlet_count":0,"master_deck":["Defend_G","Defend_G","Defend_G","Defend_G","Strike_G","Strike_G","Strike_G","Survivor","Neutralize","Outmaneuver","Distraction","Backstab","Finisher","Skewer","Burst","Flechettes"],"relics":["Ring of the Snake","Spirit Poop","Bottled Flame","Pen Nib","Blood Vial"],"potions_floor_usage":[6,8,8],"damage_taken":[{"damage":0,"enemies":"Jaw Worm","floor":1,"turns":6},{"damage":8,"enemies":"Cultist","floor":4,"turns":7},{"damage":0,"enemies":"2 Louse","floor":5,"turns":1},{"damage":37,"enemies":"3 Sentries","floor":6,"turns":15},{"damage":27,"enemies":"Lagavulin","floor":8,"turns":9},{"damage":27,"enemies":"Gremlin Nob","floor":10,"turns":3}],"seed_played":"-600099722338366144","potions_obtained":[{"floor":4,"key":"Swift Potion"},{"floor":5,"key":"GhostInAJar"},{"floor":6,"key":"Weak Potion"}],"is_trial":false,"path_per_floor":["M","?","$","M","M","E","?","E","T","?"],"character_chosen":"THE_SILENT","items_purchased":[],"campfire_rested":0,"item_purchase_floors":[],"current_hp_per_floor":[63,63,63,55,55,18,35,8,8,0],"gold":143,"neow_bonus":"TRANSFORM_TWO_CARDS","is_prod":false,"is_daily":false,"chose_seed":false,"campfire_upgraded":0,"win_rate":0,"timestamp":1548944935,"path_taken":["M","?","$","?","M","E","?","E","T","?"],"build_version":"2019-01-23","purchased_purges":1,"victory":false,"max_hp_per_floor":[70,70,70,70,70,70,70,70,70,70],"card_choices":[{"not_picked":["Dodge and Roll","Slice"],"picked":"Backstab","floor":1},{"not_picked":["Infinite Blades","Dagger Throw"],"picked":"Finisher","floor":4},{"not_picked":["Outmaneuver","Poisoned Stab"],"picked":"Skewer","floor":5},{"not_picked":["Sucker Punch","Slice"],"picked":"Burst","floor":6},{"not_picked":["Outmaneuver","PiercingWail"],"picked":"Flechettes","floor":8}],"player_experience":591859,"relics_obtained":[{"floor":6,"key":"Bottled Flame"},{"floor":8,"key":"Pen Nib"},{"floor":9,"key":"Blood Vial"}],"event_choices":[{"cards_removed":["Writhe"],"damage_healed":0,"gold_gain":0,"player_choice":"Offered Curse","damage_taken":0,"relics_obtained":["Spirit Poop"],"max_hp_gain":0,"max_hp_loss":0,"event_name":"Bonfire Elementals","floor":2,"gold_loss":0},{"damage_healed":17,"gold_gain":0,"player_choice":"Healed","damage_taken":0,"max_hp_gain":0,"max_hp_loss":0,"event_name":"The Cleric","floor":7,"gold_loss":35},{"damage_healed":0,"gold_gain":0,"player_choice":"Searched \u00272\u0027 times","damage_taken":0,"max_hp_gain":0,"max_hp_loss":0,"event_name":"Dead Adventurer","floor":10,"gold_loss":0}],"is_beta":false,"boss_relics":[],"items_purged_floors":[3],"is_endless":false,"potions_floor_spawned":[4,5,6],"killed_by":"Gremlin Nob","ascension_level":8}