{"gold_per_floor":[117,6,26,42,60,60,37,37,87,118,118,131,157,180,180,283,283,283,299,56,56,68,68,68],"floor_reached":24,"playtime":1525,"items_purged":["Decay","Defend_B"],"score":358,"play_id":"ecf90d26-552b-4d3d-992b-fa929304faeb","local_time":"20190127114608","is_ascension_mode":true,"campfire_choices":[{"data":"Buffer","floor":6,"key":"SMITH"},{"data":"Fusion","floor":8,"key":"SMITH"},{"floor":11,"key":"REST"},{"floor":15,"key":"REST"},{"floor":23,"key":"REST"}],"neow_cost":"CURSE","seed_source_timestamp":817527469323381,"circlet_count":0,"master_deck":["AscendersBane","Strike_B+1","Strike_B+1","Defend_B","Defend_B","Defend_B","Zap","Dualcast","Buffer+1","Fusion+1","Capacitor","Turbo","Coolheaded","Skim","Coolheaded","Barrage","Cold Snap","Blizzard","Amplify","White Noise","Seek","Ball Lightning"],"relics":["Cracked Core","PreservedInsect","Whetstone","Ornamental Fan","Odd Mushroom","Empty Cage"],"potions_floor_usage":[10,13,18,22,22],"damage_taken":[{"damage":1,"enemies":"Cultist","floor":1,"turns":3},{"damage":0,"enemies":"2 Louse","floor":3,"turns":3},{"damage":9,"enemies":"Jaw Worm","floor":4,"turns":5},{"damage":0,"enemies":"Large Slime","floor":5,"turns":7},{"damage":58,"enemies":"3 Sentries","floor":10,"turns":12},{"damage":0,"enemies":"Exordium Wildlife","floor":12,"turns":4},{"damage":0,"enemies":"Gremlin Nob","floor":13,"turns":5},{"damage":16,"enemies":"The Mushroom Lair","floor":14,"turns":5},{"damage":18,"enemies":"The Guardian","floor":16,"turns":15},{"damage":0,"enemies":"Chosen","floor":18,"turns":1},{"damage":16,"enemies":"Shell Parasite","floor":19,"turns":11},{"damage":20,"enemies":"Centurion and Healer","floor":22,"turns":12},{"damage":0,"enemies":"Gremlin Leader","floor":24,"turns":1}],"seed_played":"-5127222634238817602","potions_obtained":[{"floor":3,"key":"SmokeBomb"},{"floor":4,"key":"Regen Potion"},{"floor":12,"key":"Block Potion"},{"floor":16,"key":"Ancient Potion"},{"floor":19,"key":"SpeedPotion"}],"is_trial":false,"path_per_floor":["M","$","M","M","M","R","$","R","T","E","R","M","E","?","R","B",null,"M","M","$","?","M","R","E"],"character_chosen":"DEFECT","items_purchased":["Capacitor","Coolheaded","Seek"],"campfire_rested":3,"item_purchase_floors":[2,7,20],"current_hp_per_floor":[67,67,67,58,58,58,58,58,58,15,37,37,37,21,43,25,63,63,47,47,47,27,49,49],"gold":68,"neow_bonus":"THREE_RARE_CARDS","is_prod":false,"is_daily":false,"chose_seed":false,"campfire_upgraded":2,"win_rate":0,"timestamp":1548607568,"path_taken":["M","$","?","M","M","R","$","R","T","E","R","M","E","?","R","BOSS","M","M","$","?","M","R","E"],"build_version":"2019-01-23","purchased_purges":2,"victory":false,"max_hp_per_floor":[75,75,75,75,75,75,75,75,75,75,75,75,75,75,75,75,75,75,75,75,75,75,75,75],"card_choices":[{"not_picked":["Seek","Biased Cognition"],"picked":"Buffer","floor":0},{"not_picked":["Tempest","Turbo"],"picked":"Fusion","floor":1},{"not_picked":["Go for the Eyes","Compile Driver"],"picked":"Turbo","floor":3},{"not_picked":["Stack","Darkness"],"picked":"Coolheaded","floor":4},{"not_picked":["Capacitor","Static Discharge"],"picked":"Skim","floor":5},{"not_picked":["Coolheaded","Rebound"],"picked":"Barrage","floor":10},{"not_picked":["Conserve Battery","Go for the Eyes"],"picked":"Cold Snap","floor":12},{"not_picked":["Gash","Ball Lightning","Turbo"],"picked":"SKIP","floor":13},{"not_picked":["Compile Driver","Melter"],"picked":"Blizzard","floor":14},{"not_picked":["Multi-Cast","Core Surge"],"picked":"Amplify","floor":16},{"not_picked":["Ball Lightning","Streamline"],"picked":"White Noise","floor":19},{"not_picked":["Leap","Sweeping Beam"],"picked":"Ball Lightning","floor":22}],"player_experience":502240,"relics_obtained":[{"floor":9,"key":"PreservedInsect"},{"floor":10,"key":"Whetstone"},{"floor":13,"key":"Ornamental Fan"},{"floor":14,"key":"Odd Mushroom"}],"event_choices":[{"damage_healed":0,"gold_gain":0,"player_choice":"Fought Mushrooms","damage_taken":0,"max_hp_gain":0,"max_hp_loss":0,"event_name":"Mushrooms","floor":14,"gold_loss":0}],"is_beta":false,"boss_relics":[{"not_picked":["Coffee Dripper","Inserter"],"picked":"Empty Cage"}],"items_purged_floors":[2,20],"is_endless":false,"potions_floor_spawned":[3,4,12,16,18,19],"killed_by":"Gremlin Leader","ascension_level":11}