{"gold_per_floor":[361,376,551,157,157,157,157,157,182,182,82,82,95,126,126,216,216,235,235,235,235,255,255,280,280,580,595,254,254,267,307,307,400,400,420,77,77,202,218,249,268,268,268,268,288,309,309,330,330,330],"floor_reached":51,"playtime":1972,"items_purged":["Doubt","Strike_R","Strike_R+1","Strike_R+1"],"score":1177,"play_id":"e72ebbed-e141-418b-86d6-ed95ce4f44c2","local_time":"20190124100117","is_ascension_mode":true,"campfire_choices":[{"data":"Bash","floor":6,"key":"SMITH"},{"data":"Searing Blow","floor":8,"key":"SMITH"},{"data":"Searing Blow+1","floor":12,"key":"SMITH"},{"data":"Searing Blow+2","floor":15,"key":"SMITH"},{"data":"Searing Blow+3","floor":23,"key":"SMITH"},{"data":"Searing Blow+4","floor":25,"key":"SMITH"},{"data":"Double Tap","floor":29,"key":"SMITH"},{"floor":32,"key":"REST"},{"data":"Searing Blow+5","floor":42,"key":"SMITH"},{"data":"Searing Blow+6","floor":44,"key":"SMITH"},{"data":"Searing Blow+7","floor":47,"key":"SMITH"},{"data":"Searing Blow+8","floor":49,"key":"SMITH"}],"neow_cost":"TEN_PERCENT_HP_LOSS","seed_source_timestamp":551541829378276,"circlet_count":0,"master_deck":["AscendersBane","Strike_R+1","Strike_R+1","Defend_R+1","Defend_R+1","Defend_R+1","Defend_R+1","Bash+1","Searing Blow+9","Pommel Strike+1","Evolve","Double Tap+1","Madness","Madness","True Grit+1"],"relics":["Burning Blood","Paper Frog","Golden Idol","Matryoshka","Strawberry","War Paint","Pen Nib","Mark of Pain","Centennial Puzzle","Old Coin","Dead Branch","Sozu","ClockworkSouvenir","Incense Burner","Champion Belt","Gremlin Horn"],"potions_floor_usage":[14,14,16,16,18],"damage_taken":[{"damage":11,"enemies":"Small Slimes","floor":1,"turns":5},{"damage":9,"enemies":"2 Louse","floor":2,"turns":3},{"damage":7,"enemies":"Jaw Worm","floor":13,"turns":2},{"damage":28,"enemies":"Gremlin Nob","floor":14,"turns":4},{"damage":37,"enemies":"The Guardian","floor":16,"turns":12},{"damage":14,"enemies":"3 Byrds","floor":18,"turns":6},{"damage":19,"enemies":"Spheric Guardian","floor":22,"turns":4},{"damage":10,"enemies":"Chosen and Byrds","floor":24,"turns":5},{"damage":0,"enemies":"Centurion and Healer","floor":27,"turns":4},{"damage":14,"enemies":"3 Cultists","floor":30,"turns":5},{"damage":38,"enemies":"Gremlin Leader","floor":31,"turns":4},{"damage":9,"enemies":"Champ","floor":33,"turns":6},{"damage":1,"enemies":"3 Shapes","floor":35,"turns":4},{"damage":0,"enemies":"Mind Bloom Boss Battle","floor":38,"turns":4},{"damage":0,"enemies":"Orb Walker","floor":39,"turns":2},{"damage":5,"enemies":"Giant Head","floor":40,"turns":5},{"damage":27,"enemies":"4 Shapes","floor":41,"turns":4},{"damage":8,"enemies":"3 Darklings","floor":45,"turns":3},{"damage":4,"enemies":"Sphere and 2 Shapes","floor":46,"turns":4},{"damage":0,"enemies":"Spire Growth","floor":48,"turns":2},{"damage":29,"enemies":"Awakened One","floor":50,"turns":7}],"seed_played":"7554314472855717525","potions_obtained":[{"floor":1,"key":"GamblersBrew"},{"floor":13,"key":"EntropicBrew"},{"floor":16,"key":"Swift Potion"},{"floor":22,"key":"SmokeBomb"}],"is_trial":false,"path_per_floor":["M","M","?","$","?","R","?","R","T","?","$","R","M","E","R","B",null,"M","?","?","?","M","R","M","R","T","M","$","R","M","E","R","B",null,"M","$","?","?","M","E","M","R","T","R","M","M","R","M","R","B",null],"character_chosen":"IRONCLAD","items_purchased":["Searing Blow","Paper Frog","Evolve","Double Tap","ClockworkSouvenir"],"campfire_rested":1,"item_purchase_floors":[4,4,28,28,36],"current_hp_per_floor":[67,64,64,64,64,64,64,64,71,64,64,64,63,41,41,10,58,50,74,74,74,61,61,57,57,57,63,63,63,55,23,45,42,66,71,71,62,68,74,74,53,53,53,53,51,53,53,59,59,36],"gold":330,"neow_bonus":"TWO_FIFTY_GOLD","is_prod":false,"is_daily":false,"chose_seed":false,"campfire_upgraded":11,"win_rate":0,"timestamp":1548342077,"path_taken":["M","M","?","$","?","R","?","R","T","?","$","R","?","E","R","BOSS","M","?","?","?","M","R","?","R","T","M","?","R","M","E","R","BOSS","M","$","?","?","M","E","M","R","T","R","?","M","R","M","R","BOSS"],"build_version":"2019-01-23","purchased_purges":4,"victory":true,"max_hp_per_floor":[72,72,72,72,67,67,67,67,74,74,74,74,74,74,74,74,74,74,74,74,74,74,74,74,74,74,74,74,74,74,74,74,74,74,74,74,74,74,74,74,74,74,74,74,74,74,74,74,74,74],"card_choices":[{"not_picked":["Whirlwind","Havoc","Heavy Blade"],"picked":"SKIP","floor":1},{"not_picked":["Perfected Strike","Heavy Blade","Flex"],"picked":"SKIP","floor":2},{"not_picked":["Wild Strike","Thunderclap","Headbutt"],"picked":"SKIP","floor":13},{"not_picked":["Body Slam","Dual Wield","Spot Weakness"],"picked":"SKIP","floor":14},{"not_picked":["Heavy Blade","Armaments+1","Hemokinesis"],"picked":"SKIP","floor":18},{"not_picked":["Wild Strike","Perfected Strike"],"picked":"Pommel Strike+1","floor":22},{"not_picked":["Body Slam","Hemokinesis","Headbutt"],"picked":"SKIP","floor":24},{"not_picked":["Anger","True Grit","Clash"],"picked":"SKIP","floor":27},{"not_picked":["Ghostly Armor+1","Sword Boomerang","Clash"],"picked":"SKIP","floor":30},{"not_picked":["Combust","Armaments","Anger"],"picked":"SKIP","floor":31},{"not_picked":["Heavy Blade","Fire Breathing","Infernal Blade"],"picked":"SKIP","floor":35},{"not_picked":["Shrug It Off","Iron Wave"],"picked":"True Grit+1","floor":39},{"not_picked":["Shockwave","Rampage","True Grit"],"picked":"SKIP","floor":40},{"not_picked":["True Grit","Heavy Blade","Hemokinesis+1"],"picked":"SKIP","floor":41},{"not_picked":["Combust","Seeing Red+1","Heavy Blade"],"picked":"SKIP","floor":45},{"not_picked":["Pommel Strike","Disarm","Twin Strike"],"picked":"SKIP","floor":46},{"not_picked":["Second Wind","Whirlwind","Metallicize"],"picked":"SKIP","floor":48}],"player_experience":404205,"relics_obtained":[{"floor":9,"key":"Strawberry"},{"floor":14,"key":"Pen Nib"},{"floor":26,"key":"Centennial Puzzle"},{"floor":26,"key":"Old Coin"},{"floor":31,"key":"Dead Branch"},{"floor":38,"key":"Incense Burner"},{"floor":40,"key":"Champion Belt"},{"floor":43,"key":"Gremlin Horn"}],"event_choices":[{"damage_healed":0,"gold_gain":175,"player_choice":"AGREE","damage_taken":0,"max_hp_gain":0,"max_hp_loss":0,"event_name":"Liars Game","floor":3,"gold_loss":0,"cards_obtained":["Doubt"]},{"damage_healed":0,"gold_gain":0,"player_choice":"Lose Max HP","damage_taken":0,"relics_obtained":["Golden Idol"],"max_hp_gain":0,"max_hp_loss":5,"event_name":"Golden Idol","floor":5,"gold_loss":0},{"damage_healed":0,"gold_gain":0,"player_choice":"Searched \u00272\u0027 times","damage_taken":0,"relics_obtained":["Matryoshka"],"max_hp_gain":0,"max_hp_loss":0,"event_name":"Dead Adventurer","floor":7,"gold_loss":0},{"damage_healed":0,"gold_gain":0,"player_choice":"Success","damage_taken":7,"relics_obtained":["War Paint"],"max_hp_gain":0,"max_hp_loss":0,"event_name":"Scrap Ooze","floor":10,"gold_loss":0},{"damage_healed":24,"gold_gain":0,"player_choice":"Heal","damage_taken":0,"max_hp_gain":0,"max_hp_loss":0,"event_name":"The Library","floor":19,"gold_loss":0},{"damage_healed":0,"gold_gain":0,"player_choice":"Simplicity","damage_taken":0,"max_hp_gain":0,"max_hp_loss":0,"event_name":"Back to Basics","floor":20,"gold_loss":0,"cards_upgraded":["Strike_R","Strike_R","Strike_R","Strike_R","Defend_R","Defend_R"]},{"damage_healed":0,"gold_gain":0,"player_choice":"Ignored","damage_taken":0,"max_hp_gain":0,"max_hp_loss":0,"event_name":"Vampires","floor":21,"gold_loss":0},{"damage_healed":0,"gold_gain":0,"player_choice":"Embrace Madness","damage_taken":9,"max_hp_gain":0,"max_hp_loss":0,"event_name":"Winding Halls","floor":37,"gold_loss":0,"cards_obtained":["Madness","Madness"]},{"damage_healed":0,"gold_gain":0,"player_choice":"Fight","damage_taken":0,"max_hp_gain":0,"max_hp_loss":0,"event_name":"MindBloom","floor":38,"gold_loss":0}],"is_beta":false,"boss_relics":[{"not_picked":["Pandora\u0027s Box","Black Blood"],"picked":"Mark of Pain"},{"not_picked":["Astrolabe","Snecko Eye"],"picked":"Sozu"}],"items_purged_floors":[4,11,28,36],"is_endless":false,"potions_floor_spawned":[1,13,16,22,38,40,48],"ascension_level":13}