{"gold_per_floor":[115,115,134,146,166,166,196,196,219,251,251,269,302,314,314,417,417,427,427,443,26,39,39,70,90,115,134,144,144,169,269,269,370,370,381,56,36,36,49,83,83,118,118,137,137,147,182,182,182,182],"floor_reached":50,"playtime":2439,"items_purged":[],"score":724,"play_id":"41b0adab-d239-4fb2-b5d3-e3c654d74e69","local_time":"20190102001230","is_ascension_mode":true,"campfire_choices":[{"data":"Anger","floor":6,"key":"SMITH"},{"data":"Cleave","floor":8,"key":"SMITH"},{"data":"Iron Wave","floor":11,"key":"SMITH"},{"data":"Infernal Blade","floor":15,"key":"SMITH"},{"data":"Apotheosis","floor":23,"key":"SMITH"},{"data":"Seeing Red","floor":29,"key":"SMITH"},{"data":"Bludgeon","floor":32,"key":"SMITH"},{"floor":41,"key":"REST"},{"floor":49,"key":"REST"}],"neow_cost":"NONE","seed_source_timestamp":45880120792571,"circlet_count":0,"master_deck":["Defend_R","Defend_R","Defend_R","Defend_R","Bash","Clash","Cleave+1","Anger+1","Iron Wave+1","Anger","Infernal Blade+1","Inflame","Bludgeon+1","Iron Wave","Bite","Bite","Bite","Bite","Bite","Inflame","Bandage Up","Apotheosis+1","Twin Strike+1","Bloodletting","Seeing Red+1","Pummel+1","Inflame+1","Bloodletting+1","Feed","Demon Form","Apotheosis","Whirlwind+1","Rage+1","Blood for Blood+1","Rage+1"],"relics":["Burning Blood","PreservedInsect","Whetstone","Bronze Scales","Pen Nib","Ancient Tea Set","Velvet Choker","Vajra","Dream Catcher","Omamori","Question Card","Incense Burner","Letter Opener","Black Star","Pear","Bottled Lightning","Mercury Hourglass","Frozen Egg 2","Darkstone Periapt","Lantern","Juzu Bracelet","Meat on the Bone"],"potions_floor_usage":[13,16,31,31,33,42,50,50,50],"damage_taken":[{"damage":0,"enemies":"Small Slimes","floor":1,"turns":3},{"damage":6,"enemies":"Cultist","floor":3,"turns":3},{"damage":5,"enemies":"2 Louse","floor":4,"turns":3},{"damage":5,"enemies":"Looter","floor":5,"turns":2},{"damage":26,"enemies":"Lagavulin","floor":7,"turns":4},{"damage":17,"enemies":"3 Sentries","floor":10,"turns":5},{"damage":5,"enemies":"Exordium Thugs","floor":12,"turns":2},{"damage":0,"enemies":"Gremlin Nob","floor":13,"turns":2},{"damage":2,"enemies":"Blue Slaver","floor":14,"turns":2},{"damage":42,"enemies":"Hexaghost","floor":16,"turns":8},{"damage":18,"enemies":"2 Thieves","floor":18,"turns":3},{"damage":0,"enemies":"Shell Parasite","floor":20,"turns":2},{"damage":26,"enemies":"Shelled Parasite and Fungi","floor":22,"turns":3},{"damage":9,"enemies":"Gremlin Leader","floor":24,"turns":4},{"damage":26,"enemies":"Snecko","floor":25,"turns":4},{"damage":14,"enemies":"3 Cultists","floor":27,"turns":4},{"damage":7,"enemies":"Centurion and Healer","floor":28,"turns":4},{"damage":13,"enemies":"Book of Stabbing","floor":30,"turns":3},{"damage":24,"enemies":"Colosseum Slavers","floor":31,"turns":3},{"damage":4,"enemies":"Colosseum Nobs","floor":31,"turns":3},{"damage":24,"enemies":"Champ","floor":33,"turns":8},{"damage":10,"enemies":"Orb Walker","floor":35,"turns":2},{"damage":29,"enemies":"3 Darklings","floor":39,"turns":4},{"damage":61,"enemies":"Nemesis","floor":40,"turns":5},{"damage":19,"enemies":"Reptomancer","floor":42,"turns":4},{"damage":1,"enemies":"Transient","floor":44,"turns":5},{"damage":15,"enemies":"Spire Growth","floor":46,"turns":4},{"damage":33,"enemies":"Giant Head","floor":47,"turns":6},{"damage":127,"enemies":"Awakened One","floor":50,"turns":8}],"seed_played":"2271505835641088815","potions_obtained":[{"floor":4,"key":"PowerPotion"},{"floor":5,"key":"Block Potion"},{"floor":12,"key":"Block Potion"},{"floor":13,"key":"AttackPotion"},{"floor":18,"key":"Regen Potion"},{"floor":27,"key":"Fire Potion"},{"floor":31,"key":"FairyPotion"},{"floor":33,"key":"SteroidPotion"},{"floor":37,"key":"Regen Potion"},{"floor":40,"key":"Poison Potion"},{"floor":42,"key":"PowerPotion"}],"is_trial":false,"path_per_floor":["M","?","M","M","M","R","E","R","T","E","R","M","E","M","R","B",null,"M","?","M","$","M","R","E","M","T","M","M","R","E","?","R","B",null,"M","$","?","$","M","E","R","E","T","M","?","M","E","T","R","B"],"character_chosen":"IRONCLAD","items_purchased":["Vajra","Bandage Up","Apotheosis","Demon Form","Apotheosis"],"campfire_rested":2,"item_purchase_floors":[21,21,21,36,36],"current_hp_per_floor":[88,88,88,88,88,88,68,68,68,57,57,58,64,68,68,32,88,76,61,61,61,51,51,60,53,53,56,61,61,58,52,52,57,61,60,60,60,60,48,25,46,48,48,63,63,65,55,55,71,0],"gold":182,"neow_bonus":"TEN_PERCENT_HP_BONUS","is_prod":false,"is_daily":false,"chose_seed":false,"campfire_upgraded":7,"win_rate":0,"timestamp":1546355550,"path_taken":["M","?","?","M","M","R","E","R","T","E","R","M","E","M","R","BOSS","M","?","M","$","M","R","E","M","T","M","M","R","E","?","R","BOSS","M","$","?","?","M","E","R","E","T","M","?","?","E","?","R","BOSS"],"build_version":"2018-12-20","purchased_purges":0,"victory":false,"max_hp_per_floor":[88,88,88,88,88,88,88,88,88,88,88,88,88,88,88,88,88,88,61,61,61,61,61,61,61,61,61,61,61,61,61,61,61,61,61,61,61,61,61,71,71,71,71,71,71,71,71,71,71,71],"card_choices":[{"not_picked":["Cleave","Twin Strike"],"picked":"Perfected Strike","floor":1},{"not_picked":["Combust","Headbutt"],"picked":"Clash","floor":3},{"not_picked":["Dual Wield","Warcry"],"picked":"Cleave","floor":4},{"not_picked":["Iron Wave","Intimidate"],"picked":"Anger","floor":5},{"not_picked":["Offering","Sword Boomerang","True Grit"],"picked":"SKIP","floor":7},{"not_picked":["Dropkick","Sword Boomerang"],"picked":"Iron Wave","floor":10},{"not_picked":["Warcry","Body Slam"],"picked":"Anger","floor":12},{"not_picked":["Perfected Strike","Carnage"],"picked":"Infernal Blade","floor":13},{"not_picked":["Pommel Strike","Cleave"],"picked":"Inflame","floor":14},{"not_picked":["Impervious","Dark Embrace"],"picked":"Bludgeon","floor":16},{"not_picked":["Clash","Wild Strike+1"],"picked":"Iron Wave","floor":18},{"not_picked":["Clash","Perfected Strike"],"picked":"Inflame","floor":20},{"not_picked":["Armaments","Cleave"],"picked":"Twin Strike+1","floor":22},{"not_picked":["Warcry","Clothesline"],"picked":"Bloodletting","floor":24},{"not_picked":["Pommel Strike","Flex"],"picked":"Seeing Red","floor":25},{"not_picked":["Burning Pact+1","Brutality"],"picked":"Pummel+1","floor":27},{"not_picked":["Warcry","Blood for Blood"],"picked":"Inflame+1","floor":28},{"not_picked":["Sword Boomerang+1","Thunderclap"],"picked":"Bloodletting+1","floor":30},{"not_picked":["Bludgeon","Dark Embrace","Offering"],"picked":"Feed","floor":33},{"not_picked":["Hemokinesis+1","Heavy Blade+1","Sword Boomerang","Clothesline+1"],"picked":"SKIP","floor":35},{"not_picked":["Burning Pact+1","Thunderclap","Pummel","Headbutt+1"],"picked":"SKIP","floor":39},{"not_picked":["Entrench","Anger+1","Brutality"],"picked":"Whirlwind+1","floor":40},{"not_picked":["Flame Barrier","Carnage+1","Wild Strike+1"],"picked":"Rage+1","floor":42},{"not_picked":["Heavy Blade","Perfected Strike+1","Clothesline+1","Body Slam+1"],"picked":"SKIP","floor":44},{"not_picked":["Body Slam","Burning Pact","Sword Boomerang"],"picked":"Blood for Blood+1","floor":46},{"not_picked":["Dual Wield","Perfected Strike","Sever Soul+1"],"picked":"Rage+1","floor":47}],"player_experience":22422,"relics_obtained":[{"floor":7,"key":"Whetstone"},{"floor":9,"key":"Bronze Scales"},{"floor":10,"key":"Pen Nib"},{"floor":13,"key":"Ancient Tea Set"},{"floor":24,"key":"Dream Catcher"},{"floor":26,"key":"Omamori"},{"floor":30,"key":"Question Card"},{"floor":31,"key":"Incense Burner"},{"floor":31,"key":"Letter Opener"},{"floor":40,"key":"Pear"},{"floor":40,"key":"Bottled Lightning"},{"floor":42,"key":"Mercury Hourglass"},{"floor":42,"key":"Frozen Egg 2"},{"floor":43,"key":"Darkstone Periapt"},{"floor":47,"key":"Lantern"},{"floor":47,"key":"Juzu Bracelet"},{"floor":48,"key":"Meat on the Bone"}],"event_choices":[{"cards_removed":["Perfected Strike"],"damage_healed":0,"gold_gain":0,"player_choice":"Gave Card","damage_taken":0,"relics_obtained":["PreservedInsect"],"max_hp_gain":0,"max_hp_loss":0,"event_name":"WeMeetAgain","floor":2,"gold_loss":0},{"damage_healed":0,"gold_gain":0,"player_choice":"Became a vampire","damage_taken":0,"max_hp_gain":0,"max_hp_loss":27,"event_name":"Vampires","floor":19,"gold_loss":0,"cards_obtained":["Bite","Bite","Bite","Bite","Bite"]},{"damage_healed":0,"gold_gain":0,"player_choice":"Fight","damage_taken":0,"max_hp_gain":0,"max_hp_loss":0,"event_name":"Colosseum","floor":31,"gold_loss":0},{"damage_healed":0,"gold_gain":0,"player_choice":"Fought Nobs","damage_taken":0,"max_hp_gain":0,"max_hp_loss":0,"event_name":"Colosseum","floor":31,"gold_loss":0},{"damage_healed":0,"gold_gain":0,"player_choice":"Bought 1 Potion","damage_taken":0,"max_hp_gain":0,"max_hp_loss":0,"event_name":"The Woman in Blue","floor":37,"gold_loss":0},{"damage_healed":0,"gold_gain":0,"player_choice":"Leave","damage_taken":0,"max_hp_gain":0,"max_hp_loss":0,"event_name":"FaceTrader","floor":45,"gold_loss":0}],"is_beta":false,"boss_relics":[{"not_picked":["Sozu","Runic Pyramid"],"picked":"Velvet Choker"},{"not_picked":["Mark of Pain","Empty Cage"],"picked":"Black Star"}],"items_purged_floors":[],"is_endless":false,"potions_floor_spawned":[4,5,12,13,18,27,28,30,31,33,40,42],"killed_by":"Awakened One","ascension_level":1}