{"gold_per_floor":[214,232,232,12,35,35,49,49,127,127,168,193,213,236,236,236],"floor_reached":16,"playtime":662,"items_purged":["Strike_R"],"score":177,"play_id":"efc339f3-1487-4f4a-a133-0a9081978a65","local_time":"20190124114913","is_ascension_mode":true,"campfire_choices":[{"data":"Inflame","floor":6,"key":"SMITH"},{"data":"True Grit","floor":8,"key":"SMITH"},{"data":"Metallicize","floor":10,"key":"SMITH"},{"data":"Metallicize","floor":15,"key":"SMITH"}],"neow_cost":"NONE","seed_source_timestamp":559352721039826,"circlet_count":0,"master_deck":["AscendersBane","Strike_R","Strike_R","Strike_R","Strike_R","Defend_R","Defend_R","Defend_R","Defend_R","Bash","Iron Wave","True Grit+1","Inflame+1","Ghostly Armor","Metallicize+1","Metallicize+1","Spot Weakness"],"relics":["Burning Blood","Golden Idol","Gremlin Horn","Bronze Scales"],"potions_floor_usage":[11,11,16,16],"damage_taken":[{"damage":6,"enemies":"Cultist","floor":1,"turns":4},{"damage":3,"enemies":"Jaw Worm","floor":2,"turns":5},{"damage":8,"enemies":"2 Louse","floor":5,"turns":4},{"damage":6,"enemies":"Blue Slaver","floor":7,"turns":5},{"damage":8,"enemies":"3 Sentries","floor":11,"turns":10},{"damage":2,"enemies":"Large Slime","floor":12,"turns":7},{"damage":1,"enemies":"Exordium Wildlife","floor":13,"turns":3},{"damage":14,"enemies":"2 Fungi Beasts","floor":14,"turns":4},{"damage":71,"enemies":"Slime Boss","floor":16,"turns":15}],"seed_played":"-6545164358388973638","potions_obtained":[{"floor":1,"key":"Swift Potion"},{"floor":5,"key":"Strength Potion"},{"floor":11,"key":"Fruit Juice"},{"floor":13,"key":"Poison Potion"},{"floor":14,"key":"SpeedPotion"}],"is_trial":false,"path_per_floor":["M","M","?","$","M","R","M","R","T","R","E","M","M","M","R","B"],"character_chosen":"IRONCLAD","items_purchased":["Inflame","Ghostly Armor"],"campfire_rested":0,"item_purchase_floors":[4,4],"current_hp_per_floor":[68,71,53,53,51,51,51,51,51,51,54,58,63,55,55,0],"gold":236,"neow_bonus":"HUNDRED_GOLD","is_prod":false,"is_daily":false,"chose_seed":false,"campfire_upgraded":4,"win_rate":0,"timestamp":1548348553,"path_taken":["M","?","?","$","M","R","M","R","T","R","E","M","M","M","R","BOSS"],"build_version":"2019-01-23","purchased_purges":1,"victory":false,"max_hp_per_floor":[75,75,75,75,75,75,75,75,75,75,80,80,80,80,80,80],"card_choices":[{"not_picked":["Burning Pact","Havoc"],"picked":"Iron Wave","floor":1},{"not_picked":["Shrug It Off","Searing Blow"],"picked":"True Grit","floor":2},{"not_picked":["Cleave","Wild Strike"],"picked":"Metallicize","floor":5},{"not_picked":["Twin Strike","Cleave","True Grit"],"picked":"SKIP","floor":7},{"not_picked":["Combust","Fiend Fire"],"picked":"Metallicize","floor":11},{"not_picked":["Sword Boomerang","Flex","Warcry"],"picked":"SKIP","floor":12},{"not_picked":["Battle Trance","True Grit","Pommel Strike"],"picked":"SKIP","floor":13},{"not_picked":["Havoc","Clothesline"],"picked":"Spot Weakness","floor":14}],"player_experience":410125,"relics_obtained":[{"floor":9,"key":"Gremlin Horn"},{"floor":11,"key":"Bronze Scales"}],"event_choices":[{"damage_healed":0,"gold_gain":0,"player_choice":"Take Damage","damage_taken":18,"relics_obtained":["Golden Idol"],"max_hp_gain":0,"max_hp_loss":0,"event_name":"Golden Idol","floor":3,"gold_loss":0}],"is_beta":false,"boss_relics":[],"items_purged_floors":[4],"is_endless":false,"potions_floor_spawned":[1,5,11,13,14],"killed_by":"Slime Boss","ascension_level":14}