{"path_per_floor":["M","?","M","?","M","E","M","R","T","M","$","?","M","?","R"],"character_chosen":"DEFECT","items_purchased":["Bottled Lightning","Static Discharge"],"gold_per_floor":[114,114,134,134,150,178,197,197,268,287,5,5,17,17,17,17],"floor_reached":16,"campfire_rested":0,"playtime":535,"item_purchase_floors":[11,11],"current_hp_per_floor":[57,50,48,23,19,2,2,2,2,7,7,7,11,37,37,0],"items_purged":[],"gold":17,"score":133,"play_id":"467b7c72-f789-48f9-b563-f0d3caa676d2","local_time":"20180604194725","is_prod":false,"is_daily":false,"chose_seed":false,"is_ascension_mode":true,"campfire_upgraded":2,"win_rate":0,"timestamp":1528134445,"campfire_choices":[{"data":"Hyperbeam","floor":8,"key":"SMITH"},{"data":"Zap","floor":15,"key":"SMITH"}],"path_taken":["M","?","M","?","M","E","M","R","T","?","?","?","M","?","R","BOSS"],"build_version":"2018-05-31","seed_source_timestamp":1656039299969816,"purchased_purges":0,"victory":false,"master_deck":["Strike_B","Strike_B","Strike_B","Defend_B","Defend_B","Defend_B","Defend_B","Zap+1","Dualcast","Turbo","Hologram","Ball Lightning","Hyperbeam+1","Beam Cell","Self Repair","Static Discharge","Glacier"],"max_hp_per_floor":[75,75,75,75,75,75,75,75,75,80,80,80,80,80,80,85],"relics":["Cracked Core","Turnip","Anchor","Centennial Puzzle","Bottled Lightning"],"card_choices":[{"not_picked":["Compile Driver","Go for the Eyes"],"picked":"Turbo","floor":1},{"not_picked":["Genetic Algorithm","Stack"],"picked":"Hologram","floor":3},{"not_picked":["Steam","Leap"],"picked":"Ball Lightning","floor":5},{"not_picked":["Stack","Darkness"],"picked":"Hyperbeam","floor":6},{"not_picked":["Scrape","Ball Lightning"],"picked":"Beam Cell","floor":7},{"not_picked":["Hologram","Redo"],"picked":"Self Repair","floor":10},{"not_picked":["Heatsinks","Coolheaded"],"picked":"Glacier","floor":13}],"player_experience":471040,"potions_floor_usage":[10,16,16],"damage_taken":[{"damage":11,"enemies":"Small Slimes","floor":1,"turns":3},{"damage":2,"enemies":"2 Louse","floor":3,"turns":2},{"damage":4,"enemies":"Jaw Worm","floor":5,"turns":4},{"damage":17,"enemies":"3 Sentries","floor":6,"turns":6},{"damage":0,"enemies":"2 Fungi Beasts","floor":7,"turns":3},{"damage":0,"enemies":"Blue Slaver","floor":10,"turns":3},{"damage":3,"enemies":"Exordium Thugs","floor":13,"turns":3},{"damage":47,"enemies":"The Guardian","floor":16,"turns":8}],"relics_obtained":[{"floor":6,"key":"Anchor"},{"floor":9,"key":"Centennial Puzzle"}],"event_choices":[{"event_name":"Golden Wing","player_choice":"Card Removal","floor":2,"damage_taken":0},{"event_name":"Scrap Ooze","player_choice":"success","floor":4,"damage_taken":25},{"event_name":"The Cleric","player_choice":"Leave","floor":12,"damage_taken":0},{"event_name":"Big Fish","player_choice":"Banana","floor":14,"damage_taken":0}],"boss_relics":[],"items_purged_floors":[],"potions_floor_spawned":[3,6,10],"seed_played":"1197133723996326178","killed_by":"The Guardian","ascension_level":6,"potions_obtained":[{"floor":3,"key":"LiquidBronze"},{"floor":6,"key":"Fruit Juice"},{"floor":10,"key":"Fruit Juice"}],"is_trial":false}