{"gold_per_floor":[13,13,27,37,47,74,50,65,65,65,65,100,100,119,119,215,215,229,239,329,341,351,351,351,351,351,133,133,144,144,162,162,162],"floor_reached":33,"playtime":906,"items_purged":["Bash"],"score":349,"play_id":"04254aa7-c031-4223-af7b-1c94870dd55a","local_time":"20190112231435","is_ascension_mode":true,"campfire_choices":[{"floor":11.0,"key":"REST"},{"data":"Perfected Strike","floor":13.0,"key":"SMITH"},{"data":"Perfected Strike","floor":15.0,"key":"SMITH"},{"data":"Perfected Strike","floor":23.0,"key":"SMITH"},{"data":"Ghostly","floor":25.0,"key":"SMITH"},{"data":"1","floor":30.0,"key":"LIFT"},{"floor":32.0,"key":"REST"}],"neow_cost":"NO_GOLD","seed_source_timestamp":52309725953947,"circlet_count":0,"master_deck":["Strike_R","Strike_R","Strike_R","Strike_R","Defend_R","Defend_R","Defend_R","Twin Strike","Cleave","Perfected Strike+1","Wild Strike","Headbutt","Wild Strike","Perfected Strike+1","Seeing Red","Perfected Strike+1","Offering","Pommel Strike+1","Shrug It Off+1","Ghostly+1","Ghostly","Ghostly","Ghostly","Ghostly","Ghostly Armor","Metallicize"],"special_seed":0,"relics":["Black Blood","Girya","Regal Pillow","Happy Flower","Gremlin Horn","Enchiridion"],"potions_floor_usage":[],"damage_taken":[{"damage":3.0,"enemies":"Jaw Worm","floor":1.0,"turns":5.0},{"damage":5.0,"enemies":"Small Slimes","floor":3.0,"turns":3.0},{"damage":0.0,"enemies":"Cultist","floor":4.0,"turns":2.0},{"damage":3.0,"enemies":"3 Louse","floor":5.0,"turns":2.0},{"damage":40.0,"enemies":"Lagavulin","floor":6.0,"turns":4.0},{"damage":11.0,"enemies":"Blue Slaver","floor":8.0,"turns":3.0},{"damage":16.0,"enemies":"Gremlin Nob","floor":12.0,"turns":3.0},{"damage":0.0,"enemies":"2 Fungi Beasts","floor":14.0,"turns":2.0},{"damage":45.0,"enemies":"Hexaghost","floor":16.0,"turns":5.0},{"damage":11.0,"enemies":"2 Thieves","floor":18.0,"turns":2.0},{"damage":12.0,"enemies":"Chosen","floor":19.0,"turns":3.0},{"damage":7.0,"enemies":"Centurion and Healer","floor":21.0,"turns":3.0},{"damage":21.0,"enemies":"Shelled Parasite and Fungi","floor":22.0,"turns":3.0},{"damage":6.0,"enemies":"Snecko","floor":29.0,"turns":4.0},{"damage":21.0,"enemies":"Snake Plant","floor":31.0,"turns":3.0},{"damage":70,"enemies":"Automaton","floor":33,"turns":6}],"seed_played":"8612838273999110307","potions_obtained":[{"floor":4.0,"key":"LiquidBronze"},{"floor":5.0,"key":"Block Potion"},{"floor":6.0,"key":"Fire Potion"},{"floor":16.0,"key":"Strength Potion"},{"floor":21.0,"key":"EntropicBrew"}],"is_trial":false,"path_per_floor":["M","?","M","M","M","E","$","M","T","?","R","E","R","M","R","B",null,"M","M","?","M","M","R","?","R","T","$","?","M","R","M","R","B"],"character_chosen":"IRONCLAD","items_purchased":["Wild Strike","Ghostly Armor","Metallicize"],"campfire_rested":2,"item_purchase_floors":[7,27,27],"current_hp_per_floor":[80,80,80,80,80,46,46,41,41,41,80,70,70,76,76,37,69,68,66,50,53,42,42,40,40,40,40,24,28,28,17,40,0],"gold":162,"neow_bonus":"REMOVE_TWO","is_prod":false,"is_daily":false,"chose_seed":false,"campfire_upgraded":4,"win_rate":0,"timestamp":1547302475,"path_taken":["M","?","M","M","M","E","$","M","T","?","R","E","R","M","R","BOSS","M","M","?","M","?","R","?","R","T","$","?","M","R","M","R","BOSS"],"build_version":"2019-01-10","purchased_purges":1,"victory":false,"max_hp_per_floor":[80,80,80,80,80,80,80,80,80,80,80,80,80,80,80,80,80,80,80,80,80,80,80,40,40,40,40,40,40,40,40,40,40],"card_choices":[{"not_picked":["Clothesline","Iron Wave"],"picked":"Twin Strike","floor":1.0},{"not_picked":["Twin Strike","Uppercut"],"picked":"Cleave","floor":3.0},{"not_picked":["Clothesline","Juggernaut"],"picked":"Perfected Strike","floor":4.0},{"not_picked":["Thunderclap","Inflame"],"picked":"Wild Strike","floor":5.0},{"not_picked":["Iron Wave","Carnage"],"picked":"Headbutt","floor":6.0},{"not_picked":["Corruption","Heavy Blade"],"picked":"Perfected Strike","floor":8.0},{"not_picked":["Headbutt","Armaments"],"picked":"Seeing Red","floor":12.0},{"not_picked":["Bludgeon","Corruption"],"picked":"Perfected Strike","floor":14.0},{"not_picked":["Brutality","Barricade"],"picked":"Offering","floor":16.0},{"not_picked":["Warcry","Iron Wave"],"picked":"Pommel Strike+1","floor":18.0},{"not_picked":["Iron Wave","Clash"],"picked":"Shrug It Off+1","floor":19.0},{"not_picked":["Body Slam","Sword Boomerang","Cleave"],"picked":"SKIP","floor":21.0},{"not_picked":["Headbutt+1","Rampage","Sword Boomerang"],"picked":"SKIP","floor":22.0},{"not_picked":["Carnage","Rampage","Clothesline+1"],"picked":"SKIP","floor":29.0},{"not_picked":["Clash","Clothesline","Blood for Blood"],"picked":"SKIP","floor":31.0}],"player_experience":224260,"relics_obtained":[{"floor":6.0,"key":"Girya"},{"floor":9.0,"key":"Regal Pillow"},{"floor":12.0,"key":"Happy Flower"},{"floor":26.0,"key":"Gremlin Horn"},{"floor":28.0,"key":"Enchiridion"}],"event_choices":[{"damage_healed":0.0,"max_hp_gain":0.0,"max_hp_loss":0.0,"gold_gain":0.0,"event_name":"Liars Game","player_choice":"Ignored","floor":2.0,"gold_loss":0.0,"damage_taken":0.0},{"damage_healed":0.0,"max_hp_gain":0.0,"max_hp_loss":0.0,"gold_gain":0.0,"event_name":"Dead Adventurer","player_choice":"Searched \u00270\u0027 times","floor":10.0,"gold_loss":0.0,"damage_taken":0.0},{"damage_healed":0.0,"max_hp_gain":0.0,"max_hp_loss":0.0,"gold_gain":90.0,"event_name":"Knowing Skull","player_choice":"GOLD ","floor":20.0,"potions_obtained":[],"gold_loss":0.0,"damage_taken":16.0,"cards_obtained":[]},{"damage_healed":0.0,"max_hp_gain":0.0,"max_hp_loss":40.0,"gold_gain":0.0,"event_name":"Ghosts","player_choice":"Became a Ghost","floor":24.0,"gold_loss":0.0,"damage_taken":0.0,"cards_obtained":["Ghostly","Ghostly","Ghostly","Ghostly","Ghostly"]},{"damage_healed":0.0,"max_hp_gain":0.0,"max_hp_loss":0.0,"gold_gain":0.0,"event_name":"Cursed Tome","player_choice":"Obtained Book","floor":28.0,"gold_loss":0.0,"damage_taken":16.0}],"is_beta":false,"boss_relics":[{"not_picked":["Runic Dome","Eternal Feather"],"picked":"Black Blood"}],"items_purged_floors":[27],"is_endless":false,"potions_floor_spawned":[4,5,6,8,14,16,19,21],"killed_by":"Automaton","ascension_level":5}