{"gold_per_floor":[113,113,128,147,72,97,97,97],"floor_reached":8,"playtime":165,"items_purged":[],"score":112,"play_id":"b00b04a9-f551-4b7a-b494-e6f17b3bbe62","local_time":"20190201150054","is_ascension_mode":true,"campfire_choices":[],"neow_cost":"NONE","seed_source_timestamp":1262618317253861,"circlet_count":0,"master_deck":["AscendersBane","Strike_R","Strike_R","Strike_R","Defend_R","Defend_R","Defend_R","Defend_R","Bash","Body Slam+1","Corruption"],"relics":["Burning Blood","NeowsBlessing","Strawberry"],"potions_floor_usage":[6],"damage_taken":[{"damage":0,"enemies":"2 Louse","floor":1,"turns":1},{"damage":0,"enemies":"Cultist","floor":3,"turns":1},{"damage":0,"enemies":"Jaw Worm","floor":4,"turns":1},{"damage":70,"enemies":"Lagavulin","floor":6,"turns":9},{"damage":29,"enemies":"Red Slaver","floor":8,"turns":3}],"seed_played":"-8842953084504207796","potions_obtained":[{"floor":1,"key":"Dexterity Potion"},{"floor":3,"key":"FearPotion"}],"is_trial":false,"path_per_floor":["M","?","M","M","?","E","?","M"],"character_chosen":"IRONCLAD","items_purchased":[],"campfire_rested":0,"item_purchase_floors":[],"current_hp_per_floor":[74,74,75,75,75,18,18,0],"gold":97,"neow_bonus":"THREE_ENEMY_KILL","is_prod":false,"is_daily":false,"chose_seed":false,"campfire_upgraded":0,"win_rate":0,"timestamp":1549051254,"path_taken":["M","?","M","?","?","E","?","M"],"build_version":"2019-01-23","purchased_purges":0,"victory":false,"max_hp_per_floor":[75,75,75,75,75,82,82,82],"card_choices":[{"not_picked":["Burning Pact","True Grit"],"picked":"Body Slam","floor":1},{"not_picked":["Dropkick","Flex"],"picked":"Corruption","floor":3},{"not_picked":["Sword Boomerang","Heavy Blade","Anger"],"picked":"SKIP","floor":4},{"not_picked":["Rampage","Wild Strike","Thunderclap"],"picked":"SKIP","floor":6}],"player_experience":625024,"relics_obtained":[{"floor":6,"key":"Strawberry"}],"event_choices":[{"damage_healed":0,"gold_gain":0,"player_choice":"Upgraded","damage_taken":0,"max_hp_gain":0,"max_hp_loss":0,"event_name":"Upgrade Shrine","floor":2,"gold_loss":0,"cards_upgraded":["Body Slam"]},{"cards_removed":["Strike_R"],"damage_healed":0,"gold_gain":0,"player_choice":"Card Removal","damage_taken":0,"max_hp_gain":0,"max_hp_loss":0,"event_name":"The Cleric","floor":5,"gold_loss":75},{"cards_removed":["Strike_R"],"damage_healed":0,"gold_gain":0,"player_choice":"Purged","damage_taken":0,"max_hp_gain":0,"max_hp_loss":0,"event_name":"Purifier","floor":7,"gold_loss":0}],"is_beta":false,"boss_relics":[],"items_purged_floors":[],"is_endless":false,"potions_floor_spawned":[1,3,4],"killed_by":"Red Slaver","ascension_level":20}