{"gold_per_floor":[214,18,32,32,48,48,48,60,60,74,74,92,54,69,69,174,174,187,187,75,75,92,92,92,92,92,102,120,131,160,175,175,175],"floor_reached":33,"playtime":1920,"items_purged":["Strike_B"],"score":429,"play_id":"00aca87b-7b90-4943-803c-aa840e1edded","local_time":"20190216165424","is_ascension_mode":true,"campfire_choices":[{"data":"Dualcast","floor":6,"key":"SMITH"},{"data":"Go for the Eyes","floor":11,"key":"SMITH"},{"data":"Loop","floor":15,"key":"SMITH"},{"floor":23,"key":"REST"},{"data":"Coolheaded","floor":25,"key":"SMITH"},{"floor":32,"key":"REST"}],"neow_cost":"NONE","seed_source_timestamp":204300150076780,"circlet_count":0,"master_deck":["AscendersBane","Strike_B","Strike_B","Strike_B","Defend_B+1","Defend_B","Defend_B","Defend_B","Zap+1","Dualcast+1","Go for the Eyes+1","Conserve Battery+1","Enlightenment+1","Cold Snap","Coolheaded+1","Cold Snap","Loop+1","Electrodynamics","Conserve Battery+1","FTL","Glacier","Barrage","Machine Learning"],"relics":["Cracked Core","Mercury Hourglass","Inserter","Unceasing Top","Letter Opener","Ice Cream"],"potions_floor_usage":[14,16,22,27,27,30,30],"damage_taken":[{"damage":0,"enemies":"Small Slimes","floor":1,"turns":3},{"damage":0,"enemies":"Jaw Worm","floor":3,"turns":4},{"damage":0,"enemies":"Cultist","floor":5,"turns":3},{"damage":16,"enemies":"Large Slime","floor":8,"turns":6},{"damage":0,"enemies":"Lots of Slimes","floor":10,"turns":3},{"damage":0,"enemies":"3 Louse","floor":12,"turns":2},{"damage":14,"enemies":"Large Slime","floor":14,"turns":6},{"damage":25,"enemies":"Hexaghost","floor":16,"turns":12},{"damage":17,"enemies":"3 Byrds","floor":18,"turns":4},{"damage":20,"enemies":"2 Thieves","floor":22,"turns":3},{"damage":17,"enemies":"3 Cultists","floor":27,"turns":4},{"damage":10,"enemies":"Centurion and Healer","floor":28,"turns":6},{"damage":16,"enemies":"Snake Plant","floor":29,"turns":4},{"damage":0,"enemies":"Gremlin Leader","floor":30,"turns":8},{"damage":10,"enemies":"Snecko","floor":31,"turns":6},{"damage":61,"enemies":"Champ","floor":33,"turns":10}],"seed_played":"-7699066484402488350","potions_obtained":[{"floor":1,"key":"Strength Potion"},{"floor":8,"key":"AttackPotion"},{"floor":10,"key":"Regen Potion"},{"floor":14,"key":"Dexterity Potion"},{"floor":16,"key":"Fire Potion"},{"floor":18,"key":"Regen Potion"},{"floor":27,"key":"PowerPotion"},{"floor":29,"key":"Strength Potion"}],"is_trial":false,"path_per_floor":["M","$","M","?","M","R","?","M","T","M","R","M","$","M","R","B",null,"M","?","$","T","M","R","?","R","T","M","M","M","E","M","R","B"],"character_chosen":"DEFECT","items_purchased":["Go for the Eyes","Conserve Battery","Enlightenment","Loop","FTL"],"campfire_rested":2,"item_purchase_floors":[2,2,2,13,20],"current_hp_per_floor":[68,68,68,68,68,68,53,37,37,37,37,37,37,38,38,13,60,43,43,43,43,23,45,45,45,45,40,30,14,14,4,26,0],"gold":175,"neow_bonus":"HUNDRED_GOLD","is_prod":false,"is_daily":false,"chose_seed":false,"campfire_upgraded":4,"win_rate":0,"timestamp":1550364864,"path_taken":["M","$","M","?","M","R","?","M","T","M","R","M","?","M","R","BOSS","M","?","$","?","M","R","?","R","T","M","M","M","E","M","R","BOSS"],"build_version":"2019-01-23","purchased_purges":1,"victory":false,"max_hp_per_floor":[75,75,75,75,75,75,75,75,75,75,75,75,75,75,75,75,75,75,75,75,75,75,75,75,75,75,75,75,75,75,75,75,75],"card_choices":[{"not_picked":["Double Energy","Sweeping Beam","Recycle"],"picked":"SKIP","floor":1},{"not_picked":["Skim","Leap"],"picked":"Cold Snap","floor":3},{"not_picked":["Streamline","Sweeping Beam","Beam Cell"],"picked":"SKIP","floor":5},{"not_picked":["Beam Cell","Ball Lightning"],"picked":"Coolheaded","floor":8},{"not_picked":["Hologram","Steam Power"],"picked":"Cold Snap","floor":10},{"not_picked":["Rebound","Redo","Hello World"],"picked":"SKIP","floor":12},{"not_picked":["Skim","Melter","Coolheaded"],"picked":"SKIP","floor":14},{"not_picked":["All For One","Hyperbeam"],"picked":"Electrodynamics","floor":16},{"not_picked":["Compile Driver","Hologram","Skim+1"],"picked":"SKIP","floor":18},{"not_picked":["Streamline+1","Doom and Gloom","Fusion"],"picked":"SKIP","floor":22},{"not_picked":["Leap","Steam"],"picked":"Glacier","floor":27},{"not_picked":["Sweeping Beam","Stack","Compile Driver"],"picked":"SKIP","floor":28},{"not_picked":["Chaos+1","Rebound","Coolheaded+1"],"picked":"SKIP","floor":29},{"not_picked":["Beam Cell+1","Aggregate"],"picked":"Barrage","floor":30},{"not_picked":["Redo+1","Turbo"],"picked":"Machine Learning","floor":31}],"player_experience":398745,"relics_obtained":[{"floor":9,"key":"Mercury Hourglass"},{"floor":21,"key":"Unceasing Top"},{"floor":26,"key":"Letter Opener"},{"floor":30,"key":"Ice Cream"}],"event_choices":[{"damage_healed":0,"gold_gain":0,"player_choice":"Grow","damage_taken":0,"max_hp_gain":0,"max_hp_loss":0,"event_name":"Living Wall","floor":4,"gold_loss":0,"cards_upgraded":["Zap"]},{"damage_healed":0,"gold_gain":0,"player_choice":"Entered Light","damage_taken":15,"max_hp_gain":0,"max_hp_loss":0,"event_name":"Shining Light","floor":7,"gold_loss":0,"cards_upgraded":["Conserve Battery","Defend_B"]},{"damage_healed":0,"gold_gain":0,"player_choice":"Copied","damage_taken":0,"max_hp_gain":0,"max_hp_loss":0,"event_name":"Duplicator","floor":19,"gold_loss":0,"cards_obtained":["Conserve Battery"]},{"damage_healed":0,"gold_gain":0,"player_choice":"Upgraded","damage_taken":0,"max_hp_gain":0,"max_hp_loss":0,"event_name":"Upgrade Shrine","floor":24,"gold_loss":0,"cards_upgraded":["Enlightenment"]}],"is_beta":false,"boss_relics":[{"not_picked":["Runic Dome","Fusion Hammer"],"picked":"Inserter"}],"items_purged_floors":[20],"is_endless":false,"potions_floor_spawned":[1,8,10,14,16,18,27,29],"killed_by":"Champ","ascension_level":10}