{"path_per_floor":["M","?","?","M","M","E","?","R","T","R","$","M","R","M","R","B",null,"M","?","$"],"character_chosen":"IRONCLAD","items_purchased":["Matryoshka","Tiny Chest"],"gold_per_floor":[12,187,187,200,220,246,246,246,318,318,71,83,83,93,93,198,198,216,216,16,16],"floor_reached":21,"campfire_rested":2,"playtime":847,"current_hp_per_floor":[78,78,62,63,69,30,30,30,30,54,54,55,55,59,80,17,80,53,37,37,37],"items_purged":["Searing Blow"],"gold":16,"score":177,"play_id":"540e1516-68a5-43d7-b01d-607b8f7756be","local_time":"20180421145250","is_prod":false,"is_daily":false,"chose_seed":false,"is_ascension_mode":false,"campfire_upgraded":2,"timestamp":1524347570,"path_taken":["M","?","?","?","M","E","?","R","T","R","$","M","R","M","R","BOSS","M","?","$","M"],"build_version":"2018-04-19","seed_source_timestamp":918126524418562,"purchased_purges":1,"victory":false,"master_deck":["Strike_R","Strike_R","Defend_R+1","Defend_R","Bash+1","Pommel Strike+1","Shrug It Off+1","Metallicize+1","Wild Strike+1","Necronomicurse"],"max_hp_per_floor":[80,80,80,80,80,80,80,80,80,80,80,80,80,80,80,80,80,80,80,80,80],"relics":["Burning Blood","Happy Flower","Toxic Egg 2","Matryoshka","Astrolabe","Necronomicon","Tiny Chest"],"card_choices":[{"not_picked":["Wild Strike","True Grit"],"picked":"Pommel Strike","floor":4},{"not_picked":["True Grit","Armaments"],"picked":"Shrug It Off","floor":5}],"player_experience":105696,"potions_floor_usage":[18],"damage_taken":[{"damage":8,"enemies":"2 Louse","floor":1,"turns":3},{"damage":5,"enemies":"Small Slimes","floor":4,"turns":4},{"damage":0,"enemies":"Jaw Worm","floor":5,"turns":4},{"damage":45,"enemies":"Lagavulin","floor":6,"turns":8},{"damage":5,"enemies":"Exordium Thugs","floor":12,"turns":4},{"damage":2,"enemies":"Exordium Wildlife","floor":14,"turns":3},{"damage":69,"enemies":"Slime Boss","floor":16,"turns":17},{"damage":33,"enemies":"2 Thieves","floor":18,"turns":5},{"damage":0,"enemies":"Chosen","floor":21,"turns":1}],"event_choices":[{"event_name":"Liars Game","player_choice":"agreed","floor":2,"damage_taken":0},{"event_name":"Shining Light","player_choice":"Entered Light","floor":3,"damage_taken":0},{"event_name":"Fountain of Cleansing","player_choice":"Removed Curse","floor":7,"damage_taken":0},{"event_name":"Cursed Tome","player_choice":"Obtained Book","floor":19,"damage_taken":0}],"boss_relics":[{"not_picked":["Runic Pyramid","Eternal Feather"],"picked":"Astrolabe"}],"potions_floor_spawned":[12,16],"seed_played":"8847686464074741872","killed_by":"Chosen","ascension_level":0,"is_trial":false}