{"gold_per_floor":[115,115,129,29,29,29,42,42,87,101,116,116],"floor_reached":12,"playtime":280,"items_purged":["Strike_B"],"score":109,"play_id":"ff8d08b3-741d-4e17-baa8-8c4a916a5aa0","local_time":"20190129150531","is_ascension_mode":true,"campfire_choices":[{"data":"Storm","floor":6,"key":"SMITH"},{"data":"Recycle","floor":8,"key":"SMITH"}],"neow_cost":"TEN_PERCENT_HP_LOSS","seed_source_timestamp":1003560718815945,"circlet_count":0,"master_deck":["AscendersBane","Strike_B","Strike_B","Strike_B","Defend_B","Defend_B","Defend_B","Defend_B","Zap","Dualcast","Electrodynamics","Tempest","Storm+1","Conserve Battery","Recycle+1","Steam","Storm"],"relics":["Cracked Core","Question Card","Golden Idol","Bronze Scales"],"potions_floor_usage":[12],"damage_taken":[{"damage":0,"enemies":"Small Slimes","floor":1,"turns":3},{"damage":9,"enemies":"Jaw Worm","floor":3,"turns":3},{"damage":7,"enemies":"2 Louse","floor":7,"turns":2},{"damage":32,"enemies":"Large Slime","floor":10,"turns":4},{"damage":6,"enemies":"Looter","floor":11,"turns":3},{"damage":9,"enemies":"Lagavulin","floor":12,"turns":3}],"seed_played":"-8691573423394025885","potions_obtained":[{"floor":3,"key":"Poison Potion"},{"floor":11,"key":"Ancient Potion"}],"is_trial":false,"path_per_floor":["M","?","M","$","?","R","M","R","T","M","M","E"],"character_chosen":"DEFECT","items_purchased":["Conserve Battery"],"campfire_rested":0,"item_purchase_floors":[4],"current_hp_per_floor":[68,61,52,52,52,52,45,45,45,13,7,0],"gold":116,"neow_bonus":"THREE_RARE_CARDS","is_prod":false,"is_daily":false,"chose_seed":false,"campfire_upgraded":2,"win_rate":0,"timestamp":1548792331,"path_taken":["M","?","M","$","?","R","M","R","T","M","M","E"],"build_version":"2019-01-23","purchased_purges":1,"victory":false,"max_hp_per_floor":[68,68,68,68,63,63,63,63,63,63,63,63],"card_choices":[{"not_picked":["Meteor Strike","Multi-Cast"],"picked":"Electrodynamics","floor":0},{"not_picked":["Steam","Auto Shields"],"picked":"Tempest","floor":1},{"not_picked":["Rebound","Stack","Hologram"],"picked":"Storm","floor":3},{"not_picked":["Go for the Eyes","Compile Driver","Hologram"],"picked":"Recycle","floor":7},{"not_picked":["Compile Driver","Streamline","Hologram"],"picked":"Steam","floor":10},{"not_picked":["Hologram","Stack","Reinforced Body"],"picked":"Storm","floor":11}],"player_experience":539717,"relics_obtained":[{"floor":9,"key":"Bronze Scales"}],"event_choices":[{"damage_healed":0,"gold_gain":0,"player_choice":"Success","damage_taken":7,"relics_obtained":["Question Card"],"max_hp_gain":0,"max_hp_loss":0,"event_name":"Scrap Ooze","floor":2,"gold_loss":0},{"damage_healed":0,"gold_gain":0,"player_choice":"Lose Max HP","damage_taken":0,"relics_obtained":["Golden Idol"],"max_hp_gain":0,"max_hp_loss":5,"event_name":"Golden Idol","floor":5,"gold_loss":0}],"is_beta":false,"boss_relics":[],"items_purged_floors":[4],"is_endless":false,"potions_floor_spawned":[3,11],"killed_by":"Lagavulin","ascension_level":11}