{"gold_per_floor":[119,131,141,152,152,183,183,202,256,284,284,304,304,329,329,425,425,440,211,242,255,255,255,78,78,104,29,41,57,75,48,48,149,149,169,169,169,391,401,401,401,401,470,470,66,86,98,98,98,98],"floor_reached":51,"playtime":2766,"items_purged":["Regret","Strike_B","Strike_B"],"score":880,"play_id":"06e262ee-88d0-46d8-81c6-90dc1924985c","local_time":"20190205230505","is_ascension_mode":true,"campfire_choices":[{"data":"Zap","floor":7.0,"key":"SMITH"},{"floor":13.0,"key":"REST"},{"data":"Defragment","floor":15.0,"key":"SMITH"},{"floor":23.0,"key":"REST"},{"floor":25.0,"key":"REST"},{"data":"Echo Form","floor":32.0,"key":"SMITH"},{"data":"Apotheosis","floor":40.0,"key":"SMITH"},{"floor":41.0,"key":"REST"},{"data":"Echo Form","floor":42.0,"key":"SMITH"},{"data":"Fission","floor":49,"key":"SMITH"}],"neow_cost":"NONE","seed_source_timestamp":29255354164572,"circlet_count":0,"master_deck":["Defend_B","Defend_B","Defend_B","Defend_B","Zap+1","Dualcast","Ball Lightning","Conserve Battery","Glacier","Turbo","Tempest+1","Go for the Eyes","Self Repair","Defragment+1","Stack","Loop","Echo Form+1","Electrodynamics","Double Energy+1","Turbo+1","Capacitor","White Noise","Leap","Core Surge","Echo Form+1","Hologram","Fission+1","Leap","Apotheosis+1","Defragment+1","Coolheaded+1","Madness","Madness","Defragment","Parasite","Lockon+1"],"special_seed":0,"relics":["Cracked Core","Blood Vial","Dream Catcher","Question Card","Omamori","Calling Bell","Ancient Tea Set","Pantograph","WingedGreaves","Anchor","Red Mask","War Paint","Shuriken","Runic Capacitor"],"potions_floor_usage":[46,50],"damage_taken":[{"damage":2.0,"enemies":"Jaw Worm","floor":1.0,"turns":4.0},{"damage":0.0,"enemies":"2 Louse","floor":2.0,"turns":4.0},{"damage":0.0,"enemies":"Small Slimes","floor":3.0,"turns":2.0},{"damage":6.0,"enemies":"Looter","floor":4.0,"turns":3.0},{"damage":15.0,"enemies":"3 Sentries","floor":6.0,"turns":11.0},{"damage":10.0,"enemies":"3 Louse","floor":8.0,"turns":3.0},{"damage":36.0,"enemies":"Gremlin Nob","floor":10.0,"turns":5.0},{"damage":0.0,"enemies":"2 Fungi Beasts","floor":12.0,"turns":2.0},{"damage":2.0,"enemies":"Lagavulin","floor":14.0,"turns":6.0},{"damage":26.0,"enemies":"Hexaghost","floor":16.0,"turns":9.0},{"damage":22.0,"enemies":"Spheric Guardian","floor":18.0,"turns":6.0},{"damage":56.0,"enemies":"Masked Bandits","floor":20.0,"turns":5.0},{"damage":0.0,"enemies":"Chosen","floor":21.0,"turns":4.0},{"damage":8.0,"enemies":"Centurion and Healer","floor":28.0,"turns":4.0},{"damage":17.0,"enemies":"Snake Plant","floor":29.0,"turns":3.0},{"damage":0.0,"enemies":"Snecko","floor":30.0,"turns":2.0},{"damage":26.0,"enemies":"Champ","floor":33.0,"turns":11.0},{"damage":41.0,"enemies":"Orb Walker","floor":35.0,"turns":7.0},{"damage":0.0,"enemies":"3 Shapes","floor":39.0,"turns":6.0},{"damage":49,"enemies":"Transient","floor":46,"turns":5},{"damage":35,"enemies":"Writhing Mass","floor":47,"turns":6},{"damage":70,"enemies":"Time Eater","floor":50,"turns":7}],"seed_played":"1070620317023947075","potions_obtained":[{"floor":3.0,"key":"Poison Potion"},{"floor":4.0,"key":"Block Potion"},{"floor":10.0,"key":"AttackPotion"},{"floor":12.0,"key":"AttackPotion"},{"floor":16.0,"key":"SteroidPotion"},{"floor":18.0,"key":"Strength Potion"},{"floor":29.0,"key":"EssenceOfSteel"},{"floor":33.0,"key":"Swift Potion"},{"floor":35.0,"key":"SkillPotion"}],"is_trial":false,"path_per_floor":["M","M","M","M","?","E","R","M","T","E","?","M","R","E","R","B",null,"M","$","?","M","?","R","$","R","T","?","M","M","M","$","R","B",null,"M","?","?","?","M","R","R","R","T","?","$","M","M","?","R","B",null],"character_chosen":"DEFECT","items_purchased":["Anchor","Regen Potion","Hologram","Runic Capacitor","Defragment"],"campfire_rested":4,"item_purchase_floors":[19,24,31,45,45],"current_hp_per_floor":[73,73,73,67,67,52,52,44,44,10,10,19,43,50,50,33,70,57,57,10,12,12,36,36,60,60,60,80,65,67,67,67,56,76,44,44,44,44,53,53,77,77,77,67,67,40,7,72,72,2],"gold":98,"neow_bonus":"TEN_PERCENT_HP_BONUS","is_prod":false,"is_daily":false,"chose_seed":false,"campfire_upgraded":6,"win_rate":0,"timestamp":1549375505,"path_taken":["M","M","M","M","?","E","R","M","T","E","?","M","R","E","R","BOSS","M","$","?","M","?","R","$","R","T","?","M","M","M","$","R","BOSS","M","?","?","?","M","R","R","R","T","?","$","M","M","?","R","BOSS"],"build_version":"2019-01-23","purchased_purges":3,"victory":true,"max_hp_per_floor":[82,82,82,82,82,82,82,82,82,82,82,82,82,82,82,82,82,82,82,82,82,82,82,82,82,82,82,82,82,82,82,82,82,82,82,82,82,82,82,82,82,82,82,82,82,82,82,72,72,72],"card_choices":[{"not_picked":["Redo","Compile Driver"],"picked":"Ball Lightning","floor":1.0},{"not_picked":["Steam","Auto Shields"],"picked":"Conserve Battery","floor":2.0},{"not_picked":["Chaos","Self Repair"],"picked":"Glacier","floor":3.0},{"not_picked":["Ball Lightning","Hologram"],"picked":"Turbo","floor":4.0},{"not_picked":["Rebound","Storm"],"picked":"Tempest","floor":6.0},{"not_picked":["Beam Cell","Redo"],"picked":"Go for the Eyes","floor":8.0},{"not_picked":["Coolheaded","Rainbow"],"picked":"Self Repair","floor":10.0},{"not_picked":["Ball Lightning","Barrage","Recycle"],"picked":"Defragment","floor":12.0},{"not_picked":["Turbo","Static Discharge","Compile Driver"],"picked":"Stack","floor":13.0},{"not_picked":["Steam","Machine Learning","Defragment"],"picked":"Loop","floor":14.0},{"not_picked":["Machine Learning","Fission","Amplify"],"picked":"Echo Form","floor":16.0},{"not_picked":["Chaos+1","Cold Snap","Reinforced Body"],"picked":"Electrodynamics","floor":18.0},{"not_picked":["Go for the Eyes+1","Redo","Cold Snap+1"],"picked":"Double Energy+1","floor":20.0},{"not_picked":["Streamline","Rebound","Reprogram"],"picked":"Turbo","floor":21.0},{"not_picked":["Sweeping Beam","Compile Driver","White Noise"],"picked":"Capacitor","floor":23.0},{"not_picked":["Lockon","Fusion","Sweeping Beam"],"picked":"White Noise","floor":25.0},{"not_picked":["Streamline","Sunder","Go for the Eyes"],"picked":"Leap","floor":28.0},{"not_picked":["Stack","Conserve Battery","Rebound"],"picked":"Core Surge","floor":29.0},{"not_picked":["Conserve Battery","Streamline+1","Go for the Eyes"],"picked":"Echo Form","floor":30.0},{"not_picked":["Machine Learning","Meteor Strike","Buffer"],"picked":"Fission","floor":33.0},{"not_picked":["Recycle+1","Ball Lightning","Scrape"],"picked":"Leap","floor":35.0},{"not_picked":["Flash of Steel","HandOfGreed","Finesse"],"picked":"Apotheosis","floor":36.0},{"not_picked":["Aggregate","Conserve Battery+1","Stack"],"picked":"Defragment+1","floor":39.0},{"not_picked":["Go for the Eyes","Turbo","Force Field"],"picked":"Coolheaded+1","floor":41.0},{"not_picked":["Rebound+1","Genetic Algorithm","Stack+1","Barrage+1"],"picked":"SKIP","floor":46},{"not_picked":["Loop","Stack+1","Hello World"],"picked":"Lockon+1","floor":47}],"player_experience":267629,"relics_obtained":[{"floor":6.0,"key":"Blood Vial"},{"floor":9.0,"key":"Dream Catcher"},{"floor":10.0,"key":"Question Card"},{"floor":14.0,"key":"Omamori"},{"floor":17.0,"key":"Ancient Tea Set"},{"floor":17.0,"key":"Pantograph"},{"floor":17.0,"key":"WingedGreaves"},{"floor":20.0,"key":"Red Mask"},{"floor":26.0,"key":"War Paint"},{"floor":43.0,"key":"Shuriken"}],"event_choices":[{"damage_healed":0.0,"max_hp_gain":0.0,"max_hp_loss":0.0,"gold_gain":0.0,"event_name":"Shining Light","player_choice":"Ignored","floor":5.0,"gold_loss":0.0,"damage_taken":0.0},{"damage_healed":0.0,"max_hp_gain":0.0,"max_hp_loss":0.0,"gold_gain":0.0,"event_name":"Golden Idol","player_choice":"Ignored","floor":11.0,"gold_loss":0.0,"damage_taken":0.0},{"damage_healed":0.0,"max_hp_gain":0.0,"max_hp_loss":0.0,"gold_gain":0.0,"event_name":"Masked Bandits","player_choice":"Fought Bandits","floor":20.0,"gold_loss":0.0,"damage_taken":0.0},{"damage_healed":0.0,"max_hp_gain":0.0,"max_hp_loss":0.0,"gold_gain":0.0,"event_name":"Cursed Tome","player_choice":"Ignored","floor":22.0,"gold_loss":0.0,"damage_taken":0.0},{"cards_removed":["Strike_B"],"damage_healed":0.0,"max_hp_gain":0.0,"max_hp_loss":0.0,"gold_gain":0.0,"event_name":"Beggar","player_choice":"Gave Gold","floor":27.0,"gold_loss":75.0,"damage_taken":0.0},{"damage_healed":0.0,"max_hp_gain":0.0,"max_hp_loss":0.0,"gold_gain":0.0,"event_name":"SensoryStone","player_choice":"Memory 1","floor":36.0,"gold_loss":0.0,"damage_taken":0.0},{"cards_removed":["Strike_B"],"damage_healed":0.0,"max_hp_gain":0.0,"max_hp_loss":0.0,"gold_gain":0.0,"event_name":"Falling","player_choice":"Removed Attack","floor":37.0,"gold_loss":0.0,"damage_taken":0.0},{"damage_healed":0.0,"max_hp_gain":0.0,"max_hp_loss":0.0,"gold_gain":222.0,"event_name":"Tomb of Lord Red Mask","player_choice":"Wore Mask","floor":38.0,"gold_loss":0.0,"damage_taken":0.0},{"damage_healed":0.0,"max_hp_gain":0.0,"max_hp_loss":0.0,"gold_gain":0.0,"event_name":"Winding Halls","player_choice":"Embrace Madness","floor":44.0,"gold_loss":0.0,"damage_taken":10.0,"cards_obtained":["Madness","Madness"]},{"damage_healed":72,"gold_gain":0,"player_choice":"Heal","damage_taken":0,"max_hp_gain":0,"max_hp_loss":10,"event_name":"The Moai Head","floor":48,"gold_loss":0}],"is_beta":false,"boss_relics":[{"not_picked":["Cursed Key","Philosopher\u0027s Stone"],"picked":"Calling Bell"},{"not_picked":["Fusion Hammer","Snecko Eye","Runic Dome"]}],"items_purged_floors":[19,24,45],"is_endless":false,"potions_floor_spawned":[3,4,10,12,16,18,29,33,35],"ascension_level":7}