{"gold_per_floor":[119,135,34,34,34,34,51,51,51,86,96,96,34,48,48,152,152,152,40,40,40,58,85,105,105,105,124,142,142],"floor_reached":29,"playtime":1403,"items_purged":["Survivor","Reflex+1"],"score":245,"play_id":"08cbcab3-5fbc-4584-bb79-07bea595a7ca","local_time":"20190102220729","is_ascension_mode":false,"campfire_choices":[{"data":"Dodge and Roll","floor":6,"key":"SMITH"},{"data":"PiercingWail","floor":8,"key":"SMITH"},{"floor":15,"key":"REST"},{"floor":25,"key":"REST"}],"neow_cost":"NONE","seed_source_timestamp":23615943978746,"circlet_count":0,"master_deck":["Defend_G","Defend_G","Defend_G+1","Strike_G","Strike_G","Strike_G","Neutralize","Dodge and Roll+1","Deadly Poison+1","PiercingWail+1","Finisher","Infinite Blades","Blade Dance+1","Dodge and Roll+1","A Thousand Cuts","Doppelganger+1","Predator+1","Well Laid Plans","Catalyst+1","Deflect+1","Slice+1","After Image","Finisher"],"relics":["Ring of the Snake","The Courier","Orichalcum","Astrolabe","War Paint","Blue Candle"],"potions_floor_usage":[16,16,18,29,29],"damage_taken":[{"damage":0,"enemies":"2 Louse","floor":1,"turns":3},{"damage":5,"enemies":"Jaw Worm","floor":2,"turns":7},{"damage":1,"enemies":"Small Slimes","floor":7,"turns":4},{"damage":27,"enemies":"3 Sentries","floor":10,"turns":10},{"damage":6,"enemies":"Red Slaver","floor":11,"turns":4},{"damage":1,"enemies":"Exordium Wildlife","floor":14,"turns":5},{"damage":12,"enemies":"Hexaghost","floor":16,"turns":8},{"damage":0,"enemies":"Spheric Guardian","floor":18,"turns":3},{"damage":4,"enemies":"Chosen","floor":22,"turns":4},{"damage":36,"enemies":"Book of Stabbing","floor":23,"turns":5},{"damage":29,"enemies":"Snecko","floor":24,"turns":5},{"damage":3,"enemies":"Shelled Parasite and Fungi","floor":27,"turns":7},{"damage":16,"enemies":"3 Cultists","floor":28,"turns":5},{"damage":6,"enemies":"Centurion and Healer","floor":29,"turns":2}],"seed_played":"5336563866872638406","potions_obtained":[{"floor":1,"key":"SmokeBomb"},{"floor":12,"key":"LiquidBronze"},{"floor":12,"key":"Fire Potion"},{"floor":23,"key":"Explosive Potion"},{"floor":27,"key":"Energy Potion"}],"is_trial":false,"path_per_floor":["M","M","$","?","?","R","M","R","T","E","M","?","$","M","R","B",null,"M","$","?","$","M","E","M","R","T","M","M","M"],"character_chosen":"THE_SILENT","items_purchased":["Deadly Poison","Blade Dance","Dodge and Roll","Well Laid Plans"],"campfire_rested":2,"item_purchase_floors":[3,13,13,19],"current_hp_per_floor":[70,65,65,51,51,51,50,50,50,23,17,17,17,16,37,25,70,70,70,70,70,66,30,1,22,22,19,3,0],"gold":142,"neow_bonus":"REMOVE_CARD","is_prod":false,"is_daily":false,"chose_seed":false,"campfire_upgraded":2,"win_rate":0.0,"timestamp":1546434449,"path_taken":["M","M","$","?","?","R","M","R","T","E","M","?","$","?","R","BOSS","M","$","?","$","M","E","M","R","T","M","M","M"],"build_version":"2018-12-20","purchased_purges":2,"victory":false,"max_hp_per_floor":[70,70,70,70,70,70,70,70,70,70,70,70,70,70,70,70,70,70,70,70,70,70,70,70,70,70,70,70,70],"card_choices":[{"not_picked":["Heel Hook","Reflex"],"picked":"Dodge and Roll","floor":1},{"not_picked":["PiercingWail","Deflect"],"picked":"Deadly Poison","floor":2},{"not_picked":["Heel Hook","Bane"],"picked":"PiercingWail","floor":7},{"not_picked":["Choke","Underhanded Strike"],"picked":"Finisher","floor":10},{"not_picked":["Slice","Expertise"],"picked":"Infinite Blades","floor":11},{"not_picked":["Distraction","Flying Knee","Finisher"],"picked":"SKIP","floor":14},{"not_picked":["Glass Knife","Wraith Form v2"],"picked":"A Thousand Cuts","floor":16},{"not_picked":["Flying Knee","Eviscerate"],"picked":"Catalyst+1","floor":22},{"not_picked":["Acrobatics","Underhanded Strike"],"picked":"Deflect+1","floor":23},{"not_picked":["Dodge and Roll","Deadly Poison"],"picked":"Slice+1","floor":24},{"not_picked":["Quick Slash+1","Prepared"],"picked":"After Image","floor":27},{"not_picked":["Prepared","Blade Dance"],"picked":"Finisher","floor":28}],"player_experience":55356,"relics_obtained":[{"floor":9,"key":"The Courier"},{"floor":10,"key":"Orichalcum"},{"floor":23,"key":"War Paint"},{"floor":26,"key":"Blue Candle"}],"event_choices":[{"damage_healed":0,"gold_gain":0,"player_choice":"Entered Light","damage_taken":14,"max_hp_gain":0,"max_hp_loss":0,"event_name":"Shining Light","floor":4,"gold_loss":0,"cards_upgraded":["Deadly Poison","Defend_G"]},{"cards_removed":["Strike_G"],"damage_healed":0,"gold_gain":0,"player_choice":"Forget","damage_taken":0,"max_hp_gain":0,"max_hp_loss":0,"event_name":"Living Wall","floor":5,"gold_loss":0},{"damage_healed":0,"gold_gain":0,"player_choice":"Got Potions","damage_taken":0,"max_hp_gain":0,"max_hp_loss":0,"event_name":"Lab","floor":12,"gold_loss":0},{"damage_healed":0,"gold_gain":0,"player_choice":"Ignored","damage_taken":0,"max_hp_gain":0,"max_hp_loss":0,"event_name":"Beggar","floor":20,"gold_loss":0}],"is_beta":false,"boss_relics":[{"not_picked":["Velvet Choker","Runic Pyramid"],"picked":"Astrolabe"}],"items_purged_floors":[3,19],"is_endless":false,"potions_floor_spawned":[1,10,18,23,27],"killed_by":"Centurion and Healer","ascension_level":0}