{"gold_per_floor":[218,33,47,67,49,49,68,68,150,178,178,128,139,154,154,252,252,266,286,0,0,16,16,16,16,86,60,60,80,80,113,113,211,211,229,229,229,35,53,53,79,4,4,4,4,0,100,112,112,112],"floor_reached":50,"playtime":3869,"items_purged":["Defend_B"],"score":646,"play_id":"2dcb453a-fcf9-47d5-bbb0-c47cd14da737","local_time":"20190208193353","is_ascension_mode":true,"campfire_choices":[{"data":"Apotheosis","floor":6.0,"key":"SMITH"},{"floor":8.0,"key":"REST"},{"floor":15.0,"key":"RECALL"},{"data":"Echo Form","floor":23.0,"key":"SMITH"},{"data":"Go for the Eyes","floor":28.0,"key":"SMITH"},{"data":"White Noise","floor":30.0,"key":"SMITH"},{"floor":32.0,"key":"REST"},{"data":"Buffer","floor":40.0,"key":"SMITH"},{"data":"Buffer","floor":44.0,"key":"SMITH"},{"floor":49,"key":"REST"}],"neow_cost":"NONE","seed_source_timestamp":0,"circlet_count":0,"master_deck":["Strike_B","Strike_B","Strike_B","Defend_B+1","Defend_B","Zap+1","Dualcast","Conserve Battery","Apotheosis+1","Undo","Buffer+1","Consume","Self Repair","Buffer+1","Echo Form+1","Defragment+1","Capacitor","White Noise+1","Go for the Eyes+1","Buffer","Enlightenment","Loop"],"special_seed":0,"relics":["Cracked Core","Nunchaku","Philosopher\u0027s Stone","Singing Bowl","Ancient Tea Set","White Beast Statue","Toy Ornithopter","Centennial Puzzle","Bag of Preparation","Red Mask","Torii"],"potions_floor_usage":[50],"damage_taken":[{"damage":0.0,"enemies":"Small Slimes","floor":1.0,"turns":2.0},{"damage":0.0,"enemies":"2 Louse","floor":3.0,"turns":3.0},{"damage":4.0,"enemies":"Jaw Worm","floor":4.0,"turns":3.0},{"damage":25.0,"enemies":"Exordium Thugs","floor":5.0,"turns":5.0},{"damage":3.0,"enemies":"3 Louse","floor":7.0,"turns":3.0},{"damage":4.0,"enemies":"Gremlin Nob","floor":10.0,"turns":5.0},{"damage":4.0,"enemies":"Large Slime","floor":13.0,"turns":7.0},{"damage":0.0,"enemies":"2 Fungi Beasts","floor":14.0,"turns":5.0},{"damage":0.0,"enemies":"The Guardian","floor":16.0,"turns":13.0},{"damage":10.0,"enemies":"Chosen","floor":18.0,"turns":8.0},{"damage":3.0,"enemies":"3 Byrds","floor":19.0,"turns":4.0},{"damage":9.0,"enemies":"Snake Plant","floor":22.0,"turns":4.0},{"damage":27.0,"enemies":"Sentry and Sphere","floor":29.0,"turns":7.0},{"damage":51.0,"enemies":"Gremlin Leader","floor":31.0,"turns":9.0},{"damage":22.0,"enemies":"Collector","floor":33.0,"turns":15.0},{"damage":66.0,"enemies":"3 Darklings","floor":35.0,"turns":10.0},{"damage":26.0,"enemies":"Orb Walker","floor":39.0,"turns":6.0},{"damage":6.0,"enemies":"Giant Head","floor":41.0,"turns":14.0},{"damage":61.0,"enemies":"Mind Bloom Boss Battle","floor":47.0,"turns":7.0},{"damage":0,"enemies":"Maw","floor":48,"turns":10},{"damage":91,"enemies":"Awakened One","floor":50,"turns":5}],"seed_played":"8438549863587238041","potions_obtained":[{"floor":4.0,"key":"Energy Potion"},{"floor":10.0,"key":"Fire Potion"},{"floor":13.0,"key":"EssenceOfSteel"},{"floor":18.0,"key":"SkillPotion"},{"floor":31.0,"key":"FearPotion"},{"floor":33.0,"key":"Energy Potion"},{"floor":35.0,"key":"Weak Potion"},{"floor":39.0,"key":"Regen Potion"},{"floor":41.0,"key":"Energy Potion"},{"floor":47,"key":"FocusPotion"},{"floor":48,"key":"FearPotion"}],"is_trial":false,"path_per_floor":["M","$","M","M","M","R","M","R","T","E","?","?","M","M","R","B",null,"M","M","?","?","M","R","$","?","T","$","R","M","R","E","R","B",null,"M","?","?","$","M","R","E","$","T","R","?","?","?","M","R","B"],"character_chosen":"DEFECT","items_purchased":["Apotheosis","Go for the Eyes","Toy Ornithopter"],"campfire_rested":3,"item_purchase_floors":[2,27,38],"current_hp_per_floor":[75,75,75,71,46,46,43,65,65,61,46,46,42,49,49,59,75,72,75,75,75,75,75,75,75,75,75,75,60,60,18,41,29,79,22,16,74,74,61,61,78,78,78,78,78,78,29,39,63,0],"gold":112,"neow_bonus":"HUNDRED_GOLD","is_prod":false,"is_daily":false,"chose_seed":false,"campfire_upgraded":6,"win_rate":0,"timestamp":1549683233,"path_taken":["M","$","M","M","M","R","M","R","T","E","?","?","M","M","R","BOSS","M","M","?","?","?","R","$","?","T","$","R","M","R","E","R","BOSS","M","?","?","$","M","R","E","$","T","R","?","?","?","M","R","BOSS"],"build_version":"2019-01-23","purchased_purges":1,"victory":false,"max_hp_per_floor":[75,75,75,75,75,75,75,75,75,75,75,75,75,75,75,75,75,75,75,75,75,75,75,75,75,75,75,75,77,77,79,79,79,79,81,85,74,74,76,76,78,78,78,78,78,78,80,80,80,80],"card_choices":[{"not_picked":["Hologram","Rebound"],"picked":"Conserve Battery","floor":1.0},{"not_picked":["Sweeping Beam","Ball Lightning","Hologram"],"picked":"SKIP","floor":3.0},{"not_picked":["Turbo","Streamline"],"picked":"Undo","floor":4.0},{"not_picked":["Steam Power","Recycle"],"picked":"Buffer","floor":5.0},{"not_picked":["Barrage","Streamline","Compile Driver"],"picked":"SKIP","floor":7.0},{"not_picked":["Aggregate","Sweeping Beam"],"picked":"Consume","floor":10.0},{"not_picked":["Turbo","Darkness"],"picked":"Self Repair","floor":13.0},{"not_picked":["Steam","Recycle"],"picked":"Buffer","floor":14.0},{"not_picked":["Reboot","Core Surge"],"picked":"Echo Form","floor":16.0},{"not_picked":["Ball Lightning","Force Field"],"picked":"Defragment+1","floor":18.0},{"not_picked":["FTL","Storm","Beam Cell"],"picked":"SKIP","floor":19.0},{"not_picked":["Sweeping Beam","Compile Driver+1"],"picked":"Capacitor","floor":22.0},{"not_picked":["Stack","Fission","Reinforced Body"],"picked":"Singing Bowl","floor":29.0},{"not_picked":["Melter","Turbo","Hologram"],"picked":"Singing Bowl","floor":31.0},{"not_picked":["Core Surge","Machine Learning"],"picked":"Buffer","floor":33.0},{"not_picked":["Leap","Streamline+1","Reprogram+1"],"picked":"Singing Bowl","floor":35.0},{"not_picked":["Jack Of All Trades","Metamorphosis","Dark Shackles"],"picked":"Singing Bowl","floor":36.0},{"not_picked":["Blind","Finesse"],"picked":"Enlightenment","floor":36.0},{"not_picked":["Panacea","Blind","Forethought"],"picked":"Singing Bowl","floor":36.0},{"not_picked":["Ball Lightning+1","Go for the Eyes+1","Redo"],"picked":"Singing Bowl","floor":39.0},{"not_picked":["Sunder+1","Multi-Cast","Ball Lightning+1"],"picked":"Singing Bowl","floor":41.0},{"not_picked":["Streamline","Sweeping Beam","Steam Power"],"picked":"Singing Bowl","floor":47},{"not_picked":["Beam Cell","Hologram"],"picked":"Loop","floor":48}],"player_experience":294913,"relics_obtained":[{"floor":10.0,"key":"Nunchaku"},{"floor":26.0,"key":"Singing Bowl"},{"floor":31.0,"key":"Ancient Tea Set"},{"floor":41.0,"key":"Centennial Puzzle"},{"floor":43.0,"key":"Bag of Preparation"},{"floor":47,"key":"Torii"}],"event_choices":[{"damage_healed":0.0,"max_hp_gain":0.0,"max_hp_loss":0.0,"gold_gain":0.0,"event_name":"Shining Light","player_choice":"Entered Light","floor":11.0,"gold_loss":0.0,"damage_taken":15.0,"cards_upgraded":["Defend_B","Defend_B"]},{"cards_removed":["Strike_B"],"damage_healed":0.0,"max_hp_gain":0.0,"max_hp_loss":0.0,"gold_gain":0.0,"event_name":"The Cleric","player_choice":"Card Removal","floor":12.0,"gold_loss":50.0,"damage_taken":0.0},{"damage_healed":0.0,"max_hp_gain":0.0,"max_hp_loss":0.0,"gold_gain":0.0,"event_name":"Masked Bandits","player_choice":"Paid Fearfully","floor":20.0,"gold_loss":286.0,"damage_taken":0.0},{"damage_healed":0.0,"max_hp_gain":0.0,"max_hp_loss":0.0,"gold_gain":0.0,"event_name":"Upgrade Shrine","player_choice":"Upgraded","floor":21.0,"gold_loss":0.0,"damage_taken":0.0,"cards_upgraded":["Zap"]},{"damage_healed":0.0,"max_hp_gain":0.0,"max_hp_loss":0.0,"gold_gain":0.0,"event_name":"The Library","player_choice":"Read","floor":25.0,"gold_loss":0.0,"damage_taken":0.0,"cards_obtained":["White Noise"]},{"damage_healed":0.0,"max_hp_gain":0.0,"max_hp_loss":0.0,"gold_gain":0.0,"event_name":"SensoryStone","player_choice":"Memory 3","floor":36.0,"gold_loss":0.0,"damage_taken":10.0},{"damage_healed":74.0,"max_hp_gain":0.0,"max_hp_loss":11.0,"gold_gain":0.0,"event_name":"The Moai Head","player_choice":"Heal","floor":37.0,"gold_loss":0.0,"damage_taken":0.0},{"cards_removed":["Defend_B"],"damage_healed":0.0,"max_hp_gain":0.0,"max_hp_loss":0.0,"gold_gain":0.0,"event_name":"Falling","player_choice":"Removed Skill","floor":45.0,"gold_loss":0.0,"damage_taken":0.0},{"damage_healed":0.0,"max_hp_gain":0.0,"max_hp_loss":0.0,"gold_gain":0.0,"event_name":"Tomb of Lord Red Mask","player_choice":"Paid","floor":46.0,"gold_loss":4.0,"damage_taken":0.0,"relics_obtained":["Red Mask"]},{"damage_healed":0.0,"max_hp_gain":0.0,"max_hp_loss":0.0,"gold_gain":0.0,"event_name":"MindBloom","player_choice":"Fight","floor":47.0,"gold_loss":0.0,"damage_taken":0.0}],"is_beta":false,"boss_relics":[{"not_picked":["Runic Dome","Eternal Feather"],"picked":"Philosopher\u0027s Stone"},{"not_picked":["Runic Pyramid","Fusion Hammer"],"picked":"White Beast Statue"}],"items_purged_floors":[42],"is_endless":false,"potions_floor_spawned":[4,10,13,18,31,33,35,39,41,47,48],"killed_by":"Awakened One","ascension_level":4}