{"gold_per_floor":[110,126,146,160,175,206,206,233,233,233,233,268,46,56,56,159,159,169,189,202,202,212,212,247,247,247,260,270,10,10,10,10,115,115,127,127,143,143,73,73,83,95,120,120,120,120,120,133,133,133],"floor_reached":51,"playtime":2903,"items_purged":["Strike_B","Strike_B"],"score":819,"play_id":"3d89c0d9-9811-489d-8377-9289e3f51ef4","local_time":"20190205154109","is_ascension_mode":true,"campfire_choices":[{"floor":11.0,"key":"REST"},{"floor":15.0,"key":"REST"},{"data":"Creative AI","floor":23.0,"key":"SMITH"},{"floor":25.0,"key":"REST"},{"floor":32.0,"key":"REST"},{"data":"Darkness","floor":40,"key":"SMITH"},{"floor":44,"key":"REST"},{"data":"Apotheosis","floor":46,"key":"SMITH"},{"floor":49,"key":"REST"}],"neow_cost":"NONE","seed_source_timestamp":2592118974203,"circlet_count":0,"master_deck":["Zap+1","Dualcast","Defragment","Cold Snap","Defragment","Defragment","Turbo","Genetic Algorithm","Chill","Core Surge","Redo","Creative AI+1","Redo+1","White Noise","Self Repair","Biased Cognition","Buffer+1","Reboot","Amplify","Cold Snap","Force Field","Scrape","Defragment+1","Biased Cognition+1","BootSequence","Darkness+1","Apotheosis+1","Ball Lightning+1"],"special_seed":0,"relics":["FrozenCore","Mercury Hourglass","Orichalcum","Symbiotic Virus","NlothsMask","Bottled Lightning","Pear","Frozen Egg 2","Pandora\u0027s Box","Bag of Marbles","Mummified Hand"],"potions_floor_usage":[38,41,41,42,50],"damage_taken":[{"damage":2.0,"enemies":"Jaw Worm","floor":1.0,"turns":3.0},{"damage":2.0,"enemies":"Small Slimes","floor":2.0,"turns":3.0},{"damage":0.0,"enemies":"Cultist","floor":3.0,"turns":3.0},{"damage":5.0,"enemies":"Looter","floor":4.0,"turns":3.0},{"damage":5.0,"enemies":"2 Fungi Beasts","floor":5.0,"turns":4.0},{"damage":27.0,"enemies":"Gremlin Nob","floor":6.0,"turns":4.0},{"damage":16.0,"enemies":"Lagavulin","floor":8.0,"turns":5.0},{"damage":1.0,"enemies":"Gremlin Nob","floor":12.0,"turns":3.0},{"damage":4.0,"enemies":"Red Slaver","floor":14.0,"turns":2.0},{"damage":22.0,"enemies":"Slime Boss","floor":16.0,"turns":10.0},{"damage":12.0,"enemies":"3 Byrds","floor":18.0,"turns":6.0},{"damage":2.0,"enemies":"Spheric Guardian","floor":19.0,"turns":3.0},{"damage":7.0,"enemies":"Centurion and Healer","floor":20.0,"turns":9.0},{"damage":0.0,"enemies":"Sentry and Sphere","floor":22.0,"turns":2.0},{"damage":33.0,"enemies":"Gremlin Leader","floor":24.0,"turns":7.0},{"damage":20.0,"enemies":"Snecko","floor":27.0,"turns":6.0},{"damage":27.0,"enemies":"Snake Plant","floor":28.0,"turns":5.0},{"damage":42.0,"enemies":"Automaton","floor":33.0,"turns":11.0},{"damage":17,"enemies":"3 Shapes","floor":35,"turns":5},{"damage":32,"enemies":"3 Darklings","floor":37,"turns":7},{"damage":0,"enemies":"Maw","floor":38,"turns":1},{"damage":16,"enemies":"Sphere and 2 Shapes","floor":41,"turns":7},{"damage":20,"enemies":"Writhing Mass","floor":42,"turns":6},{"damage":0,"enemies":"3 Darklings","floor":48,"turns":6},{"damage":24,"enemies":"Time Eater","floor":50,"turns":8}],"seed_played":"8849396401027531426","potions_obtained":[{"floor":1.0,"key":"Dexterity Potion"},{"floor":3.0,"key":"Swift Potion"},{"floor":12.0,"key":"PowerPotion"},{"floor":14.0,"key":"SkillPotion"},{"floor":18.0,"key":"EntropicBrew"},{"floor":20.0,"key":"AttackPotion"},{"floor":27.0,"key":"Energy Potion"},{"floor":33.0,"key":"SmokeBomb"},{"floor":48,"key":"EssenceOfSteel"}],"is_trial":false,"path_per_floor":["M","M","M","M","M","E","?","E","T","?","R","E","$","M","R","B",null,"M","M","M","?","M","R","E","R","T","M","M","$","?","?","R","B",null,"M","?","M","M","$","R","M","M","T","R","?","R","T","M","R","B",null],"character_chosen":"DEFECT","items_purchased":["Core Surge","Buffer","Darkness"],"campfire_rested":6,"item_purchase_floors":[13,29,39],"current_hp_per_floor":[73,71,71,66,61,34,34,18,18,18,40,39,39,35,57,35,75,63,61,54,54,54,54,38,63,63,50,37,37,37,37,62,27,85,75,75,50,50,50,50,41,28,28,53,53,53,53,63,85,71],"gold":133,"neow_bonus":"UPGRADE_CARD","is_prod":false,"is_daily":false,"chose_seed":false,"campfire_upgraded":3,"win_rate":0,"timestamp":1549348869,"path_taken":["M","M","M","M","M","E","?","E","T","?","R","E","$","M","R","BOSS","M","M","M","?","M","R","E","R","T","M","M","$","?","?","R","BOSS","M","?","M","?","$","R","M","M","T","R","?","R","?","M","R","BOSS"],"build_version":"2019-01-23","purchased_purges":2,"victory":true,"max_hp_per_floor":[75,75,75,75,75,75,75,75,75,75,75,75,75,75,75,75,75,75,75,75,75,75,75,85,85,85,85,85,85,85,85,85,85,85,85,85,85,85,85,85,85,85,85,85,85,85,85,85,85,85],"card_choices":[{"not_picked":["Sweeping Beam","Gash"],"picked":"Defragment","floor":1.0},{"not_picked":["Redo","Sweeping Beam"],"picked":"Cold Snap","floor":2.0},{"not_picked":["Heatsinks","Hologram"],"picked":"Defragment","floor":3.0},{"not_picked":["Barrage","Hologram"],"picked":"Defragment","floor":4.0},{"not_picked":["Blizzard","Scrape","Streamline"],"picked":"SKIP","floor":5.0},{"not_picked":["Undo","Barrage"],"picked":"Turbo","floor":6.0},{"not_picked":["Stack","Coolheaded"],"picked":"Genetic Algorithm","floor":8.0},{"not_picked":["Hologram","Static Discharge"],"picked":"Chill","floor":12.0},{"not_picked":["Loop","Auto Shields"],"picked":"Redo","floor":14.0},{"not_picked":["Multi-Cast","Amplify"],"picked":"Creative AI","floor":16.0},{"not_picked":["Fusion","Steam"],"picked":"Redo+1","floor":18.0},{"not_picked":["Sweeping Beam","Turbo","Gash"],"picked":"SKIP","floor":19.0},{"not_picked":["Sunder","Leap+1"],"picked":"White Noise","floor":20.0},{"not_picked":["Fusion","Steam Power"],"picked":"Self Repair","floor":22.0},{"not_picked":["Steam","Ball Lightning"],"picked":"Biased Cognition","floor":24.0},{"not_picked":["Tempest","Turbo","Leap"],"picked":"SKIP","floor":27.0},{"not_picked":["Lockon+1","Doom and Gloom","Turbo"],"picked":"SKIP","floor":28.0},{"not_picked":["Amplify","Biased Cognition+1"],"picked":"Reboot","floor":33.0},{"not_picked":["Compile Driver","Turbo+1"],"picked":"BootSequence","floor":35},{"not_picked":["Ball Lightning+1","Loop+1","Storm+1"],"picked":"SKIP","floor":37},{"not_picked":["Ball Lightning","Storm+1","Consume+1"],"picked":"SKIP","floor":41},{"not_picked":["Ball Lightning","Rebound+1","Coolheaded+1"],"picked":"SKIP","floor":42},{"not_picked":["Blind","Jack Of All Trades"],"picked":"Apotheosis","floor":45},{"not_picked":["Barrage","Chaos"],"picked":"Ball Lightning+1","floor":48}],"player_experience":254190,"relics_obtained":[{"floor":6.0,"key":"Mercury Hourglass"},{"floor":8.0,"key":"Orichalcum"},{"floor":9.0,"key":"Symbiotic Virus"},{"floor":12.0,"key":"Bottled Lightning"},{"floor":24.0,"key":"Pear"},{"floor":43,"key":"Bag of Marbles"},{"floor":47,"key":"Mummified Hand"}],"event_choices":[{"damage_healed":0.0,"max_hp_gain":0.0,"max_hp_loss":0.0,"gold_gain":0.0,"event_name":"Shining Light","player_choice":"Ignored","floor":7.0,"gold_loss":0.0,"damage_taken":0.0},{"damage_healed":0.0,"max_hp_gain":0.0,"max_hp_loss":0.0,"gold_gain":0.0,"event_name":"FaceTrader","player_choice":"Trade","floor":10.0,"gold_loss":0.0,"damage_taken":0.0,"relics_obtained":["NlothsMask"]},{"damage_healed":0.0,"max_hp_gain":0.0,"max_hp_loss":0.0,"gold_gain":0.0,"event_name":"Cursed Tome","player_choice":"Ignored","floor":21.0,"gold_loss":0.0,"damage_taken":0.0},{"damage_healed":0.0,"max_hp_gain":0.0,"max_hp_loss":0.0,"gold_gain":0.0,"event_name":"The Mausoleum","player_choice":"Opened","floor":30.0,"gold_loss":0.0,"damage_taken":0.0,"relics_obtained":["Frozen Egg 2"]},{"damage_healed":0.0,"max_hp_gain":0.0,"max_hp_loss":0.0,"gold_gain":0.0,"event_name":"Beggar","player_choice":"Ignored","floor":31.0,"gold_loss":0.0,"damage_taken":0.0},{"damage_healed":0,"gold_gain":0,"player_choice":"Upgraded","damage_taken":0,"max_hp_gain":0,"max_hp_loss":0,"event_name":"Upgrade Shrine","floor":36,"gold_loss":0,"cards_upgraded":["Buffer"]},{"damage_healed":0,"gold_gain":0,"player_choice":"Memory 1","damage_taken":0,"max_hp_gain":0,"max_hp_loss":0,"event_name":"SensoryStone","floor":45,"gold_loss":0}],"is_beta":false,"boss_relics":[{"not_picked":["Snecko Eye","Cursed Key"],"picked":"FrozenCore"},{"not_picked":["Coffee Dripper","Tiny House"],"picked":"Pandora\u0027s Box"}],"items_purged_floors":[13,29],"is_endless":false,"potions_floor_spawned":[1,3,12,14,18,20,27,33,37,38,48],"ascension_level":4}