{"gold_per_floor":[109,109,79,4,15,15,43,60,60,74,74,84,84,97,97,97],"floor_reached":16,"playtime":548,"items_purged":["Strike_R"],"score":102,"play_id":"cc3372d8-eec0-4297-be5c-dffdb5dd72ae","local_time":"20190203194850","is_ascension_mode":false,"campfire_choices":[{"data":"Bash","floor":6,"key":"SMITH"},{"data":"Reaper","floor":15,"key":"SMITH"}],"neow_cost":"NONE","seed_source_timestamp":1452345486059310,"circlet_count":0,"master_deck":["Strike_R+1","Strike_R","Strike_R","Defend_R","Defend_R","Defend_R+1","Defend_R","Bash+1","Reaper+1"],"relics":["Coffee Dripper","Sundial","Letter Opener"],"potions_floor_usage":[7,16],"damage_taken":[{"damage":0,"enemies":"Small Slimes","floor":1,"turns":3},{"damage":0,"enemies":"2 Louse","floor":5,"turns":3},{"damage":15,"enemies":"Lagavulin","floor":7,"turns":7},{"damage":0,"enemies":"Cultist","floor":8,"turns":3},{"damage":0,"enemies":"Gremlin Gang","floor":10,"turns":7},{"damage":0,"enemies":"Large Slime","floor":12,"turns":4},{"damage":1,"enemies":"Exordium Thugs","floor":14,"turns":5},{"damage":44,"enemies":"Hexaghost","floor":16,"turns":10}],"seed_played":"6456925096167183340","potions_obtained":[{"floor":3,"key":"Energy Potion"},{"floor":3,"key":"Ancient Potion"},{"floor":5,"key":"EssenceOfSteel"}],"is_trial":false,"path_per_floor":["M","?","?","$","M","R","E","M","T","M","$","M","?","M","R","B"],"character_chosen":"IRONCLAD","items_purchased":[],"campfire_rested":0,"item_purchase_floors":[],"current_hp_per_floor":[80,64,64,64,64,64,49,49,49,49,49,49,49,58,58,21],"gold":97,"neow_bonus":"BOSS_RELIC","is_prod":false,"is_daily":false,"chose_seed":false,"campfire_upgraded":2,"win_rate":0,"timestamp":1549241330,"path_taken":["M","?","?","$","?","R","E","?","T","?","$","M","?","M","R","BOSS"],"build_version":"2019-01-23","purchased_purges":1,"victory":false,"max_hp_per_floor":[80,80,80,80,80,80,80,80,80,80,80,80,80,80,80,80],"card_choices":[{"not_picked":["Armaments","Warcry","Pommel Strike"],"picked":"SKIP","floor":1},{"not_picked":["Wild Strike","Clash","Flex"],"picked":"SKIP","floor":5},{"not_picked":["Sever Soul","Flex","Pommel Strike"],"picked":"SKIP","floor":7},{"not_picked":["Clothesline","Twin Strike","Perfected Strike"],"picked":"SKIP","floor":8},{"not_picked":["Heavy Blade","Body Slam","Offering"],"picked":"SKIP","floor":10},{"not_picked":["True Grit","Pommel Strike","Power Through"],"picked":"SKIP","floor":12},{"not_picked":["Warcry","Fire Breathing","Shrug It Off"],"picked":"SKIP","floor":14}],"player_experience":657639,"relics_obtained":[{"floor":7,"key":"Sundial"},{"floor":9,"key":"Letter Opener"}],"event_choices":[{"damage_healed":0,"gold_gain":0,"player_choice":"Entered Light","damage_taken":16,"max_hp_gain":0,"max_hp_loss":0,"event_name":"Shining Light","floor":2,"gold_loss":0,"cards_upgraded":["Strike_R","Defend_R"]},{"damage_healed":0,"gold_gain":0,"player_choice":"Bought 2 Potions","damage_taken":0,"max_hp_gain":0,"max_hp_loss":0,"event_name":"The Woman in Blue","floor":3,"gold_loss":0},{"damage_healed":0,"gold_gain":0,"cards_transformed":["Strike_R"],"player_choice":"Transformed","damage_taken":0,"max_hp_gain":0,"max_hp_loss":0,"event_name":"Transmorgrifier","floor":13,"gold_loss":0,"cards_obtained":["Reaper"]}],"is_beta":false,"boss_relics":[],"items_purged_floors":[4],"is_endless":false,"potions_floor_spawned":[5,7],"killed_by":"Hexaghost","ascension_level":0}