{"gold_per_floor":[113,63,238,238,252,252,252,252,275,275,295,295,314,329,329,329],"floor_reached":16,"playtime":439,"items_purged":[],"score":135,"play_id":"5cb2aeda-9338-4ded-b421-f1ec78a1f0f9","local_time":"20190109122032","is_ascension_mode":true,"campfire_choices":[{"data":"Regret","floor":6,"key":"PURGE"},{"data":"Doubt","floor":8,"key":"PURGE"},{"data":"Body Slam","floor":10,"key":"SMITH"},{"data":"Strike_R","floor":15,"key":"PURGE"}],"neow_cost":"CURSE","seed_source_timestamp":1677568421803007,"circlet_count":0,"master_deck":["AscendersBane","Strike_R","Strike_R","Strike_R","Defend_R","Defend_R","Defend_R","Defend_R","Bash","Body Slam+1","Shrug It Off"],"relics":["Burning Blood","Peace Pipe","Pen Nib","Potion Belt"],"potions_floor_usage":[14,16,16,16],"damage_taken":[{"damage":21,"enemies":"Jaw Worm","floor":1,"turns":4},{"damage":3,"enemies":"2 Louse","floor":5,"turns":3},{"damage":7,"enemies":"Small Slimes","floor":11,"turns":4},{"damage":19,"enemies":"Blue Slaver","floor":13,"turns":5},{"damage":5,"enemies":"Lots of Slimes","floor":14,"turns":8},{"damage":62,"enemies":"Hexaghost","floor":16,"turns":10}],"seed_played":"2524325337786236798","potions_obtained":[{"floor":1,"key":"Ancient Potion"},{"floor":7,"key":"Strength Potion"},{"floor":7,"key":"SpeedPotion"},{"floor":11,"key":"Regen Potion"},{"floor":13,"key":"SteroidPotion"}],"is_trial":false,"path_per_floor":["M","?","?","?","M","R","?","R","T","R","M","?","M","M","R","B"],"character_chosen":"IRONCLAD","items_purchased":[],"campfire_rested":0,"item_purchase_floors":[],"current_hp_per_floor":[57,57,57,57,60,60,60,60,60,60,59,59,46,47,47,0],"gold":329,"neow_bonus":"ONE_RARE_RELIC","is_prod":false,"is_daily":false,"chose_seed":false,"campfire_upgraded":1,"win_rate":0,"timestamp":1547054432,"path_taken":["M","?","?","?","M","R","?","R","T","R","?","?","?","M","R","BOSS"],"build_version":"2019-01-03v4","purchased_purges":0,"victory":false,"max_hp_per_floor":[80,80,80,80,80,80,80,80,80,80,80,80,80,80,80,80],"card_choices":[{"not_picked":["True Grit","Thunderclap"],"picked":"Body Slam","floor":1},{"not_picked":["Pommel Strike","Rage","Perfected Strike"],"picked":"SKIP","floor":5},{"not_picked":["Dual Wield","Warcry","Anger"],"picked":"SKIP","floor":11},{"not_picked":["Thunderclap","Fire Breathing","Clothesline"],"picked":"SKIP","floor":13},{"not_picked":["Barricade","Flex"],"picked":"Shrug It Off","floor":14}],"player_experience":360382,"relics_obtained":[{"floor":9,"key":"Potion Belt"}],"event_choices":[{"cards_removed":["Normality"],"damage_healed":0,"gold_gain":0,"player_choice":"Card Removal","damage_taken":0,"max_hp_gain":0,"max_hp_loss":0,"event_name":"The Cleric","floor":2,"gold_loss":50},{"damage_healed":0,"gold_gain":175,"player_choice":"AGREE","damage_taken":0,"max_hp_gain":0,"max_hp_loss":0,"event_name":"Liars Game","floor":3,"gold_loss":0,"cards_obtained":["Doubt"]},{"damage_healed":0,"gold_gain":0,"player_choice":"Box","damage_taken":0,"relics_obtained":["Pen Nib"],"max_hp_gain":0,"max_hp_loss":0,"event_name":"Big Fish","floor":4,"gold_loss":0,"cards_obtained":["Regret"]},{"damage_healed":0,"gold_gain":0,"player_choice":"Got Potions","damage_taken":0,"max_hp_gain":0,"max_hp_loss":0,"event_name":"Lab","floor":7,"gold_loss":0},{"cards_removed":["Strike_R"],"damage_healed":0,"gold_gain":0,"player_choice":"Card Removal","damage_taken":0,"max_hp_gain":0,"max_hp_loss":0,"event_name":"Wheel of Change","floor":12,"gold_loss":0}],"is_beta":false,"boss_relics":[],"items_purged_floors":[],"is_endless":false,"potions_floor_spawned":[1,11,13],"killed_by":"Hexaghost","ascension_level":10}