{"gold_per_floor":[110,110,122,152,182,256,268,280,292,304,491,503,535,15,15,15],"floor_reached":16,"playtime":661,"items_purged":["Doubt"],"score":127,"play_id":"cd9b3c86-a422-4aa4-8815-84f5763c846b","local_time":"20190209084618","is_ascension_mode":true,"campfire_choices":[{"floor":8,"key":"REST"},{"data":"Flame Barrier","floor":15,"key":"SMITH"}],"neow_cost":"NONE","seed_source_timestamp":13267210710025,"circlet_count":0,"master_deck":["Strike_R","Strike_R","Strike_R","Strike_R+1","Strike_R","Defend_R","Defend_R","Defend_R","Defend_R","Bash+1","Flame Barrier+1","Shrug It Off","Metallicize","Uppercut+1","True Grit","Dramatic Entrance+1"],"relics":["Burning Blood","NeowsBlessing","MawBank","Tiny Chest","Meat on the Bone","Singing Bowl","Molten Egg 2"],"potions_floor_usage":[13],"damage_taken":[{"damage":0,"enemies":"2 Louse","floor":1,"turns":1},{"damage":0,"enemies":"Cultist","floor":4,"turns":1},{"damage":0,"enemies":"Small Slimes","floor":5,"turns":1},{"damage":69,"enemies":"Lagavulin","floor":6,"turns":10},{"damage":3,"enemies":"Looter","floor":13,"turns":4},{"damage":42,"enemies":"Hexaghost","floor":16,"turns":14}],"seed_played":"-3032853539833492322","potions_obtained":[{"floor":6,"key":"Explosive Potion"},{"floor":13,"key":"Energy Potion"}],"is_trial":false,"path_per_floor":["M","?","$","M","M","E","?","R","T","$","?","T","M","$","R","B"],"character_chosen":"IRONCLAD","items_purchased":["Molten Egg 2","Uppercut+1","True Grit","Dramatic Entrance+1"],"campfire_rested":1,"item_purchase_floors":[14,14,14,14],"current_hp_per_floor":[78,78,78,80,80,17,1,25,25,25,25,25,40,40,40,0],"gold":15,"neow_bonus":"THREE_ENEMY_KILL","is_prod":false,"is_daily":false,"chose_seed":false,"campfire_upgraded":1,"win_rate":0,"timestamp":1549730778,"path_taken":["M","?","$","?","M","E","?","R","T","$","?","?","?","$","R","BOSS"],"build_version":"2019-01-23","purchased_purges":1,"victory":false,"max_hp_per_floor":[80,80,80,80,80,80,80,80,80,80,80,80,80,80,80,80],"card_choices":[{"not_picked":["Thunderclap","Reckless Charge"],"picked":"True Grit","floor":1},{"not_picked":["Warcry","Searing Blow","Wild Strike"],"picked":"SKIP","floor":4},{"not_picked":["True Grit","Cleave"],"picked":"Flame Barrier","floor":5},{"not_picked":["Clothesline","Iron Wave"],"picked":"Shrug It Off","floor":6},{"not_picked":["Warcry","Armaments"],"picked":"Metallicize","floor":13}],"player_experience":305312,"relics_obtained":[{"floor":6,"key":"Tiny Chest"},{"floor":9,"key":"Meat on the Bone"},{"floor":12,"key":"Singing Bowl"}],"event_choices":[{"cards_removed":["True Grit"],"damage_healed":0,"gold_gain":0,"player_choice":"Gave Card","damage_taken":0,"relics_obtained":["MawBank"],"max_hp_gain":0,"max_hp_loss":0,"event_name":"WeMeetAgain","floor":2,"gold_loss":0},{"damage_healed":0,"gold_gain":0,"player_choice":"Entered Light","damage_taken":16,"max_hp_gain":0,"max_hp_loss":0,"event_name":"Shining Light","floor":7,"gold_loss":0,"cards_upgraded":["Bash","Strike_R"]},{"damage_healed":0,"gold_gain":175,"player_choice":"AGREE","damage_taken":0,"max_hp_gain":0,"max_hp_loss":0,"event_name":"Liars Game","floor":11,"gold_loss":0,"cards_obtained":["Doubt"]}],"is_beta":false,"boss_relics":[],"items_purged_floors":[14],"is_endless":false,"potions_floor_spawned":[6,13],"killed_by":"Hexaghost","ascension_level":6}