{"gold_per_floor":[15,30,45,55,65,65,84,100,100,100,130,130,157,175,175,270,270,270,282,293,21,21,21,31,31],"floor_reached":25,"playtime":1195,"items_purged":["Strike_B"],"score":230,"play_id":"4e0bac5c-92f0-4aca-b77e-fcd93d51c612","local_time":"20190105133805","is_ascension_mode":true,"campfire_choices":[{"data":"Zap","floor":6,"key":"SMITH"},{"floor":10,"key":"REST"},{"data":"Consume","floor":12,"key":"SMITH"},{"data":"Dualcast","floor":15,"key":"SMITH"},{"floor":23,"key":"REST"}],"neow_cost":"NO_GOLD","seed_source_timestamp":10035481930463,"circlet_count":0,"master_deck":["Strike_B","Strike_B","Strike_B","Defend_B","Defend_B","Defend_B","Defend_B","Zap+1","Dualcast+1","Beam Cell","Steam","Coolheaded","Streamline","Doom and Gloom","Consume+1","Auto Shields+1","Lockon","Cold Snap","Buffer","Steam+1","Self Repair","Chill+1"],"relics":["Cracked Core","Nunchaku","Toxic Egg 2","PreservedInsect","Vajra","Inserter","MealTicket"],"potions_floor_usage":[11,11,18,24,25],"damage_taken":[{"damage":1,"enemies":"Jaw Worm","floor":1,"turns":3},{"damage":0,"enemies":"Cultist","floor":2,"turns":2},{"damage":3,"enemies":"2 Louse","floor":3,"turns":3},{"damage":5,"enemies":"Looter","floor":4,"turns":4},{"damage":12,"enemies":"Lots of Slimes","floor":5,"turns":5},{"damage":5,"enemies":"Large Slime","floor":7,"turns":5},{"damage":12,"enemies":"Blue Slaver","floor":8,"turns":3},{"damage":14,"enemies":"Gremlin Nob","floor":11,"turns":4},{"damage":8,"enemies":"Lagavulin","floor":13,"turns":5},{"damage":2,"enemies":"Looter","floor":14,"turns":4},{"damage":9,"enemies":"Hexaghost","floor":16,"turns":12},{"damage":0,"enemies":"Spheric Guardian","floor":18,"turns":3},{"damage":22,"enemies":"3 Byrds","floor":19,"turns":6},{"damage":32,"enemies":"Snake Plant","floor":20,"turns":7},{"damage":24,"enemies":"Centurion and Healer","floor":24,"turns":7},{"damage":44,"enemies":"3 Cultists","floor":25,"turns":6}],"seed_played":"620991846676403179","potions_obtained":[{"floor":1,"key":"Weak Potion"},{"floor":3,"key":"Fire Potion"},{"floor":4,"key":"Dexterity Potion"},{"floor":8,"key":"Ancient Potion"},{"floor":16,"key":"SmokeBomb"},{"floor":22,"key":"Regen Potion"},{"floor":22,"key":"FocusPotion"}],"is_trial":false,"path_per_floor":["M","M","M","M","M","R","M","M","T","R","E","R","E","M","R","B",null,"M","M","M","$","?","R","M","M"],"character_chosen":"DEFECT","items_purchased":["MealTicket"],"campfire_rested":2,"item_purchase_floors":[21],"current_hp_per_floor":[74,74,71,66,54,54,49,37,37,59,45,45,37,35,35,26,75,75,53,21,21,21,43,41,0],"gold":31,"neow_bonus":"ONE_RARE_RELIC","is_prod":false,"is_daily":false,"chose_seed":false,"campfire_upgraded":3,"win_rate":0,"timestamp":1546663085,"path_taken":["M","M","M","M","M","R","M","M","T","R","E","R","E","M","R","BOSS","M","M","M","$","?","R","M","M"],"build_version":"2019-01-03v4","purchased_purges":1,"victory":false,"max_hp_per_floor":[75,75,75,75,75,75,75,75,75,75,75,75,75,75,75,75,75,75,75,75,75,75,75,75,75],"card_choices":[{"not_picked":["Coolheaded","Hologram"],"picked":"Beam Cell","floor":1},{"not_picked":["Chill","Go for the Eyes"],"picked":"Steam","floor":2},{"not_picked":["Scrape","White Noise"],"picked":"Coolheaded","floor":3},{"not_picked":["Leap","Coolheaded"],"picked":"Streamline","floor":4},{"not_picked":["Tempest","Beam Cell","Chill"],"picked":"SKIP","floor":5},{"not_picked":["Go for the Eyes","Compile Driver"],"picked":"Doom and Gloom","floor":7},{"not_picked":["Compile Driver","Chaos"],"picked":"Consume","floor":8},{"not_picked":["Ball Lightning","Barrage"],"picked":"Auto Shields+1","floor":11},{"not_picked":["Gash","Consume+1"],"picked":"Lockon","floor":13},{"not_picked":["Streamline","FTL"],"picked":"Cold Snap","floor":14},{"not_picked":["Amplify+1","Rainbow+1"],"picked":"Buffer","floor":16},{"not_picked":["Sweeping Beam","Blizzard"],"picked":"Steam+1","floor":19},{"not_picked":["Cold Snap+1","Steam+1"],"picked":"Self Repair","floor":20},{"not_picked":["Conserve Battery+1","Steam+1"],"picked":"Chill+1","floor":24}],"player_experience":105966,"relics_obtained":[{"floor":9,"key":"Toxic Egg 2"},{"floor":11,"key":"PreservedInsect"},{"floor":13,"key":"Vajra"}],"event_choices":[{"damage_healed":0,"gold_gain":0,"player_choice":"Got Potions","damage_taken":0,"max_hp_gain":0,"max_hp_loss":0,"event_name":"Lab","floor":22,"gold_loss":0}],"is_beta":false,"boss_relics":[{"not_picked":["Sozu","Snecko Eye"],"picked":"Inserter"}],"items_purged_floors":[21],"is_endless":false,"potions_floor_spawned":[1,3,4,8,16],"killed_by":"3 Cultists","ascension_level":1}