{"gold_per_floor":[114,189,206,19,19,52,52,82,129,174,242,277,277,320,320,417,417,454,454,454,136,186,186],"floor_reached":23,"playtime":786,"items_purged":["Zap"],"score":414,"play_id":"7376aaf4-d2cb-4632-b29c-4e7bb2c3b95e","local_time":"20190225212251","is_ascension_mode":true,"campfire_choices":[{"data":"HandOfGreed","floor":7,"key":"SMITH"},{"floor":13,"key":"REST"},{"data":"Defragment","floor":15,"key":"SMITH"}],"neow_cost":"NONE","seed_source_timestamp":556580144033514,"circlet_count":0,"master_deck":["AscendersBane","Dualcast","Rip and Tear","FTL","HandOfGreed+1","Fission+1","Glacier+1","Hologram+1","Defragment+1","Conserve Battery+1","Creative AI","Blizzard","Meteor Strike","Doom and Gloom","Cold Snap","Thunder Strike","FTL","Reinforced Body+1","Force Field+1","Stack+1","Ghostly+1","Ghostly+1","Ghostly+1","Secret Technique+1","Self Repair"],"relics":["Cracked Core","NeowsBlessing","Pen Nib","Toxic Egg 2","Lantern","Pandora\u0027s Box"],"potions_floor_usage":[8],"damage_taken":[{"damage":0,"enemies":"Small Slimes","floor":1,"turns":1},{"damage":0,"enemies":"2 Louse","floor":3,"turns":1},{"damage":0,"enemies":"Gremlin Nob","floor":6,"turns":1},{"damage":20,"enemies":"Lagavulin","floor":8,"turns":6},{"damage":6,"enemies":"Cultist","floor":10,"turns":4},{"damage":12,"enemies":"Exordium Thugs","floor":11,"turns":6},{"damage":3,"enemies":"Blue Slaver","floor":12,"turns":2},{"damage":2,"enemies":"Exordium Wildlife","floor":14,"turns":3},{"damage":9,"enemies":"Hexaghost","floor":16,"turns":11},{"damage":12,"enemies":"2 Thieves","floor":18,"turns":5},{"damage":38,"enemies":"Slavers","floor":23,"turns":3}],"seed_played":"-6008316272354117901","potions_obtained":[{"floor":1,"key":"Dexterity Potion"},{"floor":3,"key":"SpeedPotion"},{"floor":18,"key":"SpeedPotion"}],"is_trial":false,"path_per_floor":["M","?","M","$","?","E","R","E","T","M","M","M","R","M","R","B",null,"M","?","?","$","?","E"],"character_chosen":"DEFECT","items_purchased":["HandOfGreed","Secret Technique+1","Self Repair"],"campfire_rested":1,"item_purchase_floors":[4,21,21],"current_hp_per_floor":[64,53,53,53,53,53,53,33,33,27,15,12,33,31,31,22,59,47,47,35,35,32,0],"gold":186,"neow_bonus":"THREE_ENEMY_KILL","is_prod":false,"is_daily":false,"chose_seed":false,"campfire_upgraded":2,"win_rate":0,"timestamp":1551147771,"path_taken":["M","?","M","$","?","E","R","E","T","M","M","M","R","M","R","BOSS","M","?","?","$","?","E"],"build_version":"2019-01-23","purchased_purges":1,"victory":false,"max_hp_per_floor":[71,71,71,71,71,71,71,71,71,71,71,71,71,71,71,71,71,71,71,35,35,35,35],"card_choices":[{"not_picked":["Stack","Hologram"],"picked":"Rip and Tear","floor":1},{"not_picked":["Cold Snap","Go for the Eyes"],"picked":"FTL","floor":3},{"not_picked":["Reprogram","Aggregate","Steam Power"],"picked":"SKIP","floor":6},{"not_picked":["Stack","Conserve Battery"],"picked":"Fission","floor":8},{"not_picked":["Blizzard","Go for the Eyes"],"picked":"Glacier+1","floor":10},{"not_picked":["Cold Snap","Stack+1"],"picked":"Hologram+1","floor":11},{"not_picked":["Ball Lightning","Blizzard"],"picked":"Defragment","floor":12},{"not_picked":["Leap+1","Sweeping Beam"],"picked":"Conserve Battery+1","floor":14},{"not_picked":["Rainbow+1","Fission+1"],"picked":"Creative AI","floor":16},{"not_picked":["Rebound","Chaos+1"],"picked":"Stack+1","floor":18}],"player_experience":843736,"relics_obtained":[{"floor":6,"key":"Pen Nib"},{"floor":8,"key":"Toxic Egg 2"},{"floor":9,"key":"Lantern"}],"event_choices":[{"damage_healed":0,"gold_gain":75,"player_choice":"Gather Gold","damage_taken":11,"max_hp_gain":0,"max_hp_loss":0,"event_name":"World of Goop","floor":2,"gold_loss":0},{"damage_healed":0,"gold_gain":0,"player_choice":"Fled","damage_taken":0,"max_hp_gain":0,"max_hp_loss":0,"event_name":"Scrap Ooze","floor":5,"gold_loss":0},{"damage_healed":0,"gold_gain":0,"player_choice":"Ignored","damage_taken":0,"max_hp_gain":0,"max_hp_loss":0,"event_name":"Vampires","floor":19,"gold_loss":0},{"damage_healed":0,"gold_gain":0,"player_choice":"Became a Ghost","damage_taken":0,"max_hp_gain":0,"max_hp_loss":36,"event_name":"Ghosts","floor":20,"gold_loss":0,"cards_obtained":["Ghostly","Ghostly","Ghostly"]},{"damage_healed":0,"gold_gain":50,"player_choice":"Touch","damage_taken":3,"max_hp_gain":0,"max_hp_loss":0,"event_name":"FaceTrader","floor":22,"gold_loss":0}],"is_beta":false,"boss_relics":[{"not_picked":["Black Star","Sozu"],"picked":"Pandora\u0027s Box"}],"items_purged_floors":[21],"is_endless":false,"potions_floor_spawned":[1,3,18],"killed_by":"Slavers","ascension_level":17}