{"gold_per_floor":[112,128,128,128,145,145,156,168,168,7,20,20,20,43,43,138,138,156,156,31,42,42,42,54,54,54,54,67,79,79,90,90,90],"floor_reached":33,"playtime":1038,"items_purged":["Strike_R","Perfected Strike"],"score":264,"play_id":"0225603e-9894-43fe-bed6-f39ecabc2187","local_time":"20190228175048","is_ascension_mode":false,"campfire_choices":[{"data":"Clothesline","floor":6,"key":"SMITH"},{"data":"Flame Barrier","floor":12,"key":"SMITH"},{"data":"Cleave","floor":15,"key":"SMITH"},{"data":"Demon Form","floor":23,"key":"SMITH"},{"data":"Heavy Blade","floor":27,"key":"SMITH"},{"data":"Rupture","floor":30,"key":"SMITH"},{"floor":32,"key":"REST"}],"neow_cost":"NONE","seed_source_timestamp":802771350643923,"circlet_count":0,"master_deck":["Defend_R","Defend_R","Defend_R","Defend_R","Clothesline+1","Shockwave","Pommel Strike","Flame Barrier+1","Cleave+1","Dark Shackles","Demon Form+1","Combust+1","Rupture+1","Heavy Blade+1","Bite","Bite","Bite","Bite","Bite"],"relics":["Sozu"],"potions_floor_usage":[],"damage_taken":[{"damage":0,"enemies":"2 Louse","floor":1,"turns":3},{"damage":0,"enemies":"Jaw Worm","floor":2,"turns":4},{"damage":0,"enemies":"Cultist","floor":5,"turns":3},{"damage":2,"enemies":"Looter","floor":7,"turns":3},{"damage":10,"enemies":"Exordium Wildlife","floor":8,"turns":3},{"damage":3,"enemies":"3 Louse","floor":11,"turns":3},{"damage":25,"enemies":"Slime Boss","floor":16,"turns":12},{"damage":4,"enemies":"2 Thieves","floor":18,"turns":4},{"damage":26,"enemies":"Spheric Guardian","floor":21,"turns":4},{"damage":18,"enemies":"Cultist and Chosen","floor":24,"turns":6},{"damage":5,"enemies":"Snake Plant","floor":28,"turns":3},{"damage":26,"enemies":"3 Cultists","floor":29,"turns":5},{"damage":24,"enemies":"Sentry and Sphere","floor":31,"turns":4},{"damage":55,"enemies":"Collector","floor":33,"turns":7}],"seed_played":"3944758953296180925","potions_obtained":[],"is_trial":false,"path_per_floor":["M","M","?","?","M","R","M","M","T","$","M","R","$","T","R","B",null,"M","?","$","M","?","R","M","?","T","R","M","M","R","M","R","B"],"character_chosen":"IRONCLAD","items_purchased":["Dark Shackles","Heavy Blade"],"campfire_rested":1,"item_purchase_floors":[10,20],"current_hp_per_floor":[80,80,80,85,85,85,83,73,73,73,70,70,70,70,70,45,85,81,81,81,55,55,55,47,47,47,47,46,36,36,20,37,0],"gold":90,"neow_bonus":"BOSS_RELIC","is_prod":false,"is_daily":false,"chose_seed":false,"campfire_upgraded":6,"win_rate":0,"timestamp":1551394248,"path_taken":["M","M","?","?","M","R","M","M","T","$","?","R","$","?","R","BOSS","M","?","$","M","?","R","M","?","T","R","?","M","R","?","R","BOSS"],"build_version":"2019-01-23","purchased_purges":2,"victory":false,"max_hp_per_floor":[80,80,80,85,85,85,85,85,85,85,85,85,85,85,85,85,85,85,85,85,85,59,59,59,59,59,59,59,59,59,59,59,59],"card_choices":[{"not_picked":["Body Slam","Seeing Red"],"picked":"Clothesline","floor":1},{"not_picked":["Hemokinesis","Second Wind"],"picked":"Shockwave","floor":2},{"not_picked":["Corruption","Armaments"],"picked":"Pommel Strike","floor":5},{"not_picked":["Clothesline","Wild Strike"],"picked":"Flame Barrier","floor":7},{"not_picked":["Shockwave","Armaments"],"picked":"Cleave","floor":8},{"not_picked":["Iron Wave","Rupture","Dual Wield"],"picked":"SKIP","floor":11},{"not_picked":["Limit Break","Barricade"],"picked":"Demon Form","floor":16},{"not_picked":["Iron Wave+1","Clothesline"],"picked":"Combust+1","floor":18},{"not_picked":["Armaments","Iron Wave","Anger"],"picked":"SKIP","floor":21},{"not_picked":["Rampage","Perfected Strike+1","Havoc"],"picked":"SKIP","floor":24},{"not_picked":["Headbutt","Sword Boomerang","Cleave"],"picked":"SKIP","floor":28},{"not_picked":["Flex","Juggernaut","Pommel Strike"],"picked":"SKIP","floor":29},{"not_picked":["Shockwave+1","Fire Breathing+1","Rupture"],"picked":"SKIP","floor":31}],"player_experience":850719,"relics_obtained":[],"event_choices":[{"damage_healed":0,"gold_gain":0,"player_choice":"Fled","damage_taken":0,"max_hp_gain":0,"max_hp_loss":0,"event_name":"Scrap Ooze","floor":3,"gold_loss":0},{"damage_healed":0,"gold_gain":0,"player_choice":"Donut","damage_taken":0,"max_hp_gain":5,"max_hp_loss":0,"event_name":"Big Fish","floor":4,"gold_loss":0},{"damage_healed":0,"gold_gain":0,"cards_transformed":["Strike_R","Strike_R"],"player_choice":"Became Test Subject","damage_taken":0,"max_hp_gain":0,"max_hp_loss":0,"event_name":"Drug Dealer","floor":19,"gold_loss":0,"cards_obtained":["Perfected Strike","Rupture"]},{"damage_healed":0,"gold_gain":0,"player_choice":"Became a vampire","damage_taken":0,"max_hp_gain":0,"max_hp_loss":26,"event_name":"Vampires","floor":22,"gold_loss":0,"cards_obtained":["Bite","Bite","Bite","Bite","Bite"]},{"cards_removed":["Bash"],"damage_healed":0,"gold_gain":0,"player_choice":"Purged","damage_taken":0,"max_hp_gain":0,"max_hp_loss":0,"event_name":"Purifier","floor":25,"gold_loss":0}],"is_beta":false,"boss_relics":[{"not_picked":[]}],"items_purged_floors":[10,20],"is_endless":false,"potions_floor_spawned":[2,7,16,24,28,29],"killed_by":"Collector","ascension_level":0}