{"gold_per_floor":[115,190,240,256,256,256,285,285,285,84,120,151,151,151,151,151],"floor_reached":16,"playtime":301,"items_purged":[],"score":234,"play_id":"ce43d38e-88b6-4c38-9f8d-c3dfceedd32a","local_time":"20190304231318","is_ascension_mode":true,"campfire_choices":[{"data":"Neutralize","floor":6,"key":"SMITH"},{"data":"HandOfGreed","floor":13,"key":"SMITH"},{"data":"Cloak And Dagger","floor":15,"key":"SMITH"}],"neow_cost":"NONE","seed_source_timestamp":247222796073350,"circlet_count":0,"master_deck":["AscendersBane","Defend_G","Defend_G","Defend_G","Defend_G","Defend_G","Strike_G","Strike_G","Strike_G","Strike_G","Strike_G","Survivor","Neutralize+1","Terror","HandOfGreed+1","Cloak And Dagger+1"],"special_seed":0,"relics":["Ring of the Snake","NeowsBlessing","Potion Belt","Mercury Hourglass","Lantern","Centennial Puzzle"],"potions_floor_usage":[],"damage_taken":[{"damage":0.0,"enemies":"2 Louse","floor":1.0,"turns":1.0},{"damage":0,"enemies":"Small Slimes","floor":4,"turns":1},{"damage":0,"enemies":"Gremlin Nob","floor":7,"turns":1},{"damage":0,"enemies":"Cultist","floor":11,"turns":3},{"damage":0,"enemies":"Blue Slaver","floor":12,"turns":2},{"damage":42,"enemies":"Hexaghost","floor":16,"turns":11}],"seed_played":"-7675499948897814530","potions_obtained":[{"floor":1.0,"key":"SkillPotion"},{"floor":4,"key":"Energy Potion"}],"is_trial":false,"path_per_floor":["M","?","?","M","?","R","E","?","T","$","M","M","R","?","R","B"],"character_chosen":"THE_SILENT","items_purchased":["HandOfGreed"],"campfire_rested":0,"item_purchase_floors":[10],"current_hp_per_floor":[59,48,42,42,42,42,42,42,42,42,42,42,42,42,42,0],"gold":151,"neow_bonus":"THREE_ENEMY_KILL","is_prod":false,"is_daily":false,"chose_seed":false,"campfire_upgraded":3,"win_rate":0,"timestamp":1551769998,"path_taken":["M","?","?","?","?","R","E","?","T","?","M","M","R","?","R","BOSS"],"build_version":"2019-01-23","purchased_purges":0,"victory":false,"max_hp_per_floor":[66,66,66,66,66,66,66,66,66,66,66,66,66,66,66,66],"card_choices":[{"not_picked":["Caltrops","Bane","Sucker Punch"],"picked":"SKIP","floor":1.0},{"not_picked":["Predator","Dodge and Roll","Distraction"],"picked":"SKIP","floor":4},{"not_picked":["Dagger Spray","Sucker Punch"],"picked":"Terror","floor":7},{"not_picked":["Acrobatics","Poisoned Stab"],"picked":"Cloak And Dagger","floor":11},{"not_picked":["Quick Slash","Blur","Poisoned Stab"],"picked":"SKIP","floor":12}],"player_experience":610140,"relics_obtained":[{"floor":7,"key":"Mercury Hourglass"},{"floor":9,"key":"Lantern"}],"event_choices":[{"damage_healed":0.0,"max_hp_gain":0.0,"max_hp_loss":0.0,"gold_gain":75.0,"event_name":"World of Goop","player_choice":"Gather Gold","floor":2.0,"gold_loss":0.0,"damage_taken":11.0},{"damage_healed":0,"gold_gain":50,"player_choice":"Touch","damage_taken":6,"max_hp_gain":0,"max_hp_loss":0,"event_name":"FaceTrader","floor":3,"gold_loss":0},{"damage_healed":0,"gold_gain":0,"player_choice":"Box","damage_taken":0,"relics_obtained":["Potion Belt"],"max_hp_gain":0,"max_hp_loss":0,"event_name":"Big Fish","floor":5,"gold_loss":0,"cards_obtained":["Regret"]},{"cards_removed":["Regret"],"damage_healed":0,"gold_gain":0,"player_choice":"Forget","damage_taken":0,"max_hp_gain":0,"max_hp_loss":0,"event_name":"Living Wall","floor":8,"gold_loss":0},{"damage_healed":0,"gold_gain":0,"player_choice":"Gave Potion","damage_taken":0,"relics_obtained":["Centennial Puzzle"],"max_hp_gain":0,"max_hp_loss":0,"event_name":"WeMeetAgain","floor":14,"gold_loss":0}],"is_beta":false,"boss_relics":[],"items_purged_floors":[],"is_endless":false,"potions_floor_spawned":[1,4],"killed_by":"Hexaghost","ascension_level":18}