{"gold_per_floor":[112,128,128,139,64,64,91,91,91,41,41,19,19,31,31,132,132,150,162,162,162,48,48,58,58,140,158,174,154,154,154,154,252,252,262,262,275,294,308,308],"floor_reached":40,"playtime":1738,"items_purged":["Strike_G"],"score":482,"play_id":"768ebc39-f5a6-4f92-9fb0-b76800ecb3c4","local_time":"20181028145649","is_ascension_mode":true,"campfire_choices":[{"data":"Neutralize","floor":6,"key":"SMITH"},{"data":"Envenom","floor":8,"key":"SMITH"},{"data":"Defend_G","floor":11,"key":"SMITH"},{"data":"Survivor","floor":15,"key":"SMITH"},{"floor":23,"key":"REST"},{"data":"Adrenaline","floor":25,"key":"SMITH"},{"floor":32,"key":"REST"}],"neow_cost":"PERCENT_DAMAGE","seed_source_timestamp":1111824972996189,"circlet_count":0,"master_deck":["Defend_G","Defend_G+1","Defend_G","Strike_G","Strike_G","Survivor+1","Neutralize+1","Corpse Explosion","Poisoned Stab","Deadly Poison","Envenom+1","Poisoned Stab","Wraith Form v2","Distraction","Adrenaline+1","Bouncing Flask","Night Terror+1","Adrenaline","Injury","Clumsy","Writhe","Bane+1","Madness","Madness","Crippling Poison"],"relics":["Ring of the Snake","Darkstone Periapt","Snake Skull","Mercury Hourglass","Eternal Feather","Enchiridion","Ornamental Fan","Calling Bell","Lantern","Pear","Tough Bandages"],"potions_floor_usage":[7,27,27,30,33,38,40],"damage_taken":[{"damage":0,"enemies":"2 Louse","floor":1,"turns":2},{"damage":9,"enemies":"Small Slimes","floor":2,"turns":3},{"damage":0,"enemies":"Jaw Worm","floor":4,"turns":4},{"damage":8,"enemies":"Lagavulin","floor":7,"turns":5},{"damage":12,"enemies":"Exordium Thugs","floor":12,"turns":5},{"damage":0,"enemies":"Looter","floor":14,"turns":3},{"damage":1,"enemies":"Hexaghost","floor":16,"turns":7},{"damage":20,"enemies":"Shell Parasite","floor":18,"turns":5},{"damage":20,"enemies":"Spheric Guardian","floor":19,"turns":4},{"damage":5,"enemies":"Snecko","floor":24,"turns":3},{"damage":4,"enemies":"Shelled Parasite and Fungi","floor":27,"turns":5},{"damage":31,"enemies":"Snake Plant","floor":28,"turns":3},{"damage":0,"enemies":"Centurion and Healer","floor":30,"turns":1},{"damage":20,"enemies":"Automaton","floor":33,"turns":8},{"damage":15,"enemies":"3 Darklings","floor":35,"turns":4},{"damage":6,"enemies":"3 Shapes","floor":37,"turns":4},{"damage":48,"enemies":"Writhing Mass","floor":38,"turns":6},{"damage":0,"enemies":"Jaw Worm Horde","floor":39,"turns":2},{"damage":17,"enemies":"Giant Head","floor":40,"turns":5}],"seed_played":"5235173459316737323","potions_obtained":[{"floor":2,"key":"Weak Potion"},{"floor":12,"key":"Weak Potion"},{"floor":14,"key":"SpeedPotion"},{"floor":24,"key":"Strength Potion"},{"floor":27,"key":"Weak Potion"},{"floor":29,"key":"SmokeBomb"},{"floor":33,"key":"AttackPotion"},{"floor":35,"key":"Weak Potion"}],"is_trial":false,"path_per_floor":["M","M","?","M","$","R","E","R","T","?","R","M","?","M","R","B",null,"M","M","?","?","$","R","M","R","T","M","M","?","M","?","R","B",null,"M","?","M","M","M"],"character_chosen":"THE_SILENT","items_purchased":["Bouncing Flask","GhostInAJar"],"campfire_rested":2,"item_purchase_floors":[22,22],"current_hp_per_floor":[49,40,40,40,40,40,32,32,32,32,32,20,17,17,17,16,70,50,30,14,14,14,44,39,48,48,44,13,13,13,13,43,23,98,83,71,65,17,17,0],"gold":308,"neow_bonus":"THREE_RARE_CARDS","is_prod":false,"is_daily":false,"chose_seed":false,"campfire_upgraded":5,"win_rate":0,"timestamp":1540753009,"path_taken":["M","M","?","M","$","R","E","R","T","?","R","?","?","M","R","BOSS","M","M","?","?","$","R","M","R","T","M","?","?","M","?","R","BOSS","M","?","?","M","M","E"],"build_version":"2018-10-25v2","purchased_purges":1,"victory":false,"max_hp_per_floor":[70,70,70,70,70,70,70,70,70,70,70,70,70,70,70,70,70,70,70,70,70,70,70,70,70,70,70,70,70,70,70,70,70,98,98,98,98,98,98,98],"card_choices":[{"not_picked":["Grand Finale","After Image"],"picked":"Corpse Explosion","floor":0},{"not_picked":["Bane","Sucker Punch"],"picked":"Poisoned Stab","floor":1},{"not_picked":["Blade Dance","Setup"],"picked":"Deadly Poison","floor":2},{"not_picked":["Dagger Throw","Blade Dance","PiercingWail"],"picked":"SKIP","floor":4},{"not_picked":["Dagger Throw","Blade Dance"],"picked":"Envenom","floor":7},{"not_picked":["Tactician","Backflip"],"picked":"Poisoned Stab","floor":12},{"not_picked":["Underhanded Strike","Concentrate","Backstab"],"picked":"SKIP","floor":14},{"not_picked":["Grand Finale","Tools of the Trade"],"picked":"Wraith Form v2","floor":16},{"not_picked":["Deflect","Backflip","Cloak And Dagger"],"picked":"SKIP","floor":18},{"not_picked":["Slice","Blade Dance","Dodge and Roll"],"picked":"SKIP","floor":19},{"not_picked":["Underhanded Strike+1","Distraction","Blur"],"picked":"SKIP","floor":24},{"not_picked":["Finisher","Dash"],"picked":"Night Terror","floor":27},{"not_picked":["Slice","Flechettes","Backflip"],"picked":"SKIP","floor":28},{"not_picked":["Burst","Unload"],"picked":"Adrenaline","floor":33},{"not_picked":["Heel Hook","Underhanded Strike+1"],"picked":"Bane+1","floor":35},{"not_picked":["Quick Slash","Masterful Stab+1","PiercingWail"],"picked":"SKIP","floor":37},{"not_picked":["Riddle With Holes+1","Endless Agony","Outmaneuver"],"picked":"SKIP","floor":38},{"not_picked":["Dagger Spray","Underhanded Strike+1"],"picked":"Crippling Poison","floor":39}],"player_experience":251921,"relics_obtained":[{"floor":7,"key":"Darkstone Periapt"},{"floor":9,"key":"Snake Skull"},{"floor":20,"key":"Enchiridion"},{"floor":26,"key":"Ornamental Fan"},{"floor":34,"key":"Lantern"},{"floor":34,"key":"Pear"},{"floor":34,"key":"Tough Bandages"}],"event_choices":[{"cards_removed":["Strike_G"],"damage_healed":0,"gold_gain":0,"player_choice":"Forget","damage_taken":0,"max_hp_gain":0,"max_hp_loss":0,"event_name":"Living Wall","floor":3,"gold_loss":0},{"cards_removed":["Strike_G"],"damage_healed":0,"gold_gain":0,"player_choice":"Card Removal","damage_taken":0,"max_hp_gain":0,"max_hp_loss":0,"event_name":"The Cleric","floor":10,"gold_loss":50},{"damage_healed":0,"gold_gain":0,"player_choice":"Success","damage_taken":3,"relics_obtained":["Mercury Hourglass"],"max_hp_gain":0,"max_hp_loss":0,"event_name":"Scrap Ooze","floor":13,"gold_loss":0},{"damage_healed":0,"gold_gain":0,"player_choice":"Obtained Book","damage_taken":16,"max_hp_gain":0,"max_hp_loss":0,"event_name":"Cursed Tome","floor":20,"gold_loss":0},{"damage_healed":0,"gold_gain":0,"cards_transformed":["Defend_G","Defend_G"],"player_choice":"Became Test Subject","damage_taken":0,"max_hp_gain":0,"max_hp_loss":0,"event_name":"Drug Dealer","floor":21,"gold_loss":0,"cards_obtained":["Distraction","Adrenaline"]},{"damage_healed":0,"gold_gain":0,"player_choice":"Bought 1 Potion","damage_taken":0,"max_hp_gain":0,"max_hp_loss":0,"event_name":"The Woman in Blue","floor":29,"gold_loss":0},{"damage_healed":0,"gold_gain":0,"player_choice":"Upgraded","damage_taken":0,"max_hp_gain":0,"max_hp_loss":0,"event_name":"Upgrade Shrine","floor":31,"gold_loss":0,"cards_upgraded":["Night Terror"]},{"damage_healed":0,"gold_gain":0,"player_choice":"Embrace Madness","damage_taken":12,"max_hp_gain":0,"max_hp_loss":0,"event_name":"Winding Halls","floor":36,"gold_loss":0,"cards_obtained":["Madness","Madness"]}],"is_beta":false,"boss_relics":[{"not_picked":["Ectoplasm","Fusion Hammer"],"picked":"Eternal Feather"},{"not_picked":["Tiny House","Astrolabe"],"picked":"Calling Bell"}],"items_purged_floors":[5],"is_endless":false,"potions_floor_spawned":[2,12,14,24,27,33,35],"killed_by":"Giant Head","ascension_level":2}