{"gold_per_floor":[114,128,139,139,154,154,168,168,223,223,7,7,7,36,36,110,110,122,134,152,166,185,185,215,215,215,233,332,77,102,117,117,189,189,205,216,216,55,55,55,55,75,100,112,139,151,182,44,44,44],"floor_reached":51,"playtime":2592,"items_purged":["Strike_B","Strike_B+1","Strike_B+1","Defend_B+1"],"score":1136,"play_id":"ebfcf9cd-96ed-4de9-8926-3965147cf6b6","local_time":"20190210213325","is_ascension_mode":true,"campfire_choices":[{"floor":6.0,"key":"REST"},{"data":"Zap","floor":8.0,"key":"SMITH"},{"data":"Streamline","floor":10.0,"key":"SMITH"},{"data":"Self Repair","floor":12.0,"key":"SMITH"},{"data":"Go for the Eyes","floor":15.0,"key":"SMITH"},{"floor":23.0,"key":"REST"},{"data":"Defragment","floor":32.0,"key":"SMITH"},{"data":"Defragment","floor":40.0,"key":"SMITH"},{"data":"Creative AI","floor":44.0,"key":"SMITH"},{"floor":49,"key":"REST"}],"neow_cost":"PERCENT_DAMAGE","seed_source_timestamp":32279868254713,"circlet_count":0,"master_deck":["AscendersBane","Defend_B+1","Defend_B+1","Defend_B+1","Zap+1","Dualcast","Streamline+1","Coolheaded+1","Conserve Battery","Core Surge","Self Repair+1","Go for the Eyes+1","Cold Snap","Creative AI+1","Melter+1","Glacier","Capacitor+1","Fusion","Defragment+1","Buffer","Biased Cognition","Defragment+1","Glacier","Skim","Storm+1","Leap","Lockon","BootSequence+1","Loop","Hologram"],"special_seed":0,"relics":["Cracked Core","Bronze Scales","Question Card","Nuclear Battery","War Paint","Prayer Wheel","Ginger","MawBank"],"potions_floor_usage":[50,50],"damage_taken":[{"damage":8.0,"enemies":"2 Louse","floor":1.0,"turns":3.0},{"damage":0.0,"enemies":"Small Slimes","floor":2.0,"turns":2.0},{"damage":1.0,"enemies":"Cultist","floor":3.0,"turns":3.0},{"damage":12.0,"enemies":"Large Slime","floor":5.0,"turns":6.0},{"damage":5.0,"enemies":"2 Fungi Beasts","floor":7.0,"turns":4.0},{"damage":18.0,"enemies":"Lagavulin","floor":14.0,"turns":7.0},{"damage":6.0,"enemies":"The Guardian","floor":16.0,"turns":13.0},{"damage":16.0,"enemies":"Chosen","floor":18.0,"turns":5.0},{"damage":0.0,"enemies":"Spheric Guardian","floor":19.0,"turns":2.0},{"damage":0.0,"enemies":"3 Cultists","floor":20.0,"turns":3.0},{"damage":13.0,"enemies":"Centurion and Healer","floor":21.0,"turns":9.0},{"damage":16.0,"enemies":"Snake Plant","floor":22.0,"turns":3.0},{"damage":26.0,"enemies":"Slavers","floor":24.0,"turns":7.0},{"damage":15.0,"enemies":"Cultist and Chosen","floor":27.0,"turns":6.0},{"damage":18.0,"enemies":"Gremlin Leader","floor":30.0,"turns":9.0},{"damage":9.0,"enemies":"3 Cultists","floor":31.0,"turns":7.0},{"damage":20.0,"enemies":"Automaton","floor":33.0,"turns":10.0},{"damage":20.0,"enemies":"Orb Walker","floor":35.0,"turns":5.0},{"damage":13.0,"enemies":"3 Shapes","floor":36.0,"turns":6.0},{"damage":19.0,"enemies":"Transient","floor":42.0,"turns":5.0},{"damage":9,"enemies":"Spire Growth","floor":45,"turns":6},{"damage":45,"enemies":"Jaw Worm Horde","floor":47,"turns":6},{"damage":28,"enemies":"Time Eater","floor":50,"turns":9}],"seed_played":"5396039685240271956","potions_obtained":[{"floor":2.0,"key":"Fire Potion"},{"floor":7.0,"key":"Ancient Potion"},{"floor":16.0,"key":"Explosive Potion"},{"floor":27.0,"key":"FocusPotion"}],"is_trial":false,"path_per_floor":["M","M","M","?","M","R","M","R","T","R","$","R","?","E","R","B",null,"M","M","M","M","M","R","E","?","T","M","?","$","E","M","R","B",null,"M","M","?","$","?","R","?","M","T","R","M","?","M","$","R","B",null],"character_chosen":"DEFECT","items_purchased":["Self Repair","Go for the Eyes","Cold Snap","Buffer","FocusPotion","Lockon"],"campfire_rested":3,"item_purchase_floors":[11,11,11,29,29,38],"current_hp_per_floor":[52,52,51,56,44,71,66,66,66,66,66,66,66,58,58,62,83,77,77,77,74,68,90,74,74,74,69,69,69,61,62,62,52,81,71,68,68,68,68,68,68,59,59,59,50,50,15,15,40,12],"gold":44,"neow_bonus":"TWENTY_PERCENT_HP_BONUS","is_prod":false,"is_daily":false,"chose_seed":false,"campfire_upgraded":7,"win_rate":0,"timestamp":1549802005,"path_taken":["M","M","M","?","M","R","M","R","T","R","$","R","?","E","R","BOSS","M","M","M","M","M","R","E","?","T","M","?","$","E","M","R","BOSS","M","M","?","?","?","R","?","M","T","R","?","?","M","$","R","BOSS"],"build_version":"2019-01-23","purchased_purges":4,"victory":true,"max_hp_per_floor":[85,85,85,90,90,90,90,90,90,90,90,90,90,90,90,90,90,90,90,90,90,90,90,90,90,90,90,90,90,90,90,90,90,90,90,90,90,90,85,85,85,85,85,85,85,85,85,85,85,85],"card_choices":[{"not_picked":["Barrage","Leap"],"picked":"Streamline","floor":1.0},{"not_picked":["Beam Cell","Heatsinks","Stack"],"picked":"SKIP","floor":2.0},{"not_picked":["Auto Shields","Doom and Gloom"],"picked":"Coolheaded","floor":3.0},{"not_picked":["Coolheaded","Steam Power"],"picked":"Conserve Battery","floor":5.0},{"not_picked":["Beam Cell","Redo"],"picked":"Core Surge","floor":7.0},{"not_picked":["Rebound","Steam"],"picked":"Leap","floor":14.0},{"not_picked":["Meteor Strike","Seek","Buffer"],"picked":"Creative AI","floor":16.0},{"not_picked":["Conserve Battery","Lockon","Cold Snap"],"picked":"Melter+1","floor":18.0},{"not_picked":["Auto Shields+1","Double Energy","Compile Driver"],"picked":"Glacier","floor":19.0},{"not_picked":["Hello World","Ball Lightning","Beam Cell"],"picked":"Capacitor+1","floor":20.0},{"not_picked":["Barrage","Steam","Conserve Battery","Rebound"],"picked":"SKIP","floor":21.0},{"not_picked":["Steam","Rebound","Aggregate","All For One"],"picked":"SKIP","floor":22.0},{"not_picked":["Conserve Battery","Tempest","Redo"],"picked":"Fusion","floor":24.0},{"not_picked":["Cold Snap","Reprogram","Scrape"],"picked":"Defragment","floor":27.0},{"not_picked":["Leap+1","Chaos","Rebound","Streamline"],"picked":"SKIP","floor":27.0},{"not_picked":["Cold Snap","Steam","Doom and Gloom","Multi-Cast"],"picked":"SKIP","floor":30.0},{"not_picked":["Compile Driver","Leap","Turbo","Conserve Battery+1"],"picked":"SKIP","floor":31.0},{"not_picked":["Hologram","Rebound+1","Barrage","White Noise"],"picked":"SKIP","floor":31.0},{"not_picked":["Hyperbeam","Creative AI","Machine Learning"],"picked":"Biased Cognition","floor":33.0},{"not_picked":["Steam","Stack","Hologram"],"picked":"Defragment","floor":35.0},{"not_picked":["Go for the Eyes","Turbo","Undo"],"picked":"Glacier","floor":35.0},{"not_picked":["Capacitor","Thunder Strike","Gash+1"],"picked":"Skim","floor":36.0},{"not_picked":["Storm+1","Cold Snap+1","Beam Cell+1","Lockon"],"picked":"SKIP","floor":36.0},{"not_picked":["Cold Snap+1","Beam Cell+1","Lockon"],"picked":"Storm+1","floor":36.0},{"not_picked":["Sweeping Beam","Static Discharge","Tempest"],"picked":"BootSequence+1","floor":42.0},{"not_picked":["Go for the Eyes","Glacier","Double Energy","Coolheaded"],"picked":"SKIP","floor":42.0},{"not_picked":["Reprogram","Scrape","Leap"],"picked":"Loop","floor":45},{"not_picked":["Loop","Melter","Streamline","Sunder"],"picked":"SKIP","floor":45},{"not_picked":["Leap","Barrage","Gash"],"picked":"Hologram","floor":47},{"not_picked":["Barrage","Recycle","Consume","Beam Cell+1"],"picked":"SKIP","floor":47}],"player_experience":329813,"relics_obtained":[{"floor":9.0,"key":"Bronze Scales"},{"floor":14.0,"key":"Question Card"},{"floor":24.0,"key":"War Paint"},{"floor":26.0,"key":"Prayer Wheel"},{"floor":30.0,"key":"Ginger"},{"floor":43.0,"key":"MawBank"}],"event_choices":[{"damage_healed":0.0,"max_hp_gain":5.0,"max_hp_loss":0.0,"gold_gain":0.0,"event_name":"Big Fish","player_choice":"Donut","floor":4.0,"gold_loss":0.0,"damage_taken":0.0},{"damage_healed":0.0,"max_hp_gain":0.0,"max_hp_loss":0.0,"gold_gain":0.0,"event_name":"Liars Game","player_choice":"Ignored","floor":13.0,"gold_loss":0.0,"damage_taken":0.0},{"damage_healed":0.0,"max_hp_gain":0.0,"max_hp_loss":0.0,"gold_gain":0.0,"event_name":"Back to Basics","player_choice":"Simplicity","floor":25.0,"gold_loss":0.0,"damage_taken":0.0,"cards_upgraded":["Strike_B","Strike_B","Strike_B","Defend_B","Defend_B","Defend_B"]},{"damage_healed":0.0,"max_hp_gain":0.0,"max_hp_loss":0.0,"gold_gain":99.0,"event_name":"Nest","player_choice":"Stole From Cult","floor":28.0,"gold_loss":0.0,"damage_taken":0.0},{"damage_healed":0.0,"max_hp_gain":0.0,"max_hp_loss":0.0,"gold_gain":0.0,"cards_transformed":["Strike_B"],"event_name":"Transmorgrifier","player_choice":"Transformed","floor":37.0,"gold_loss":0.0,"damage_taken":0.0,"cards_obtained":["Leap"]},{"damage_healed":0.0,"max_hp_gain":0.0,"max_hp_loss":5.0,"gold_gain":0.0,"event_name":"Winding Halls","player_choice":"Max HP","floor":39.0,"gold_loss":0.0,"damage_taken":0.0},{"cards_removed":["Leap"],"damage_healed":0.0,"max_hp_gain":0.0,"max_hp_loss":0.0,"gold_gain":0.0,"event_name":"Falling","player_choice":"Removed Skill","floor":41.0,"gold_loss":0.0,"damage_taken":0.0},{"damage_healed":0,"gold_gain":0,"player_choice":"Ignored","damage_taken":0,"max_hp_gain":0,"max_hp_loss":0,"event_name":"Mysterious Sphere","floor":46,"gold_loss":0}],"is_beta":false,"boss_relics":[{"not_picked":["Astrolabe","White Beast Statue"],"picked":"Nuclear Battery"},{"not_picked":["Philosopher\u0027s Stone","Fusion Hammer","Snecko Eye"]}],"items_purged_floors":[11,29,38,48],"is_endless":false,"potions_floor_spawned":[2,7,16,19,22,27,33,36,42,47],"ascension_level":14}