{"gold_per_floor":[212,212,230,250,260,260,291,291,291,308,383,397,397,397,397,397],"floor_reached":16,"playtime":643,"items_purged":[],"score":128,"play_id":"8201549b-6cc6-4f78-b515-aec5d055e52e","local_time":"20190205194816","is_ascension_mode":true,"campfire_choices":[{"data":"Shrug It Off","floor":6,"key":"SMITH"},{"floor":8,"key":"REST"},{"data":"Rampage","floor":13,"key":"SMITH"},{"floor":15,"key":"REST"}],"neow_cost":"NONE","seed_source_timestamp":2236042501886595,"circlet_count":0,"master_deck":["Strike_R","Strike_R","Strike_R","Strike_R","Strike_R","Defend_R","Defend_R+1","Defend_R","Defend_R","Bash","Flex","Shrug It Off+1","Flame Barrier+1","Rampage+1"],"relics":["Burning Blood","NlothsMask","Frozen Egg 2"],"potions_floor_usage":[16],"damage_taken":[{"damage":8,"enemies":"2 Louse","floor":1,"turns":2},{"damage":1,"enemies":"Cultist","floor":3,"turns":3},{"damage":12,"enemies":"Jaw Worm","floor":4,"turns":3},{"damage":30,"enemies":"Large Slime","floor":5,"turns":6},{"damage":39,"enemies":"Gremlin Nob","floor":7,"turns":5},{"damage":12,"enemies":"Blue Slaver","floor":10,"turns":5},{"damage":6,"enemies":"3 Louse","floor":12,"turns":4},{"damage":32,"enemies":"The Guardian","floor":16,"turns":10}],"seed_played":"546981665476247426","potions_obtained":[{"floor":3,"key":"SpeedPotion"},{"floor":4,"key":"SpeedPotion"},{"floor":12,"key":"PowerPotion"}],"is_trial":false,"path_per_floor":["M","?","M","M","M","R","E","R","T","M","?","M","R","?","R","B"],"character_chosen":"IRONCLAD","items_purchased":[],"campfire_rested":2,"item_purchase_floors":[],"current_hp_per_floor":[78,78,80,74,50,50,17,41,41,35,24,24,24,8,32,0],"gold":397,"neow_bonus":"HUNDRED_GOLD","is_prod":false,"is_daily":false,"chose_seed":false,"campfire_upgraded":2,"win_rate":0,"timestamp":1549424896,"path_taken":["M","?","?","M","M","R","E","R","T","?","?","M","R","?","R","BOSS"],"build_version":"2019-01-23","purchased_purges":0,"victory":false,"max_hp_per_floor":[80,80,80,80,80,80,80,80,80,80,80,80,80,80,80,80],"card_choices":[{"not_picked":["Iron Wave","Searing Blow"],"picked":"Flex","floor":1},{"not_picked":["Perfected Strike","Shockwave","Carnage"],"picked":"SKIP","floor":3},{"not_picked":["Flex","Uppercut"],"picked":"Shrug It Off","floor":4},{"not_picked":["Dropkick","Havoc"],"picked":"Flame Barrier","floor":5},{"not_picked":["Warcry","Blood for Blood","Searing Blow"],"picked":"SKIP","floor":7},{"not_picked":["Brutality+1","Warcry","Clothesline"],"picked":"SKIP","floor":10},{"not_picked":["Wild Strike","Reckless Charge"],"picked":"Rampage","floor":12}],"player_experience":267309,"relics_obtained":[{"floor":7,"key":"Frozen Egg 2"}],"event_choices":[{"damage_healed":0,"gold_gain":0,"player_choice":"Trade","damage_taken":0,"relics_obtained":["NlothsMask"],"max_hp_gain":0,"max_hp_loss":0,"event_name":"FaceTrader","floor":2,"gold_loss":0},{"damage_healed":0,"gold_gain":75,"player_choice":"Gather Gold","damage_taken":11,"max_hp_gain":0,"max_hp_loss":0,"event_name":"World of Goop","floor":11,"gold_loss":0},{"damage_healed":0,"gold_gain":0,"player_choice":"Entered Light","damage_taken":16,"max_hp_gain":0,"max_hp_loss":0,"event_name":"Shining Light","floor":14,"gold_loss":0,"cards_upgraded":["Flame Barrier","Defend_R"]}],"is_beta":false,"boss_relics":[],"items_purged_floors":[],"is_endless":false,"potions_floor_spawned":[3,4,12],"killed_by":"The Guardian","ascension_level":5}