{"gold_per_floor":[118,130,144,157,167,167,194,38,114,142,142,156,156,171,171,249,249,264,48,48,48,48,48,48],"floor_reached":24,"playtime":1018,"items_purged":["Strike_R"],"score":412,"play_id":"840f4701-626e-4970-8c80-08774c557261","local_time":"20190209162130","is_ascension_mode":true,"campfire_choices":[{"data":"Armaments","floor":6,"key":"SMITH"},{"data":"Inflame","floor":11,"key":"SMITH"},{"data":"Demon Form","floor":13,"key":"SMITH"},{"data":"Uppercut","floor":15,"key":"SMITH"},{"floor":23,"key":"REST"}],"neow_cost":"TEN_PERCENT_HP_LOSS","seed_source_timestamp":1957871505347416,"circlet_count":0,"master_deck":["AscendersBane","Strike_R","Strike_R","Defend_R","Defend_R","Defend_R","Defend_R","Bash","Carnage","Cleave","Dual Wield","Armaments+1","Clothesline","Ghostly Armor","Uppercut+1","Inflame+1","Demon Form+1","Whirlwind","Berserk","Flex+1"],"relics":["Burning Blood","Blood Vial","Sundial","Dead Branch","Busted Crown","ClockworkSouvenir"],"potions_floor_usage":[7,12,16,24],"damage_taken":[{"damage":6,"enemies":"Cultist","floor":1,"turns":3},{"damage":7,"enemies":"Jaw Worm","floor":2,"turns":4},{"damage":2,"enemies":"2 Louse","floor":3,"turns":3},{"damage":1,"enemies":"Large Slime","floor":4,"turns":5},{"damage":7,"enemies":"2 Fungi Beasts","floor":5,"turns":3},{"damage":30,"enemies":"Lagavulin","floor":7,"turns":7},{"damage":27,"enemies":"3 Sentries","floor":10,"turns":9},{"damage":7,"enemies":"Gremlin Gang","floor":12,"turns":3},{"damage":2,"enemies":"3 Louse","floor":14,"turns":4},{"damage":19,"enemies":"Hexaghost","floor":16,"turns":9},{"damage":29,"enemies":"2 Thieves","floor":18,"turns":4},{"damage":42,"enemies":"Slavers","floor":24,"turns":3}],"seed_played":"577860200106640788","potions_obtained":[{"floor":1,"key":"Block Potion"},{"floor":4,"key":"LiquidBronze"},{"floor":7,"key":"Poison Potion"},{"floor":12,"key":"Poison Potion"},{"floor":14,"key":"Weak Potion"}],"is_trial":false,"path_per_floor":["M","M","M","M","M","R","E","$","T","E","R","M","R","M","R","B",null,"M","$","?","?","?","R","E"],"character_chosen":"IRONCLAD","items_purchased":["Uppercut","ClockworkSouvenir"],"campfire_rested":1,"item_purchase_floors":[8,19],"current_hp_per_floor":[68,67,68,68,67,67,43,43,43,24,24,25,25,31,31,20,56,35,35,35,16,16,37,0],"gold":48,"neow_bonus":"REMOVE_TWO","is_prod":false,"is_daily":false,"chose_seed":false,"campfire_upgraded":4,"win_rate":0,"timestamp":1549747290,"path_taken":["M","M","M","M","M","R","E","$","T","E","R","M","R","M","R","BOSS","M","$","?","?","?","R","E"],"build_version":"2019-01-23","purchased_purges":1,"victory":false,"max_hp_per_floor":[68,68,68,68,68,68,68,68,68,68,68,68,68,68,68,68,68,68,68,68,73,73,73,73],"card_choices":[{"not_picked":["Hemokinesis","Flame Barrier"],"picked":"Carnage","floor":1},{"not_picked":["Clash","Searing Blow"],"picked":"Cleave","floor":2},{"not_picked":["Intimidate","Wild Strike"],"picked":"Dual Wield","floor":3},{"not_picked":["Twin Strike","Sword Boomerang"],"picked":"Armaments","floor":4},{"not_picked":["Pommel Strike","Iron Wave"],"picked":"Clothesline","floor":5},{"not_picked":["Fire Breathing","Headbutt"],"picked":"Ghostly Armor","floor":7},{"not_picked":["Dual Wield","Thunderclap"],"picked":"Inflame","floor":10},{"not_picked":["Iron Wave","Anger"],"picked":"Demon Form","floor":12},{"not_picked":["Intimidate","Clothesline"],"picked":"Whirlwind","floor":14},{"not_picked":["Fiend Fire","Double Tap"],"picked":"Berserk","floor":16},{"not_picked":[],"picked":"Flex+1","floor":18}],"player_experience":710257,"relics_obtained":[{"floor":7,"key":"Blood Vial"},{"floor":9,"key":"Sundial"},{"floor":10,"key":"Dead Branch"}],"event_choices":[{"damage_healed":0,"gold_gain":0,"player_choice":"Ignored","damage_taken":0,"max_hp_gain":0,"max_hp_loss":0,"event_name":"The Mausoleum","floor":20,"gold_loss":0},{"damage_healed":0,"gold_gain":0,"player_choice":"Shed Blood","damage_taken":24,"max_hp_gain":5,"max_hp_loss":0,"event_name":"Forgotten Altar","floor":21,"gold_loss":0}],"is_beta":false,"boss_relics":[{"not_picked":["Astrolabe","Ectoplasm"],"picked":"Busted Crown"}],"items_purged_floors":[8],"is_endless":false,"potions_floor_spawned":[1,4,7,12,14],"killed_by":"Slavers","ascension_level":20}