{"path_per_floor":["M","$","M","?","M","E","R","M","T","M","M","R","T","?","R","B",null,"M","?","?","$","M","R"],"character_chosen":"DEFECT","items_purchased":["Mind Blast","Defragment","Conserve Battery","Beam Cell","Turbo"],"gold_per_floor":[114,12,31,31,49,80,80,97,127,145,157,157,157,157,157,261,261,281,281,281,18,37,37,37],"floor_reached":24,"campfire_rested":0,"playtime":1387,"item_purchase_floors":[],"current_hp_per_floor":[62,62,59,52,52,34,34,27,27,27,24,24,24,68,68,65,74,42,28,28,28,28,28,0],"items_purged":["Doubt"],"gold":37,"score":274,"play_id":"7d0ddd23-1148-449c-86eb-6d3671d658c3","local_time":"20180608004825","is_prod":false,"is_daily":false,"chose_seed":false,"is_ascension_mode":true,"campfire_upgraded":4,"win_rate":0,"timestamp":1528411705,"campfire_choices":[{"data":"Rainbow","floor":7.0,"key":"SMITH"},{"data":"Defend_B","floor":12.0,"key":"SMITH"},{"data":"Hello World","floor":15.0,"key":"SMITH"},{"data":"Mind Blast","floor":23.0,"key":"SMITH"}],"path_taken":["M","$","M","?","M","E","R","M","T","M","M","R","?","?","R","BOSS","M","?","?","?","?","R","E"],"build_version":"2018-05-31","seed_source_timestamp":1932225089702821,"purchased_purges":1,"victory":false,"master_deck":["Strike_B","Defend_B","Defend_B","Defend_B","Defend_B+1","Zap","Dualcast","Tempest","Scrape","Coolheaded","Mind Blast+1","Go for the Eyes","Hello World+1","Rainbow+1","Sweeping Beam","FTL","Melter","Buffer","Parasite","Injury","Gash+1","Defragment","Conserve Battery","Beam Cell","Turbo","BootSequence"],"max_hp_per_floor":[68,68,68,68,68,68,68,68,68,68,68,68,68,68,68,68,75,75,80,80,80,80,80,80],"relics":["Cracked Core","Ancient Tea Set","Tiny Chest","Unceasing Top","Calling Bell","Strawberry","Torii","Nloth\u0027s Gift"],"card_choices":[{"not_picked":["Rebound","Cold Snap"],"picked":"Coolheaded","floor":1.0},{"not_picked":["Turbo","Rebound"],"picked":"Go for the Eyes","floor":3.0},{"not_picked":["Rebound","Stack"],"picked":"Hello World","floor":5.0},{"not_picked":["Hyperbeam","Tempest"],"picked":"Rainbow","floor":6.0},{"not_picked":["Redo","Coolheaded"],"picked":"Sweeping Beam","floor":8.0},{"not_picked":["Tempest","Heatsinks"],"picked":"FTL","floor":10.0},{"not_picked":["Loop","Stack"],"picked":"Melter","floor":11.0},{"not_picked":["Biased Cognition","Meteor Strike"],"picked":"Buffer","floor":16.0},{"not_picked":["Beam Cell","Heatsinks"],"picked":"Gash+1","floor":18.0},{"not_picked":["Streamline","Static Discharge"],"picked":"BootSequence","floor":22.0}],"player_experience":487406,"potions_floor_usage":[24],"damage_taken":[{"damage":6.0,"enemies":"Jaw Worm","floor":1.0,"turns":4.0},{"damage":3.0,"enemies":"Small Slimes","floor":3.0,"turns":3.0},{"damage":0.0,"enemies":"Cultist","floor":5.0,"turns":4.0},{"damage":18.0,"enemies":"Lagavulin","floor":6.0,"turns":8.0},{"damage":7.0,"enemies":"Exordium Wildlife","floor":8.0,"turns":4.0},{"damage":0.0,"enemies":"Large Slime","floor":10.0,"turns":5.0},{"damage":3.0,"enemies":"Gremlin Gang","floor":11.0,"turns":3.0},{"damage":3.0,"enemies":"The Guardian","floor":16.0,"turns":7.0},{"damage":32.0,"enemies":"3 Byrds","floor":18.0,"turns":5.0},{"damage":0.0,"enemies":"Chosen","floor":22.0,"turns":5.0},{"damage":47,"enemies":"Slavers","floor":24,"turns":5}],"relics_obtained":[{"floor":6.0,"key":"Ancient Tea Set"},{"floor":9.0,"key":"Tiny Chest"},{"floor":13.0,"key":"Unceasing Top"},{"floor":17.0,"key":"Strawberry"},{"floor":17.0,"key":"Darkstone Periapt"},{"floor":17.0,"key":"Torii"}],"event_choices":[{"event_name":"Golden Wing","player_choice":"Card Removal","floor":4.0,"damage_taken":0.0},{"event_name":"Wheel of Change","player_choice":"Full Heal","floor":14.0,"damage_taken":0.0},{"event_name":"Forgotten Altar","player_choice":"Shed Blood","floor":19.0,"damage_taken":0.0},{"event_name":"N\u0027loth","player_choice":"Traded a Darkstone Periapt","floor":20.0,"damage_taken":0.0}],"boss_relics":[],"items_purged_floors":[],"potions_floor_spawned":[8,11,22],"seed_played":"7327014330017220438","killed_by":"Slavers","ascension_level":8,"potions_obtained":[{"floor":8.0,"key":"Explosive Potion"},{"floor":11.0,"key":"PowerPotion"},{"floor":22.0,"key":"EssenceOfSteel"}],"is_trial":false}