{"gold_per_floor":[117,117,137,147,147,175,175,187,187,262,280,280],"floor_reached":12,"playtime":341,"items_purged":[],"score":80,"play_id":"0efc493f-d54c-4125-9ba1-88502a59930c","local_time":"20190106185414","is_ascension_mode":false,"campfire_choices":[{"floor":7,"key":"REST"}],"neow_cost":"NONE","seed_source_timestamp":20248194406000,"circlet_count":0,"master_deck":["Strike_B","Strike_B","Defend_B","Defend_B","Defend_B","Defend_B","Zap","Dualcast","Streamline","Cold Snap","Gash","Turbo","Barrage","Loop"],"relics":["Cracked Core","Blood Vial","Blue Candle","Happy Flower"],"potions_floor_usage":[],"damage_taken":[{"damage":1,"enemies":"Jaw Worm","floor":1,"turns":3},{"damage":0,"enemies":"2 Louse","floor":3,"turns":2},{"damage":0,"enemies":"Small Slimes","floor":4,"turns":2},{"damage":31,"enemies":"Lagavulin","floor":6,"turns":7},{"damage":3,"enemies":"Red Slaver","floor":8,"turns":2},{"damage":34,"enemies":"Gremlin Gang","floor":11,"turns":6},{"damage":12,"enemies":"Blue Slaver","floor":12,"turns":1}],"seed_played":"-801653207434624198","potions_obtained":[{"floor":4,"key":"SneckoOil"},{"floor":8,"key":"SpeedPotion"}],"is_trial":false,"path_per_floor":["M","?","M","M","?","E","R","M","T","?","M","M"],"character_chosen":"DEFECT","items_purchased":[],"campfire_rested":1,"item_purchase_floors":[],"current_hp_per_floor":[74,67,67,67,55,26,48,47,47,40,8,0],"gold":280,"neow_bonus":"REMOVE_CARD","is_prod":false,"is_daily":false,"chose_seed":false,"campfire_upgraded":0,"win_rate":0,"timestamp":1546768454,"path_taken":["M","?","M","M","?","E","R","M","T","?","M","?"],"build_version":"2019-01-03v4","purchased_purges":0,"victory":false,"max_hp_per_floor":[75,75,75,75,75,75,75,75,75,75,75,75],"card_choices":[{"not_picked":["Beam Cell","Redo"],"picked":"Streamline","floor":1},{"not_picked":["Hello World","Hologram"],"picked":"Cold Snap","floor":3},{"not_picked":["Steam","Scrape"],"picked":"Gash","floor":4},{"not_picked":["Steam","Streamline"],"picked":"Turbo","floor":6},{"not_picked":["Auto Shields","Static Discharge"],"picked":"Barrage","floor":8},{"not_picked":["Reprogram","Ball Lightning"],"picked":"Loop","floor":11}],"player_experience":141484,"relics_obtained":[{"floor":6,"key":"Blue Candle"},{"floor":9,"key":"Happy Flower"}],"event_choices":[{"cards_removed":["Strike_B"],"damage_healed":0,"gold_gain":0,"player_choice":"Card Removal","damage_taken":7,"max_hp_gain":0,"max_hp_loss":0,"event_name":"Golden Wing","floor":2,"gold_loss":0},{"damage_healed":0,"gold_gain":0,"player_choice":"Success","damage_taken":12,"relics_obtained":["Blood Vial"],"max_hp_gain":0,"max_hp_loss":0,"event_name":"Scrap Ooze","floor":5,"gold_loss":0},{"damage_healed":0,"gold_gain":75,"player_choice":"Touch","damage_taken":7,"max_hp_gain":0,"max_hp_loss":0,"event_name":"FaceTrader","floor":10,"gold_loss":0}],"is_beta":false,"boss_relics":[],"items_purged_floors":[],"is_endless":false,"potions_floor_spawned":[4,8],"killed_by":"Blue Slaver","ascension_level":0}