{"gold_per_floor":[360,379,454,187,206,206,235,73,96,96,156,170,212,212,212,334,334,345,35,35,45,45,45,76,76,76,87,100,100],"floor_reached":29,"playtime":1681,"items_purged":["Regret"],"score":282,"play_id":"916e12aa-97ac-4568-aff2-002c575fc3b5","local_time":"20181120204106","is_ascension_mode":true,"campfire_choices":[{"data":"Crippling Poison","floor":6,"key":"SMITH"},{"data":"HandOfGreed","floor":10,"key":"SMITH"},{"data":"Neutralize","floor":15,"key":"SMITH"},{"data":"Bane","floor":23,"key":"SMITH"},{"floor":25,"key":"REST"}],"neow_cost":"CURSE","seed_source_timestamp":503821606162480,"circlet_count":0,"master_deck":["Defend_G","Defend_G","Defend_G","Defend_G","Defend_G","Strike_G","Strike_G","Strike_G","Strike_G","Strike_G","Survivor","Neutralize+1","Crippling Poison+1","Bane+1","Poisoned Stab","HandOfGreed+1","Backflip","Heel Hook","Corpse Explosion","Poisoned Stab","Poisoned Stab+1","After Image","Catalyst+1"],"relics":["Ring of the Snake","TwistedFunnel","MawBank","Omamori","Velvet Choker","Toxic Egg 2","Art of War","Bird Faced Urn","Kunai","Strawberry"],"potions_floor_usage":[],"damage_taken":[{"damage":0,"enemies":"2 Louse","floor":1,"turns":2},{"damage":11,"enemies":"Cultist","floor":2,"turns":5},{"damage":0,"enemies":"Small Slimes","floor":5,"turns":3},{"damage":15,"enemies":"Gremlin Nob","floor":7,"turns":4},{"damage":9,"enemies":"Exordium Thugs","floor":11,"turns":4},{"damage":2,"enemies":"Lots of Slimes","floor":12,"turns":2},{"damage":15,"enemies":"Gremlin Gang","floor":13,"turns":3},{"damage":7,"enemies":"Hexaghost","floor":16,"turns":9},{"damage":16,"enemies":"Spheric Guardian","floor":18,"turns":4},{"damage":12,"enemies":"Shell Parasite","floor":21,"turns":3},{"damage":30,"enemies":"Book of Stabbing","floor":24,"turns":5},{"damage":8,"enemies":"Centurion and Healer","floor":27,"turns":3},{"damage":16,"enemies":"Snake Plant","floor":28,"turns":2},{"damage":36,"enemies":"Shelled Parasite and Fungi","floor":29,"turns":2}],"seed_played":"-8507158213701722784","potions_obtained":[{"floor":5,"key":"FairyPotion"},{"floor":12,"key":"GamblersBrew"},{"floor":24,"key":"GhostInAJar"}],"is_trial":false,"path_per_floor":["M","M","?","$","M","R","E","$","T","R","M","M","M","?","R","B",null,"M","$","?","M","?","R","E","R","T","M","M","M"],"character_chosen":"THE_SILENT","items_purchased":["TwistedFunnel","HandOfGreed","Toxic Egg 2","Poisoned Stab"],"campfire_rested":1,"item_purchase_floors":[4,8,19,19],"current_hp_per_floor":[70,59,52,52,52,52,37,37,37,37,28,26,11,16,16,9,75,59,59,59,47,47,47,17,39,46,40,24,0],"gold":100,"neow_bonus":"TWO_FIFTY_GOLD","is_prod":false,"is_daily":false,"chose_seed":false,"campfire_upgraded":4,"win_rate":0,"timestamp":1542764466,"path_taken":["M","M","?","$","M","R","E","$","T","R","M","M","?","?","R","BOSS","M","$","?","M","?","R","E","R","T","?","M","M"],"build_version":"2018-11-15","purchased_purges":1,"victory":false,"max_hp_per_floor":[70,70,70,70,70,70,70,70,70,70,70,70,70,75,75,75,75,75,75,75,75,75,75,75,75,82,82,82,82],"card_choices":[{"not_picked":["Dagger Spray","Well Laid Plans"],"picked":"Crippling Poison","floor":1},{"not_picked":["Dash","Blade Dance","Cloak And Dagger"],"picked":"SKIP","floor":2},{"not_picked":["Blade Dance","Leg Sweep"],"picked":"Bane","floor":5},{"not_picked":["Bane","Cloak And Dagger"],"picked":"Poisoned Stab","floor":7},{"not_picked":["Riddle With Holes","Well Laid Plans"],"picked":"Backflip","floor":11},{"not_picked":["Blade Dance","Quick Slash"],"picked":"Heel Hook","floor":12},{"not_picked":["Dagger Throw","Finisher","Underhanded Strike"],"picked":"SKIP","floor":13},{"not_picked":["Malaise","A Thousand Cuts"],"picked":"Corpse Explosion","floor":16},{"not_picked":["Underhanded Strike","Prepared","Blade Dance"],"picked":"SKIP","floor":18},{"not_picked":["Terror+1","Reflex+1"],"picked":"Poisoned Stab+1","floor":21},{"not_picked":["Infinite Blades","Cloak And Dagger+1"],"picked":"After Image","floor":24},{"not_picked":["Dodge and Roll+1","Choke"],"picked":"Catalyst+1","floor":27},{"not_picked":["Reflex+1","Underhanded Strike","Cloak And Dagger+1"],"picked":"SKIP","floor":28}],"player_experience":265974,"relics_obtained":[{"floor":7,"key":"MawBank"},{"floor":9,"key":"Omamori"},{"floor":24,"key":"Kunai"},{"floor":26,"key":"Strawberry"}],"event_choices":[{"damage_healed":0,"gold_gain":75,"player_choice":"Touch","damage_taken":7,"max_hp_gain":0,"max_hp_loss":0,"event_name":"FaceTrader","floor":3,"gold_loss":0},{"damage_healed":0,"gold_gain":0,"player_choice":"Donut","damage_taken":0,"max_hp_gain":5,"max_hp_loss":0,"event_name":"Big Fish","floor":14,"gold_loss":0},{"damage_healed":0,"gold_gain":0,"player_choice":"Stole Relic","damage_taken":0,"relics_obtained":["Art of War"],"max_hp_gain":0,"max_hp_loss":0,"event_name":"Addict","floor":20,"gold_loss":0,"cards_obtained":["Shame"]},{"damage_healed":0,"gold_gain":0,"player_choice":"Gave Potion","damage_taken":0,"relics_obtained":["Bird Faced Urn"],"max_hp_gain":0,"max_hp_loss":0,"event_name":"WeMeetAgain","floor":22,"gold_loss":0}],"is_beta":false,"boss_relics":[{"not_picked":["Orrery","Black Star"],"picked":"Velvet Choker"}],"items_purged_floors":[4],"is_endless":false,"potions_floor_spawned":[5,12,24],"killed_by":"Shelled Parasite and Fungi","ascension_level":3}