{"gold_per_floor":[111,126,138,158,158,158,189,189,189,114,124,124,124,124,124,224,224,238,251,251,251,251],"floor_reached":22,"playtime":678,"items_purged":["Strike_R"],"score":230,"play_id":"ceb6e665-0d12-4107-8848-0b72ab1c856e","local_time":"20190112214925","is_ascension_mode":true,"campfire_choices":[{"data":"Cleave","floor":6,"key":"SMITH"},{"data":"Body Slam","floor":8,"key":"SMITH"},{"data":"Flame Barrier","floor":12,"key":"SMITH"},{"data":"Flex","floor":15,"key":"SMITH"}],"neow_cost":"NONE","seed_source_timestamp":47550295263189,"circlet_count":0,"master_deck":["Strike_R","Strike_R","Strike_R","Defend_R","Defend_R","Defend_R","Defend_R","Bash","Cleave+1","Battle Trance","Flex+1","Clash","Body Slam+1","Flame Barrier+1","Parasite","Juggernaut","Burning Pact","Entrench","Sentinel"],"relics":["Burning Blood","Dream Catcher","Darkstone Periapt","Incense Burner","Runic Pyramid"],"potions_floor_usage":[7,16,22,22,22],"damage_taken":[{"damage":11,"enemies":"2 Louse","floor":1,"turns":3},{"damage":7,"enemies":"Jaw Worm","floor":2,"turns":3},{"damage":0,"enemies":"Small Slimes","floor":3,"turns":2},{"damage":11,"enemies":"Exordium Wildlife","floor":4,"turns":4},{"damage":30,"enemies":"Lagavulin","floor":7,"turns":5},{"damage":15,"enemies":"2 Fungi Beasts","floor":11,"turns":3},{"damage":29,"enemies":"Hexaghost","floor":16,"turns":7},{"damage":30,"enemies":"Chosen","floor":18,"turns":5},{"damage":25,"enemies":"2 Thieves","floor":19,"turns":5},{"damage":41,"enemies":"Snecko","floor":22,"turns":8}],"seed_played":"-1684198730777848641","potions_obtained":[{"floor":1,"key":"Energy Potion"},{"floor":7,"key":"PowerPotion"},{"floor":11,"key":"EssenceOfSteel"},{"floor":18,"key":"Block Potion"},{"floor":19,"key":"Fruit Juice"}],"is_trial":false,"path_per_floor":["M","M","M","M","?","R","E","R","T","$","M","R","?","?","R","B",null,"M","M","?","?","M"],"character_chosen":"IRONCLAD","items_purchased":[],"campfire_rested":0,"item_purchase_floors":[],"current_hp_per_floor":[75,74,80,75,75,75,51,51,51,51,42,42,68,68,68,45,76,52,33,33,33,0],"gold":251,"neow_bonus":"TRANSFORM_CARD","is_prod":false,"is_daily":false,"chose_seed":false,"campfire_upgraded":4,"win_rate":0,"timestamp":1547297365,"path_taken":["M","M","M","M","?","R","E","R","T","$","M","R","?","?","R","BOSS","M","M","?","?","M"],"build_version":"2019-01-10","purchased_purges":1,"victory":false,"max_hp_per_floor":[80,80,80,80,80,80,80,80,80,80,80,80,86,86,86,86,86,86,86,86,86,91],"card_choices":[{"not_picked":["Heavy Blade","Body Slam"],"picked":"Battle Trance","floor":1},{"not_picked":["Body Slam","Armaments"],"picked":"Flex","floor":2},{"not_picked":["Heavy Blade","Whirlwind"],"picked":"Clash","floor":3},{"not_picked":["Sword Boomerang","Whirlwind"],"picked":"Body Slam","floor":4},{"not_picked":["Flex","Anger"],"picked":"Flame Barrier","floor":7},{"not_picked":["Infernal Blade","Fire Breathing","Clothesline"],"picked":"SKIP","floor":11},{"not_picked":["Limit Break","Exhume"],"picked":"Juggernaut","floor":16},{"not_picked":["Headbutt","Flex"],"picked":"Burning Pact","floor":18},{"not_picked":["Wild Strike","Anger"],"picked":"Entrench","floor":19}],"player_experience":221913,"relics_obtained":[{"floor":7,"key":"Dream Catcher"},{"floor":9,"key":"Darkstone Periapt"}],"event_choices":[{"damage_healed":0,"gold_gain":0,"player_choice":"Ignored","damage_taken":0,"max_hp_gain":0,"max_hp_loss":0,"event_name":"Golden Idol","floor":5,"gold_loss":0},{"damage_healed":20,"gold_gain":0,"player_choice":"Healed and dodged fight","damage_taken":0,"max_hp_gain":0,"max_hp_loss":0,"event_name":"Mushrooms","floor":13,"gold_loss":0,"cards_obtained":["Parasite"]},{"damage_healed":0,"gold_gain":0,"player_choice":"Searched \u00271\u0027 times","damage_taken":0,"relics_obtained":["Incense Burner"],"max_hp_gain":0,"max_hp_loss":0,"event_name":"Dead Adventurer","floor":14,"gold_loss":0},{"damage_healed":0,"gold_gain":0,"player_choice":"Read","damage_taken":0,"max_hp_gain":0,"max_hp_loss":0,"event_name":"The Library","floor":20,"gold_loss":0,"cards_obtained":["Sentinel"]},{"damage_healed":0,"gold_gain":0,"player_choice":"Ignored","damage_taken":0,"max_hp_gain":0,"max_hp_loss":0,"event_name":"Ghosts","floor":21,"gold_loss":0}],"is_beta":false,"boss_relics":[{"not_picked":["Snecko Eye","Runic Cube"],"picked":"Runic Pyramid"}],"items_purged_floors":[10],"is_endless":false,"potions_floor_spawned":[1,7,11,18,19],"killed_by":"Snecko","ascension_level":5}