{"gold_per_floor":[114,114,128,228,245,245,264,293,316,316,333,333,89,102,102,203,203,217,6,20,34,51,51,71,71,71,71,89,49,49,67,67,171,221,238,26,42,0,0,0,29,46,46,46,81,44,44,54,54,54],"floor_reached":51,"playtime":3459,"items_purged":["Strike_B"],"score":1216,"play_id":"4e60bd94-fe99-4edf-8255-0cc37ffc02aa","local_time":"20190221093516","is_ascension_mode":true,"campfire_choices":[{"data":"Zap","floor":6.0,"key":"SMITH"},{"data":"White Noise","floor":12.0,"key":"SMITH"},{"floor":15.0,"key":"REST"},{"data":"Defragment","floor":23.0,"key":"SMITH"},{"data":"Buffer","floor":25.0,"key":"SMITH"},{"data":"Consume","floor":32.0,"key":"SMITH"},{"data":"Seek","floor":40,"key":"SMITH"},{"data":"Loop","floor":49,"key":"SMITH"}],"neow_cost":"NONE","seed_source_timestamp":0,"circlet_count":0,"master_deck":["AscendersBane","Defend_B","Defend_B","Defend_B","Zap+1","Dualcast+1","Consume+1","Capacitor+1","White Noise+1","Go for the Eyes+1","Echo Form","Chill","Coolheaded","Buffer+1","Defragment+1","Cold Snap+1","Conserve Battery","Bite","Bite+1","Bite","Bite","Bite","Seek+1","Loop+1","Madness","Madness","Barrage+1","Capacitor"],"special_seed":0,"relics":["Cracked Core","NeowsBlessing","Orichalcum","Happy Flower","Busted Crown","Mummified Hand","Tiny House","Bag of Marbles","Red Mask","Whetstone","Bottled Flame","Ancient Tea Set"],"potions_floor_usage":[45],"damage_taken":[{"damage":0.0,"enemies":"Small Slimes","floor":1.0,"turns":1.0},{"damage":0.0,"enemies":"Cultist","floor":3.0,"turns":1.0},{"damage":0.0,"enemies":"Jaw Worm","floor":5.0,"turns":1.0},{"damage":1.0,"enemies":"Lots of Slimes","floor":7.0,"turns":2.0},{"damage":31.0,"enemies":"3 Sentries","floor":8.0,"turns":7.0},{"damage":9.0,"enemies":"Looter","floor":11.0,"turns":3.0},{"damage":9.0,"enemies":"Blue Slaver","floor":14.0,"turns":4.0},{"damage":27.0,"enemies":"The Guardian","floor":16.0,"turns":11.0},{"damage":9.0,"enemies":"Spheric Guardian","floor":18.0,"turns":6.0},{"damage":0.0,"enemies":"Chosen","floor":20.0,"turns":7.0},{"damage":0.0,"enemies":"Snecko","floor":21.0,"turns":7.0},{"damage":10.0,"enemies":"Snake Plant","floor":22.0,"turns":6.0},{"damage":0.0,"enemies":"Centurion and Healer","floor":24.0,"turns":6.0},{"damage":6.0,"enemies":"Cultist and Chosen","floor":28.0,"turns":7.0},{"damage":0.0,"enemies":"Slavers","floor":30.0,"turns":1.0},{"damage":8.0,"enemies":"Snecko","floor":31.0,"turns":6.0},{"damage":30,"enemies":"Collector","floor":33,"turns":10},{"damage":9,"enemies":"3 Darklings","floor":35,"turns":7},{"damage":3,"enemies":"Orb Walker","floor":37,"turns":4},{"damage":0,"enemies":"Nemesis","floor":41,"turns":13},{"damage":0,"enemies":"Maw","floor":42,"turns":8},{"damage":0,"enemies":"Giant Head","floor":45,"turns":12},{"damage":5,"enemies":"3 Darklings","floor":48,"turns":8},{"damage":46,"enemies":"Time Eater","floor":50,"turns":15}],"seed_played":"-2516843420585412961","potions_obtained":[{"floor":3.0,"key":"Fire Potion"},{"floor":5.0,"key":"AttackPotion"},{"floor":7.0,"key":"Energy Potion"},{"floor":8.0,"key":"SpeedPotion"},{"floor":18.0,"key":"SmokeBomb"},{"floor":34,"key":"Ancient Potion"},{"floor":45,"key":"SpeedPotion"}],"is_trial":false,"path_per_floor":["M","?","M","?","M","R","M","E","T","?","M","R","$","M","R","B",null,"M","$","M","M","M","R","M","R","T","?","M","?","E","M","R","B",null,"M","$","M","?","?","R","E","M","T","?","E","$","?","M","R","B",null],"character_chosen":"DEFECT","items_purchased":["Echo Form","Chill","Coolheaded","Defragment","Cold Snap","Conserve Battery","Bag of Marbles","Loop","Capacitor"],"campfire_rested":1,"item_purchase_floors":[13,13,13,19,19,19,36,36,46],"current_hp_per_floor":[68,68,68,68,68,68,67,36,36,36,27,27,27,18,40,13,60,51,51,51,51,41,41,41,41,41,41,49,49,49,52,52,48,56,57,57,56,56,56,56,57,57,57,50,57,57,57,57,57,46],"gold":54,"neow_bonus":"THREE_ENEMY_KILL","is_prod":false,"is_daily":false,"chose_seed":false,"campfire_upgraded":7,"win_rate":0,"timestamp":1550770516,"path_taken":["M","?","?","?","?","R","M","E","T","?","M","R","$","M","R","BOSS","M","$","M","M","M","R","M","R","T","?","M","?","E","?","R","BOSS","M","$","M","?","?","R","E","M","T","?","E","?","?","M","R","BOSS"],"build_version":"2019-01-23","purchased_purges":1,"victory":true,"max_hp_per_floor":[75,75,75,75,75,75,75,75,75,75,75,75,75,75,75,75,75,75,75,75,75,75,75,75,75,75,52,52,52,52,52,52,52,57,57,57,57,57,57,57,57,57,57,57,57,57,57,57,57,57],"card_choices":[{"not_picked":["Redo","Ball Lightning"],"picked":"Consume","floor":1.0},{"not_picked":["Rip and Tear","Skim"],"picked":"Capacitor","floor":3.0},{"not_picked":["Barrage","Compile Driver"],"picked":"White Noise","floor":5.0},{"not_picked":["Storm","Doom and Gloom","Fission"],"picked":"SKIP","floor":7.0},{"not_picked":["Turbo","Aggregate"],"picked":"Go for the Eyes","floor":8.0},{"not_picked":["Rebound","Double Energy","Beam Cell"],"picked":"SKIP","floor":11.0},{"not_picked":["Turbo","Lockon","Steam"],"picked":"SKIP","floor":14.0},{"not_picked":["All For One","Thunder Strike"],"picked":"Buffer","floor":16.0},{"not_picked":["Aggregate"],"picked":"SKIP","floor":18.0},{"not_picked":["Aggregate+1"],"picked":"SKIP","floor":20.0},{"not_picked":["Go for the Eyes"],"picked":"SKIP","floor":21.0},{"not_picked":["Go for the Eyes"],"picked":"SKIP","floor":22.0},{"not_picked":["Hello World"],"picked":"SKIP","floor":24.0},{"not_picked":["Cold Snap"],"picked":"SKIP","floor":28.0},{"not_picked":["Compile Driver"],"picked":"SKIP","floor":31.0},{"not_picked":[],"picked":"Seek","floor":33},{"not_picked":["Turbo"],"picked":"SKIP","floor":35},{"not_picked":["Steam Power+1"],"picked":"SKIP","floor":37},{"not_picked":["Conserve Battery+1"],"picked":"SKIP","floor":41},{"not_picked":["Force Field"],"picked":"SKIP","floor":42},{"not_picked":[],"picked":"Barrage+1","floor":45},{"not_picked":["Beam Cell"],"picked":"SKIP","floor":48}],"player_experience":453751,"relics_obtained":[{"floor":8.0,"key":"Orichalcum"},{"floor":9.0,"key":"Happy Flower"},{"floor":26.0,"key":"Mummified Hand"},{"floor":41,"key":"Whetstone"},{"floor":43,"key":"Bottled Flame"},{"floor":45,"key":"Ancient Tea Set"}],"event_choices":[{"cards_removed":["Strike_B"],"damage_healed":0.0,"max_hp_gain":0.0,"max_hp_loss":0.0,"gold_gain":0.0,"event_name":"Purifier","player_choice":"Purged","floor":2.0,"gold_loss":0.0,"damage_taken":0.0},{"damage_healed":0.0,"max_hp_gain":0.0,"max_hp_loss":0.0,"gold_gain":100.0,"event_name":"Wheel of Change","player_choice":"Gold","floor":4.0,"gold_loss":0.0,"damage_taken":0.0},{"damage_healed":0.0,"max_hp_gain":0.0,"max_hp_loss":0.0,"gold_gain":0.0,"event_name":"Living Wall","player_choice":"Grow","floor":10.0,"gold_loss":0.0,"damage_taken":0.0,"cards_upgraded":["Dualcast"]},{"damage_healed":0.0,"max_hp_gain":0.0,"max_hp_loss":23.0,"gold_gain":0.0,"event_name":"Vampires","player_choice":"Became a vampire","floor":27.0,"gold_loss":0.0,"damage_taken":0.0,"cards_obtained":["Bite","Bite","Bite","Bite","Bite"]},{"damage_healed":0.0,"max_hp_gain":0.0,"max_hp_loss":0.0,"gold_gain":0.0,"event_name":"Designer","player_choice":"Upgrade","floor":29.0,"gold_loss":40.0,"damage_taken":0.0,"cards_upgraded":["Capacitor"]},{"damage_healed":0,"gold_gain":0,"player_choice":"Paid","damage_taken":0,"relics_obtained":["Red Mask"],"max_hp_gain":0,"max_hp_loss":0,"event_name":"Tomb of Lord Red Mask","floor":38,"gold_loss":42},{"damage_healed":0,"gold_gain":0,"player_choice":"Memory 1","damage_taken":0,"max_hp_gain":0,"max_hp_loss":0,"event_name":"SensoryStone","floor":39,"gold_loss":0},{"damage_healed":0,"gold_gain":0,"player_choice":"Embrace Madness","damage_taken":7,"max_hp_gain":0,"max_hp_loss":0,"event_name":"Winding Halls","floor":44,"gold_loss":0,"cards_obtained":["Madness","Madness"]},{"cards_removed":["Defend_B"],"damage_healed":0,"gold_gain":0,"player_choice":"Removed Skill","damage_taken":0,"max_hp_gain":0,"max_hp_loss":0,"event_name":"Falling","floor":47,"gold_loss":0}],"is_beta":false,"boss_relics":[{"not_picked":["Ectoplasm","Coffee Dripper"],"picked":"Busted Crown"},{"not_picked":["White Beast Statue","Nuclear Battery"],"picked":"Tiny House"}],"items_purged_floors":[19],"is_endless":false,"potions_floor_spawned":[3,5,7,8,16,18,20,22,24,41,42,45],"ascension_level":12}