{"gold_per_floor":[116,132,151,151,151,151,9,9,32,32,44,60,60,75,75,149,149,162,177,67,78,93,93,125,125,148,148,48,48,48,65,65,65],"floor_reached":33,"playtime":900,"items_purged":["Strike_R","Defend_R"],"score":494,"play_id":"429d12e1-f528-4902-a716-918b079eff52","local_time":"20190125133756","is_ascension_mode":true,"campfire_choices":[{"data":"Bash","floor":6,"key":"SMITH"},{"data":"Pummel","floor":10,"key":"SMITH"},{"data":"Battle Trance","floor":15,"key":"SMITH"},{"floor":23,"key":"REST"},{"data":"Double Tap","floor":25,"key":"SMITH"},{"floor":27,"key":"REST"},{"data":"Shrug It Off","floor":29,"key":"SMITH"},{"floor":32,"key":"REST"}],"neow_cost":"NONE","seed_source_timestamp":652035920718791,"circlet_count":0,"master_deck":["AscendersBane","Strike_R+1","Defend_R+1","Defend_R","Bash+1","Spot Weakness","Shrug It Off+1","Heavy Blade+1","Pummel+1","Cleave","Battle Trance+1","Double Tap+1","Flex+1","Cleave+1","Dropkick"],"relics":["White Beast Statue","PreservedInsect","Empty Cage","Omamori","Bag of Marbles"],"potions_floor_usage":[3,11,12,14,16,18,19,21,21,24,33,33],"damage_taken":[{"damage":15,"enemies":"Cultist","floor":1,"turns":5},{"damage":0,"enemies":"2 Louse","floor":2,"turns":3},{"damage":0,"enemies":"Small Slimes","floor":3,"turns":3},{"damage":1,"enemies":"2 Fungi Beasts","floor":11,"turns":4},{"damage":0,"enemies":"Blue Slaver","floor":12,"turns":2},{"damage":4,"enemies":"Exordium Thugs","floor":14,"turns":4},{"damage":24,"enemies":"Hexaghost","floor":16,"turns":7},{"damage":0,"enemies":"Chosen","floor":18,"turns":3},{"damage":0,"enemies":"Spheric Guardian","floor":19,"turns":1},{"damage":14,"enemies":"Centurion and Healer","floor":21,"turns":3},{"damage":23,"enemies":"Cultist and Chosen","floor":22,"turns":5},{"damage":22,"enemies":"Book of Stabbing","floor":24,"turns":3},{"damage":12,"enemies":"Shelled Parasite and Fungi","floor":31,"turns":2},{"damage":70,"enemies":"Collector","floor":33,"turns":3}],"seed_played":"-8746145252659739552","potions_obtained":[{"floor":1,"key":"LiquidBronze"},{"floor":2,"key":"Strength Potion"},{"floor":3,"key":"Ancient Potion"},{"floor":11,"key":"Strength Potion"},{"floor":12,"key":"EssenceOfSteel"},{"floor":14,"key":"Fire Potion"},{"floor":16,"key":"GamblersBrew"},{"floor":18,"key":"Poison Potion"},{"floor":19,"key":"Poison Potion"},{"floor":21,"key":"SteroidPotion"},{"floor":22,"key":"LiquidBronze"},{"floor":24,"key":"SteroidPotion"}],"is_trial":false,"path_per_floor":["M","M","M","?","?","R","$","?","T","R","M","M","$","M","R","B",null,"M","M","?","M","M","R","E","R","T","R","$","R","$","M","R","B"],"character_chosen":"IRONCLAD","items_purchased":["Pummel"],"campfire_rested":3,"item_purchase_floors":[7],"current_hp_per_floor":[53,53,53,30,23,23,23,48,48,48,47,47,47,43,43,19,61,61,61,61,47,24,46,24,24,24,46,46,46,46,34,56,0],"gold":65,"neow_bonus":"BOSS_RELIC","is_prod":false,"is_daily":false,"chose_seed":false,"campfire_upgraded":5,"win_rate":0,"timestamp":1548441476,"path_taken":["M","?","M","?","?","R","$","?","T","R","M","M","?","?","R","BOSS","M","?","?","M","M","R","E","R","T","R","$","R","$","M","R","BOSS"],"build_version":"2019-01-23","purchased_purges":2,"victory":false,"max_hp_per_floor":[75,75,75,75,75,75,75,75,75,75,75,75,75,75,75,75,75,75,75,75,75,75,75,75,75,75,75,75,75,75,75,75,75],"card_choices":[{"not_picked":["Disarm","Evolve"],"picked":"Spot Weakness","floor":1},{"not_picked":["Headbutt","Flex"],"picked":"Shrug It Off","floor":2},{"not_picked":["Spot Weakness","Anger"],"picked":"Heavy Blade","floor":3},{"not_picked":["Corruption","Clothesline","Clash"],"picked":"SKIP","floor":11},{"not_picked":["Havoc","Brutality"],"picked":"Cleave","floor":12},{"not_picked":["Intimidate","Armaments"],"picked":"Battle Trance","floor":14},{"not_picked":["Barricade","Demon Form"],"picked":"Double Tap","floor":16},{"not_picked":["Metallicize","Cleave+1"],"picked":"Flex+1","floor":18},{"not_picked":["Corruption","Cleave","Sword Boomerang"],"picked":"SKIP","floor":19},{"not_picked":["Twin Strike","Flame Barrier"],"picked":"Cleave+1","floor":21},{"not_picked":["Cleave","Twin Strike","Evolve"],"picked":"SKIP","floor":22},{"not_picked":["Cleave","Body Slam"],"picked":"Dropkick","floor":24},{"not_picked":["Armaments","Flex","Disarm"],"picked":"SKIP","floor":31}],"player_experience":440110,"relics_obtained":[{"floor":9,"key":"PreservedInsect"},{"floor":24,"key":"Omamori"},{"floor":26,"key":"Bag of Marbles"}],"event_choices":[{"damage_healed":0,"gold_gain":0,"player_choice":"Entered Light","damage_taken":23,"max_hp_gain":0,"max_hp_loss":0,"event_name":"Shining Light","floor":4,"gold_loss":0,"cards_upgraded":["Defend_R","Heavy Blade"]},{"cards_removed":["Strike_R"],"damage_healed":0,"gold_gain":0,"player_choice":"Card Removal","damage_taken":7,"max_hp_gain":0,"max_hp_loss":0,"event_name":"Golden Wing","floor":5,"gold_loss":0},{"damage_healed":25,"gold_gain":0,"player_choice":"Banana","damage_taken":0,"max_hp_gain":0,"max_hp_loss":0,"event_name":"Big Fish","floor":8,"gold_loss":0},{"cards_removed":["Strike_R"],"damage_healed":0,"gold_gain":0,"player_choice":"Upgrade and Remove","damage_taken":0,"max_hp_gain":0,"max_hp_loss":0,"event_name":"Designer","floor":20,"gold_loss":110,"cards_upgraded":["Strike_R"]}],"is_beta":false,"boss_relics":[{"not_picked":["Runic Dome","Orrery"],"picked":"Empty Cage"}],"items_purged_floors":[7,28],"is_endless":false,"potions_floor_spawned":[1,2,3,11,12,14,16,18,19,21,22,24,31],"killed_by":"Collector","ascension_level":15}