{"gold_per_floor":[117,132,82,82,9,42,55,55,55,70,82,82,93,149,149,222,222,242,254,254,103,118,118,148,73,145,145,155,155,184,204,204,282,282,295,295,308,70,70,70,80,80,80,91,91,107,120,120],"floor_reached":48,"playtime":2943,"items_purged":["Defend_B"],"score":782,"play_id":"0a9713ac-694b-42b7-aba1-3d09390b2f27","local_time":"20190224165150","is_ascension_mode":true,"campfire_choices":[{"data":"Sunder","floor":8.0,"key":"SMITH"},{"data":"Defragment","floor":12.0,"key":"SMITH"},{"data":"Dualcast","floor":15.0,"key":"SMITH"},{"data":"Defragment","floor":23,"key":"SMITH"},{"floor":27,"key":"REST"},{"data":"Capacitor","floor":29,"key":"SMITH"},{"floor":32,"key":"REST"},{"data":"Seek","floor":40,"key":"SMITH"},{"data":"Creative AI","floor":42,"key":"SMITH"},{"floor":45,"key":"REST"}],"neow_cost":"NONE","seed_source_timestamp":98889217217675,"circlet_count":0,"master_deck":["AscendersBane","Strike_B","Defend_B+1","Defend_B+1","Zap+1","Dualcast+1","Coolheaded","Cold Snap","Go for the Eyes","Conserve Battery","Sunder+1","Defragment+1","Creative AI+1","Defragment+1","White Noise+1","Consume+1","Seek+1","Loop","Genetic Algorithm","Defragment"],"special_seed":0,"relics":["FrozenCore","Emotion Chip","Bottled Lightning","Regal Pillow","Strawberry","Darkstone Periapt","PreservedInsect","Inserter","Pantograph","War Paint"],"potions_floor_usage":[22,22,30,35,41,41,47],"damage_taken":[{"damage":4.0,"enemies":"Small Slimes","floor":1.0,"turns":3.0},{"damage":0.0,"enemies":"2 Louse","floor":2.0,"turns":3.0},{"damage":17.0,"enemies":"3 Sentries","floor":6.0,"turns":13.0},{"damage":0.0,"enemies":"Cultist","floor":7.0,"turns":3.0},{"damage":4.0,"enemies":"Looter","floor":10.0,"turns":2.0},{"damage":7.0,"enemies":"Blue Slaver","floor":11.0,"turns":3.0},{"damage":0.0,"enemies":"3 Louse","floor":13.0,"turns":2.0},{"damage":8.0,"enemies":"The Guardian","floor":16.0,"turns":12.0},{"damage":12.0,"enemies":"Chosen","floor":18.0,"turns":5.0},{"damage":2.0,"enemies":"2 Thieves","floor":19.0,"turns":5.0},{"damage":8,"enemies":"Centurion and Healer","floor":22,"turns":10},{"damage":31,"enemies":"Gremlin Leader","floor":24,"turns":10},{"damage":15,"enemies":"Snake Plant","floor":28,"turns":7},{"damage":35,"enemies":"Slavers","floor":30,"turns":9},{"damage":1,"enemies":"Shelled Parasite and Fungi","floor":31,"turns":8},{"damage":10,"enemies":"Collector","floor":33,"turns":14},{"damage":6,"enemies":"3 Darklings","floor":35,"turns":7},{"damage":5,"enemies":"Orb Walker","floor":37,"turns":7},{"damage":21,"enemies":"3 Darklings","floor":41,"turns":8},{"damage":28,"enemies":"4 Shapes","floor":44,"turns":5},{"damage":4,"enemies":"Writhing Mass","floor":46,"turns":9},{"damage":38,"enemies":"Transient","floor":47,"turns":5},{"damage":8,"enemies":"3 Darklings","floor":48,"turns":1}],"seed_played":"-1687758274534949245","potions_obtained":[{"floor":1.0,"key":"Regen Potion"},{"floor":4.0,"key":"EssenceOfSteel"},{"floor":11.0,"key":"Weak Potion"},{"floor":13.0,"key":"EssenceOfSteel"},{"floor":18.0,"key":"Dexterity Potion"},{"floor":28,"key":"AttackPotion"},{"floor":31,"key":"Block Potion"},{"floor":33,"key":"Swift Potion"},{"floor":35,"key":"Block Potion"},{"floor":46,"key":"SneckoOil"}],"is_trial":false,"path_per_floor":["M","M","?","?","$","E","M","R","T","M","M","R","M","?","R","B",null,"M","M","?","$","M","R","E","$","T","R","M","R","E","M","R","B",null,"M","?","M","$","?","R","M","R","T","M","R","M","M","M"],"character_chosen":"DEFECT","items_purchased":["Go for the Eyes","Conserve Battery","Regal Pillow","Pantograph"],"campfire_rested":3,"item_purchase_floors":[5,5,21,38],"current_hp_per_floor":[64,64,64,64,64,62,62,62,62,58,51,51,51,51,51,43,67,55,53,53,53,45,45,21,21,21,60,45,45,10,9,48,38,71,65,65,60,60,60,60,39,39,39,11,50,46,8,0],"gold":120,"neow_bonus":"UPGRADE_CARD","is_prod":false,"is_daily":false,"chose_seed":false,"campfire_upgraded":7,"win_rate":0,"timestamp":1551055910,"path_taken":["M","M","?","?","$","E","M","R","T","?","M","R","M","?","R","BOSS","M","M","?","$","M","R","E","$","T","R","M","R","E","M","R","BOSS","M","?","M","$","?","R","M","R","T","?","R","M","M","?"],"build_version":"2019-01-23","purchased_purges":1,"victory":false,"max_hp_per_floor":[75,75,75,75,75,75,75,75,75,75,75,75,75,75,75,75,75,75,75,75,75,75,75,82,82,82,82,82,82,82,82,82,82,82,82,82,82,82,82,82,82,82,82,82,82,82,82,82],"card_choices":[{"not_picked":["Steam Power","Heatsinks"],"picked":"Coolheaded","floor":1.0},{"not_picked":["Gash","Compile Driver"],"picked":"Cold Snap","floor":2.0},{"not_picked":["Reprogram","Sweeping Beam"],"picked":"Sunder","floor":6.0},{"not_picked":["Leap","Cold Snap","Fusion"],"picked":"SKIP","floor":7.0},{"not_picked":["Compile Driver","Rebound","Sweeping Beam"],"picked":"SKIP","floor":10.0},{"not_picked":["Coolheaded","Leap"],"picked":"Defragment","floor":11.0},{"not_picked":["Leap","Darkness","Fusion"],"picked":"SKIP","floor":13.0},{"not_picked":["Chaos","Heatsinks"],"picked":"Capacitor","floor":18.0},{"not_picked":["Gash","Beam Cell","Rebound"],"picked":"SKIP","floor":19.0},{"not_picked":["Go for the Eyes","Sweeping Beam","Melter"],"picked":"SKIP","floor":22},{"not_picked":["Steam","Hello World"],"picked":"White Noise+1","floor":24},{"not_picked":["Coolheaded","Streamline+1"],"picked":"Consume+1","floor":28},{"not_picked":["Thunder Strike","Rebound","Redo"],"picked":"SKIP","floor":30},{"not_picked":["Barrage","Gash","Steam"],"picked":"SKIP","floor":31},{"not_picked":["Multi-Cast","Thunder Strike"],"picked":"Seek","floor":33},{"not_picked":["Gash","Stack+1"],"picked":"Loop","floor":35},{"not_picked":["Reprogram","Hologram","Recycle"],"picked":"SKIP","floor":37},{"not_picked":["Doom and Gloom","Leap","Hologram"],"picked":"SKIP","floor":41},{"not_picked":["Capacitor","Barrage"],"picked":"Defragment","floor":44},{"not_picked":["Rebound","Capacitor","Turbo"],"picked":"SKIP","floor":46},{"not_picked":["Creative AI","Cold Snap","Stack"],"picked":"SKIP","floor":47}],"player_experience":499300,"relics_obtained":[{"floor":6.0,"key":"Emotion Chip"},{"floor":9.0,"key":"Bottled Lightning"},{"floor":24,"key":"Strawberry"},{"floor":26,"key":"Darkstone Periapt"},{"floor":30,"key":"PreservedInsect"},{"floor":43,"key":"War Paint"}],"event_choices":[{"cards_removed":["Strike_B"],"damage_healed":0.0,"max_hp_gain":0.0,"max_hp_loss":0.0,"gold_gain":0.0,"event_name":"The Cleric","player_choice":"Card Removal","floor":3.0,"gold_loss":50.0,"damage_taken":0.0},{"damage_healed":0.0,"max_hp_gain":0.0,"max_hp_loss":0.0,"gold_gain":0.0,"event_name":"Lab","player_choice":"Got Potions","floor":4.0,"gold_loss":0.0,"damage_taken":0.0},{"damage_healed":0.0,"max_hp_gain":0.0,"max_hp_loss":0.0,"gold_gain":56.0,"event_name":"Golden Wing","player_choice":"Gained Gold","floor":14.0,"gold_loss":0.0,"damage_taken":0.0},{"damage_healed":0.0,"max_hp_gain":0.0,"max_hp_loss":0.0,"gold_gain":0.0,"cards_transformed":["Strike_B","Strike_B"],"event_name":"Drug Dealer","player_choice":"Became Test Subject","floor":20.0,"gold_loss":0.0,"damage_taken":0.0,"cards_obtained":["Creative AI","Defragment"]},{"cards_removed":["Capacitor"],"damage_healed":0,"gold_gain":0,"player_choice":"Removed Power","damage_taken":0,"max_hp_gain":0,"max_hp_loss":0,"event_name":"Falling","floor":36,"gold_loss":0},{"damage_healed":0,"gold_gain":0,"cards_transformed":["Defend_B"],"player_choice":"Transformed","damage_taken":0,"max_hp_gain":0,"max_hp_loss":0,"event_name":"Transmorgrifier","floor":39,"gold_loss":0,"cards_obtained":["Genetic Algorithm"]}],"is_beta":false,"boss_relics":[{"not_picked":["Tiny House","Ectoplasm"],"picked":"FrozenCore"},{"not_picked":["Pandora\u0027s Box","Coffee Dripper"],"picked":"Inserter"}],"items_purged_floors":[25],"is_endless":false,"potions_floor_spawned":[1,11,13,18,28,31,33,35,46],"killed_by":"3 Darklings","ascension_level":13}