{"gold_per_floor":[111,129,129,279,298,298,327,327,327,327],"floor_reached":10,"playtime":308,"items_purged":[],"score":116,"play_id":"d458c65e-67f1-4304-9353-8171dc78a0cc","local_time":"20190125171427","is_ascension_mode":true,"campfire_choices":[{"data":"Sentinel","floor":6,"key":"SMITH"}],"neow_cost":"CURSE","seed_source_timestamp":665620809769767,"circlet_count":0,"master_deck":["AscendersBane","Strike_R","Strike_R","Strike_R","Strike_R","Strike_R","Defend_R","Defend_R","Defend_R","Defend_R","Bash","Purity","PanicButton","Sentinel+1","Hemokinesis+1","Doubt","Ghostly Armor","Feel No Pain"],"relics":["Burning Blood","Thread and Needle","Frozen Egg 2"],"potions_floor_usage":[10],"damage_taken":[{"damage":4,"enemies":"2 Louse","floor":1,"turns":3},{"damage":10,"enemies":"Small Slimes","floor":2,"turns":6},{"damage":4,"enemies":"Cultist","floor":5,"turns":5},{"damage":57,"enemies":"Lagavulin","floor":7,"turns":11},{"damage":11,"enemies":"3 Sentries","floor":10,"turns":2}],"seed_played":"-1896995669035716888","potions_obtained":[{"floor":7,"key":"AttackPotion"}],"is_trial":false,"path_per_floor":["M","M","?","?","M","R","E","?","T","E"],"character_chosen":"IRONCLAD","items_purchased":[],"campfire_rested":0,"item_purchase_floors":[],"current_hp_per_floor":[70,66,59,59,61,61,10,10,10,0],"gold":327,"neow_bonus":"RANDOM_COLORLESS_2","is_prod":false,"is_daily":false,"chose_seed":false,"campfire_upgraded":1,"win_rate":0,"timestamp":1548454467,"path_taken":["M","M","?","?","M","R","E","?","T","E"],"build_version":"2019-01-23","purchased_purges":0,"victory":false,"max_hp_per_floor":[75,75,75,75,75,75,75,75,75,75],"card_choices":[{"not_picked":["Wild Strike","Thunderclap"],"picked":"Sentinel","floor":1},{"not_picked":["Thunderclap","Seeing Red"],"picked":"Hemokinesis","floor":2},{"not_picked":["Inflame","Sever Soul"],"picked":"Ghostly Armor","floor":5},{"not_picked":["Sword Boomerang","Anger"],"picked":"Feel No Pain","floor":7}],"player_experience":448370,"relics_obtained":[{"floor":7,"key":"Thread and Needle"},{"floor":9,"key":"Frozen Egg 2"}],"event_choices":[{"cards_removed":["Normality"],"damage_healed":0,"gold_gain":0,"player_choice":"Card Removal","damage_taken":7,"max_hp_gain":0,"max_hp_loss":0,"event_name":"Golden Wing","floor":3,"gold_loss":0},{"damage_healed":0,"gold_gain":150,"player_choice":"AGREE","damage_taken":0,"max_hp_gain":0,"max_hp_loss":0,"event_name":"Liars Game","floor":4,"gold_loss":0,"cards_obtained":["Doubt"]},{"damage_healed":0,"gold_gain":0,"player_choice":"Grow","damage_taken":0,"max_hp_gain":0,"max_hp_loss":0,"event_name":"Living Wall","floor":8,"gold_loss":0,"cards_upgraded":["Hemokinesis"]}],"is_beta":false,"boss_relics":[],"items_purged_floors":[],"is_endless":false,"potions_floor_spawned":[7],"killed_by":"3 Sentries","ascension_level":15}