{"gold_per_floor":[111,130,63,83,83,83,110,110,184,210,210,227,261,241,241,341,341,357,357,372,86,86,86,119,119,145,145,155,169,169,186,186,186],"floor_reached":33,"playtime":2930,"items_purged":["Defend_B"],"score":308,"play_id":"772e7edd-9e35-449f-a373-6999b9c4c507","local_time":"20181013204304","is_ascension_mode":false,"campfire_choices":[{"data":"Blizzard","floor":6,"key":"SMITH"},{"data":"Glacier","floor":11,"key":"SMITH"},{"data":"Coolheaded","floor":15,"key":"SMITH"},{"data":"Metamorphosis","floor":23,"key":"SMITH"},{"data":"Coolheaded","floor":25,"key":"SMITH"},{"data":"Dualcast","floor":27,"key":"SMITH"},{"data":"Tempest","floor":30,"key":"SMITH"},{"data":"Zap","floor":32,"key":"SMITH"}],"neow_cost":"","seed_source_timestamp":359948048708423,"circlet_count":0,"master_deck":["Defend_B","Defend_B","Defend_B","Zap+1","Dualcast+1","Glacier+1","Coolheaded+1","Blizzard+1","Amplify","Tempest+1","Self Repair+1","Coolheaded+1","Cold Snap+1","Echo Form+1","Storm+1","Bite+1","Bite+1","Bite+1","Bite+1","Bite+1","Metamorphosis+1","Loop+1","Blizzard+1"],"relics":["Cracked Core","Frozen Egg 2","Singing Bowl","Molten Egg 2","Incense Burner","Whetstone","Inserter","Orichalcum","Centennial Puzzle"],"potions_floor_usage":[10,16,24,24,28],"damage_taken":[{"damage":3,"enemies":"Jaw Worm","floor":1,"turns":3},{"damage":0,"enemies":"Cultist","floor":2,"turns":4},{"damage":0,"enemies":"2 Louse","floor":4,"turns":3},{"damage":8,"enemies":"3 Sentries","floor":7,"turns":8},{"damage":22,"enemies":"Gremlin Nob","floor":10,"turns":4},{"damage":4,"enemies":"Exordium Thugs","floor":12,"turns":7},{"damage":22,"enemies":"3 Sentries","floor":13,"turns":8},{"damage":35,"enemies":"The Guardian","floor":16,"turns":11},{"damage":14,"enemies":"Spheric Guardian","floor":18,"turns":6},{"damage":1,"enemies":"Shell Parasite","floor":20,"turns":7},{"damage":48,"enemies":"Slavers","floor":24,"turns":6},{"damage":11,"enemies":"Snake Plant","floor":28,"turns":6},{"damage":17,"enemies":"Sentry and Sphere","floor":29,"turns":5},{"damage":25,"enemies":"3 Cultists","floor":31,"turns":5},{"damage":59,"enemies":"Automaton","floor":33,"turns":6}],"seed_played":"-7910549575880852381","potions_obtained":[{"floor":1,"key":"FearPotion"},{"floor":10,"key":"Fire Potion"},{"floor":12,"key":"SteroidPotion"},{"floor":14,"key":"Weak Potion"},{"floor":18,"key":"Block Potion"},{"floor":20,"key":"EssenceOfSteel"}],"is_trial":false,"path_per_floor":["M","M","$","M","?","R","E","T","T","E","R","M","E","?","R","B",null,"M","?","M","$","?","R","E","R","T","R","M","M","R","M","R"],"character_chosen":"DEFECT","items_purchased":["Blizzard","Metamorphosis"],"campfire_rested":0,"item_purchase_floors":[3,21],"current_hp_per_floor":[72,72,72,72,72,72,64,64,64,42,42,58,56,56,56,21,75,75,52,54,54,54,54,34,34,34,34,58,53,53,50,50,0],"gold":186,"neow_bonus":"","is_prod":false,"is_daily":false,"chose_seed":false,"campfire_upgraded":8,"win_rate":0.0,"timestamp":1539477784,"path_taken":["M","M","$","M","?","R","E","?","T","E","R","M","E","?","R","BOSS","M","?","M","$","?","R","E","R","T","R","M","?","R","?","R","BOSS"],"build_version":"2018-10-11","purchased_purges":1,"victory":false,"max_hp_per_floor":[75,75,75,75,75,75,75,75,75,75,75,75,75,75,75,75,75,75,52,54,54,54,54,56,56,56,56,58,60,60,60,60,60],"card_choices":[{"not_picked":["Rebound","Steam"],"picked":"Glacier","floor":1},{"not_picked":["Aggregate","White Noise"],"picked":"Coolheaded","floor":2},{"not_picked":["Melter","Beam Cell"],"picked":"Hologram","floor":4},{"not_picked":["Ball Lightning","Streamline"],"picked":"Tempest","floor":7},{"not_picked":["Reinforced Body","BootSequence"],"picked":"Self Repair+1","floor":10},{"not_picked":["White Noise","Hologram"],"picked":"Coolheaded","floor":12},{"not_picked":["Conserve Battery","Tempest"],"picked":"Cold Snap+1","floor":13},{"not_picked":["Creative AI+1","Buffer+1"],"picked":"Echo Form+1","floor":16},{"not_picked":["Stack","Barrage+1"],"picked":"Storm+1","floor":18},{"not_picked":["Conserve Battery","Steam+1","Barrage+1"],"picked":"Singing Bowl","floor":20},{"not_picked":["Undo","Force Field","Genetic Algorithm+1"],"picked":"Singing Bowl","floor":24},{"not_picked":["Go for the Eyes+1","Redo","Double Energy"],"picked":"Singing Bowl","floor":28},{"not_picked":["Stack","Sweeping Beam+1","Hologram+1"],"picked":"Singing Bowl","floor":29},{"not_picked":["Chaos","Reprogram"],"picked":"Blizzard+1","floor":31}],"player_experience":141928,"relics_obtained":[{"floor":7,"key":"Frozen Egg 2"},{"floor":8,"key":"Singing Bowl"},{"floor":9,"key":"Molten Egg 2"},{"floor":10,"key":"Incense Burner"},{"floor":13,"key":"Whetstone"},{"floor":24,"key":"Orichalcum"},{"floor":26,"key":"Centennial Puzzle"}],"event_choices":[{"event_name":"Transmorgrifier","player_choice":"Transform","floor":5,"damage_taken":0},{"event_name":"The Woman in Blue","player_choice":"Bought 1 Potion","floor":14,"damage_taken":0},{"event_name":"Vampires","player_choice":"Became a vampire","floor":19,"damage_taken":0},{"event_name":"The Library","player_choice":"Read","floor":22,"damage_taken":0}],"is_beta":false,"boss_relics":[{"not_picked":["Ectoplasm","Runic Dome"],"picked":"Inserter"}],"items_purged_floors":[21],"is_endless":false,"potions_floor_spawned":[1,10,12,18,20],"killed_by":"Automaton","ascension_level":0}