{"gold_per_floor":[119,119,31,31,42,42,75,75,75,101,25,40,40,67,67,67],"floor_reached":16,"playtime":943,"items_purged":[],"score":215,"play_id":"bbb0a6dc-e7ae-40e2-934f-ff99f10b4661","local_time":"20190303152318","is_ascension_mode":true,"campfire_choices":[{"data":"Armaments","floor":6,"key":"SMITH"},{"floor":8,"key":"REST"},{"data":"Mayhem","floor":13,"key":"SMITH"},{"data":"Shockwave","floor":15,"key":"SMITH"}],"neow_cost":"PERCENT_DAMAGE","seed_source_timestamp":235840684616005,"circlet_count":0,"master_deck":["AscendersBane","Strike_R","Strike_R","Strike_R","Strike_R+1","Strike_R","Defend_R","Defend_R","Defend_R","Defend_R","Bash","Dramatic Entrance+1","Mayhem+1","Ghostly Armor","Armaments+1","Shockwave+1","Shrug It Off","Iron Wave","Reaper+1","Body Slam+1","Disarm"],"relics":["Burning Blood","Anchor","Molten Egg 2","Vajra","Meat on the Bone"],"potions_floor_usage":[7],"damage_taken":[{"damage":0,"enemies":"Small Slimes","floor":1,"turns":2},{"damage":0,"enemies":"2 Louse","floor":5,"turns":2},{"damage":32,"enemies":"3 Sentries","floor":7,"turns":9},{"damage":18,"enemies":"Gremlin Nob","floor":10,"turns":5},{"damage":0,"enemies":"Cultist","floor":12,"turns":3},{"damage":7,"enemies":"Lagavulin","floor":14,"turns":6},{"damage":80,"enemies":"Slime Boss","floor":16,"turns":12}],"seed_played":"5224515013407208840","potions_obtained":[{"floor":4,"key":"FairyPotion"},{"floor":4,"key":"PowerPotion"},{"floor":7,"key":"FearPotion"},{"floor":14,"key":"SmokeBomb"}],"is_trial":false,"path_per_floor":["M","?","$","?","M","R","E","R","T","E","$","M","R","E","R","B"],"character_chosen":"IRONCLAD","items_purchased":["Armaments","Shockwave","Reaper+1"],"campfire_rested":1,"item_purchase_floors":[3,3,11],"current_hp_per_floor":[56,33,33,33,39,39,13,35,35,23,23,38,38,46,46,0],"gold":67,"neow_bonus":"RANDOM_COLORLESS_2","is_prod":false,"is_daily":false,"chose_seed":false,"campfire_upgraded":3,"win_rate":0,"timestamp":1551655398,"path_taken":["M","?","$","?","?","R","E","R","T","E","$","M","R","E","R","BOSS"],"build_version":"2019-01-23","purchased_purges":0,"victory":false,"max_hp_per_floor":[75,75,75,75,75,75,75,75,75,75,75,75,75,75,75,75],"card_choices":[{"not_picked":["Pommel Strike","Twin Strike"],"picked":"Ghostly Armor","floor":1},{"not_picked":["Warcry","Headbutt"],"picked":"Shrug It Off","floor":5},{"not_picked":["Corruption","Thunderclap"],"picked":"Iron Wave","floor":7},{"not_picked":["Combust","Thunderclap+1","Feel No Pain"],"picked":"SKIP","floor":10},{"not_picked":["Headbutt+1","Entrench"],"picked":"Body Slam+1","floor":12},{"not_picked":["Armaments","Wild Strike+1"],"picked":"Disarm","floor":14}],"player_experience":596842,"relics_obtained":[{"floor":7,"key":"Anchor"},{"floor":9,"key":"Molten Egg 2"},{"floor":10,"key":"Vajra"},{"floor":14,"key":"Meat on the Bone"}],"event_choices":[{"damage_healed":0,"gold_gain":0,"player_choice":"Entered Light","damage_taken":23,"max_hp_gain":0,"max_hp_loss":0,"event_name":"Shining Light","floor":2,"gold_loss":0,"cards_upgraded":["Dramatic Entrance","Strike_R"]},{"damage_healed":0,"gold_gain":0,"player_choice":"Got Potions","damage_taken":0,"max_hp_gain":0,"max_hp_loss":0,"event_name":"Lab","floor":4,"gold_loss":0}],"is_beta":false,"boss_relics":[],"items_purged_floors":[],"is_endless":false,"potions_floor_spawned":[5,7,14],"killed_by":"Slime Boss","ascension_level":17}