{"gold_per_floor":[109,34,34,47,60,95,155,187,187,187,212,212,115,132,132,209,209,222,222,222,222,222,247,247,280,280,295,20,20,20,38,38,109,109,125,173,173,98,0,28,28,47,47,47,0,0,19,32,32,32],"floor_reached":51,"playtime":3237,"items_purged":["Writhe"],"score":1285,"play_id":"42ad2a13-0911-469c-a459-db504c413e04","local_time":"20190128082200","is_ascension_mode":true,"campfire_choices":[{"floor":12.0,"key":"REST"},{"data":"Defragment","floor":15.0,"key":"SMITH"},{"data":"Chill","floor":24.0,"key":"SMITH"},{"data":"Sunder","floor":30.0,"key":"SMITH"},{"floor":32.0,"key":"REST"},{"floor":41,"key":"REST"},{"data":"Zap","floor":46,"key":"SMITH"},{"floor":49,"key":"REST"}],"neow_cost":"NONE","seed_source_timestamp":340020822726896,"circlet_count":0,"master_deck":["AscendersBane","Zap+1","Dualcast","Defragment+1","Leap+1","Coolheaded","Chill+1","Multi-Cast","Beam Cell","Echo Form","Cold Snap","Go for the Eyes","Core Surge","Blizzard","All For One","Electrodynamics","Gash","Auto Shields","All For One","Streamline","Cold Snap","RitualDagger","Necronomicurse","Sunder+1","Fusion+1","Gash","All For One","Static Discharge+1","Echo Form+1","Gash","White Noise+1","Leap+1","Gash+1","Rebound","Stack","Beam Cell"],"special_seed":0,"relics":["Cracked Core","Blood Vial","Shuriken","Pear","Bag of Marbles","Bottled Flame","Turnip","Pandora\u0027s Box","Necronomicon","Mercury Hourglass","Potion Belt","Calipers","Frozen Egg 2","Strange Spoon","Bottled Tornado","Inserter","Dead Branch","Red Mask","Pantograph","Sundial"],"potions_floor_usage":[50,50,50,50,50,50],"damage_taken":[{"damage":9.0,"enemies":"2 Louse","floor":1.0,"turns":3.0},{"damage":0.0,"enemies":"Jaw Worm","floor":4.0,"turns":4.0},{"damage":4.0,"enemies":"Small Slimes","floor":5.0,"turns":4.0},{"damage":15.0,"enemies":"Lagavulin","floor":6.0,"turns":10.0},{"damage":21.0,"enemies":"Lagavulin Event","floor":7.0,"turns":8.0},{"damage":14.0,"enemies":"3 Sentries","floor":8.0,"turns":14.0},{"damage":16.0,"enemies":"Lagavulin","floor":11.0,"turns":7.0},{"damage":0.0,"enemies":"3 Louse","floor":14.0,"turns":4.0},{"damage":25.0,"enemies":"The Guardian","floor":16.0,"turns":13.0},{"damage":0.0,"enemies":"Spheric Guardian","floor":18.0,"turns":3.0},{"damage":23.0,"enemies":"Book of Stabbing","floor":23.0,"turns":7.0},{"damage":12.0,"enemies":"Slavers","floor":25.0,"turns":6.0},{"damage":0.0,"enemies":"Chosen","floor":27.0,"turns":2.0},{"damage":0.0,"enemies":"Centurion and Healer","floor":31.0,"turns":4.0},{"damage":22.0,"enemies":"Collector","floor":33.0,"turns":8.0},{"damage":14.0,"enemies":"3 Shapes","floor":35.0,"turns":4.0},{"damage":52,"enemies":"2 Orb Walkers","floor":36,"turns":4},{"damage":19,"enemies":"Reptomancer","floor":40,"turns":6},{"damage":6,"enemies":"Orb Walker","floor":42,"turns":2},{"damage":10,"enemies":"3 Darklings","floor":47,"turns":4},{"damage":22,"enemies":"Jaw Worm Horde","floor":48,"turns":4},{"damage":73,"enemies":"Awakened One","floor":50,"turns":10}],"seed_played":"-4414630377563389741","potions_obtained":[{"floor":4.0,"key":"Block Potion"},{"floor":5.0,"key":"SteroidPotion"},{"floor":8.0,"key":"Regen Potion"},{"floor":11.0,"key":"FairyPotion"},{"floor":23.0,"key":"Fire Potion"},{"floor":27.0,"key":"Energy Potion"},{"floor":33.0,"key":"GamblersBrew"},{"floor":47,"key":"Explosive Potion"},{"floor":48,"key":"EntropicBrew"}],"is_trial":false,"path_per_floor":["M","?","?","M","M","E","?","E","T","?","E","R","?","M","R","B",null,"M","?","?","?","T","E","R","E","T","M","$","T","R","M","R","B",null,"M","?","?","$","?","E","R","M","T","?","$","R","M","M","R","B",null],"character_chosen":"DEFECT","items_purchased":["Strange Spoon","All For One","Rebound"],"campfire_rested":4,"item_purchase_floors":[28,28,45],"current_hp_per_floor":[55,55,55,55,51,36,17,15,15,15,16,40,40,42,42,19,66,68,68,62,41,41,20,20,10,10,12,12,12,12,14,38,18,65,53,3,19,19,19,2,26,22,22,66,66,66,56,36,55,6],"gold":32,"neow_bonus":"THREE_CARDS","is_prod":false,"is_daily":false,"chose_seed":false,"campfire_upgraded":4,"win_rate":0,"timestamp":1548660120,"path_taken":["M","?","?","M","M","E","?","E","T","?","E","R","?","M","R","BOSS","M","?","?","?","?","E","R","E","T","M","$","?","R","?","R","BOSS","M","?","?","$","?","E","R","M","T","?","$","R","?","M","R","BOSS"],"build_version":"2019-01-23","purchased_purges":1,"victory":true,"max_hp_per_floor":[71,71,71,71,71,71,71,81,81,81,81,81,81,81,81,81,81,81,81,81,81,81,81,81,81,81,81,81,81,81,81,81,81,81,81,81,81,81,81,81,81,81,81,66,66,66,66,66,66,66],"card_choices":[{"not_picked":["Beam Cell","Redo"],"picked":"Defragment","floor":0.0},{"not_picked":["Coolheaded","Compile Driver"],"picked":"Leap","floor":1.0},{"not_picked":["Redo","Barrage"],"picked":"Coolheaded","floor":4.0},{"not_picked":["Barrage","Compile Driver"],"picked":"Chill","floor":5.0},{"not_picked":["Coolheaded","Turbo"],"picked":"Multi-Cast","floor":6.0},{"not_picked":["Self Repair","Conserve Battery"],"picked":"Beam Cell","floor":7.0},{"not_picked":["Gash","BootSequence"],"picked":"Echo Form","floor":8.0},{"not_picked":["Coolheaded","White Noise"],"picked":"Cold Snap","floor":11.0},{"not_picked":["Barrage","Double Energy"],"picked":"Go for the Eyes","floor":14.0},{"not_picked":["Multi-Cast","All For One"],"picked":"Core Surge","floor":16.0},{"not_picked":["Aggregate","Steam"],"picked":"Cold Snap","floor":18.0},{"not_picked":["Conserve Battery","Reboot"],"picked":"Sunder","floor":23.0},{"not_picked":["Consume","Beam Cell+1"],"picked":"Fusion+1","floor":25.0},{"not_picked":["Rebound","Go for the Eyes"],"picked":"Gash","floor":27.0},{"not_picked":["Biased Cognition+1","Compile Driver"],"picked":"Static Discharge+1","floor":31.0},{"not_picked":["Multi-Cast","Core Surge"],"picked":"Echo Form+1","floor":33.0},{"not_picked":["Hologram","Darkness"],"picked":"Gash","floor":35.0},{"not_picked":["Skim","Compile Driver"],"picked":"White Noise+1","floor":36},{"not_picked":["Rebound","Melter"],"picked":"Leap+1","floor":40},{"not_picked":["Darkness","White Noise"],"picked":"Gash+1","floor":42},{"not_picked":["Coolheaded","Melter"],"picked":"Stack","floor":47},{"not_picked":["Sweeping Beam+1","Turbo"],"picked":"Beam Cell","floor":48}],"player_experience":609644,"relics_obtained":[{"floor":6.0,"key":"Blood Vial"},{"floor":7.0,"key":"Shuriken"},{"floor":8.0,"key":"Pear"},{"floor":9.0,"key":"Bag of Marbles"},{"floor":11.0,"key":"Bottled Flame"},{"floor":21.0,"key":"Necronomicon"},{"floor":22.0,"key":"Mercury Hourglass"},{"floor":23.0,"key":"Potion Belt"},{"floor":25.0,"key":"Calipers"},{"floor":26.0,"key":"Frozen Egg 2"},{"floor":29.0,"key":"Bottled Tornado"},{"floor":36,"key":"Dead Branch"},{"floor":40,"key":"Pantograph"},{"floor":43,"key":"Sundial"}],"event_choices":[{"cards_removed":["Defend_B"],"damage_healed":0.0,"max_hp_gain":0.0,"max_hp_loss":0.0,"gold_gain":0.0,"event_name":"The Cleric","player_choice":"Card Removal","floor":2.0,"gold_loss":75.0,"damage_taken":0.0},{"damage_healed":0.0,"max_hp_gain":0.0,"max_hp_loss":0.0,"gold_gain":0.0,"event_name":"Living Wall","player_choice":"Grow","floor":3.0,"gold_loss":0.0,"damage_taken":0.0,"cards_upgraded":["Leap"]},{"damage_healed":0.0,"max_hp_gain":0.0,"max_hp_loss":0.0,"gold_gain":0.0,"event_name":"Dead Adventurer","player_choice":"Searched \u00271\u0027 times","floor":7.0,"gold_loss":0.0,"damage_taken":0.0},{"damage_healed":0.0,"max_hp_gain":0.0,"max_hp_loss":0.0,"gold_gain":0.0,"event_name":"Golden Wing","player_choice":"Ignored","floor":10.0,"gold_loss":0.0,"damage_taken":0.0},{"damage_healed":0.0,"max_hp_gain":0.0,"max_hp_loss":0.0,"gold_gain":0.0,"event_name":"WeMeetAgain","player_choice":"Paid Gold","floor":13.0,"gold_loss":97.0,"damage_taken":0.0,"relics_obtained":["Turnip"]},{"damage_healed":0.0,"max_hp_gain":0.0,"max_hp_loss":0.0,"gold_gain":0.0,"event_name":"Back to Basics","player_choice":"Simplicity","floor":19.0,"gold_loss":0.0,"damage_taken":0.0,"cards_upgraded":[]},{"damage_healed":0.0,"max_hp_gain":0.0,"max_hp_loss":0.0,"gold_gain":0.0,"event_name":"Nest","player_choice":"Joined the Cult","floor":20.0,"gold_loss":0.0,"damage_taken":6.0,"cards_obtained":["RitualDagger"]},{"damage_healed":0.0,"max_hp_gain":0.0,"max_hp_loss":0.0,"gold_gain":0.0,"event_name":"Cursed Tome","player_choice":"Obtained Book","floor":21.0,"gold_loss":0.0,"damage_taken":21.0},{"damage_healed":0,"gold_gain":0,"player_choice":"Fight","damage_taken":0,"max_hp_gain":0,"max_hp_loss":0,"event_name":"Mysterious Sphere","floor":36,"gold_loss":0},{"damage_healed":16,"gold_gain":0,"player_choice":"Writhe","damage_taken":0,"max_hp_gain":0,"max_hp_loss":0,"event_name":"Winding Halls","floor":37,"gold_loss":0,"cards_obtained":["Writhe"]},{"damage_healed":0,"gold_gain":0,"player_choice":"Paid","damage_taken":0,"relics_obtained":["Red Mask"],"max_hp_gain":0,"max_hp_loss":0,"event_name":"Tomb of Lord Red Mask","floor":39,"gold_loss":98},{"damage_healed":66,"gold_gain":0,"player_choice":"Heal","damage_taken":0,"max_hp_gain":0,"max_hp_loss":15,"event_name":"The Moai Head","floor":44,"gold_loss":0}],"is_beta":false,"boss_relics":[{"not_picked":["Astrolabe","Sozu"],"picked":"Pandora\u0027s Box"},{"not_picked":["Busted Crown","Calling Bell"],"picked":"Inserter"}],"items_purged_floors":[38],"is_endless":false,"potions_floor_spawned":[4,5,8,11,23,27,33,47,48],"ascension_level":15}