{"gold_per_floor":[109,109,109,127,127,127,161,175,175,175,196,196,196,23,23,154,217,237,262,276,276],"floor_reached":21,"playtime":618,"items_purged":[],"score":306,"play_id":"3e0a34d1-5909-489f-b302-151d05fa0c08","local_time":"20190216154552","is_ascension_mode":true,"campfire_choices":[{"data":"Zap","floor":6,"key":"SMITH"},{"data":"Dualcast","floor":10,"key":"SMITH"},{"data":"Capacitor","floor":12,"key":"SMITH"},{"floor":15,"key":"REST"}],"neow_cost":"NONE","seed_source_timestamp":201490437342920,"circlet_count":0,"master_deck":["AscendersBane","Strike_B+1","Strike_B+1","Strike_B","Strike_B+1","Defend_B","Defend_B","Defend_B","Defend_B","Zap+1","Dualcast+1","Conserve Battery+1","Injury","Capacitor+1","Conserve Battery","Seek","Cold Snap","Multi-Cast"],"relics":["Cracked Core","NeowsBlessing","Cables","Golden Idol","Symbiotic Virus","Torii","DataDisk","Tiny House"],"potions_floor_usage":[20,21,21],"damage_taken":[{"damage":0,"enemies":"2 Louse","floor":1,"turns":1},{"damage":0,"enemies":"Jaw Worm","floor":4,"turns":1},{"damage":0,"enemies":"Lagavulin","floor":7,"turns":1},{"damage":6,"enemies":"Cultist","floor":8,"turns":4},{"damage":11,"enemies":"3 Louse","floor":11,"turns":3},{"damage":6,"enemies":"Hexaghost","floor":16,"turns":7},{"damage":2,"enemies":"Chosen","floor":18,"turns":5},{"damage":9,"enemies":"Shell Parasite","floor":19,"turns":5},{"damage":11,"enemies":"Shelled Parasite and Fungi","floor":20,"turns":4},{"damage":56,"enemies":"Masked Bandits","floor":21,"turns":4}],"seed_played":"8267818749315663686","potions_obtained":[{"floor":1,"key":"Block Potion"},{"floor":17,"key":"EssenceOfSteel"},{"floor":19,"key":"AttackPotion"}],"is_trial":false,"path_per_floor":["M","?","?","M","?","R","E","M","T","R","M","R","?","$","R","B",null,"M","M","M","?"],"character_chosen":"DEFECT","items_purchased":["DataDisk","Conserve Battery"],"campfire_rested":1,"item_purchase_floors":[14,14],"current_hp_per_floor":[68,53,50,50,50,50,50,44,44,44,33,33,33,33,55,49,74,72,63,52,0],"gold":276,"neow_bonus":"THREE_ENEMY_KILL","is_prod":false,"is_daily":false,"chose_seed":false,"campfire_upgraded":3,"win_rate":0,"timestamp":1550360752,"path_taken":["M","?","?","?","?","R","E","M","T","R","M","R","?","$","R","BOSS","M","M","?","?"],"build_version":"2019-01-23","purchased_purges":0,"victory":false,"max_hp_per_floor":[75,75,75,75,75,75,75,75,75,75,75,75,75,75,75,75,80,80,80,80,80],"card_choices":[{"not_picked":["Hello World","Steam","Redo"],"picked":"SKIP","floor":1},{"not_picked":["Hello World","Compile Driver"],"picked":"Conserve Battery","floor":4},{"not_picked":["Recycle","Leap","Steam"],"picked":"SKIP","floor":7},{"not_picked":["Redo","Streamline","Heatsinks"],"picked":"SKIP","floor":8},{"not_picked":["Leap","Conserve Battery"],"picked":"Capacitor","floor":11},{"not_picked":["Meteor Strike","Buffer"],"picked":"Seek","floor":16},{"not_picked":["Blizzard+1","Redo","Conserve Battery"],"picked":"SKIP","floor":18},{"not_picked":["Aggregate","Compile Driver"],"picked":"Cold Snap","floor":19},{"not_picked":["Doom and Gloom","Sweeping Beam"],"picked":"Multi-Cast","floor":20}],"player_experience":395988,"relics_obtained":[{"floor":7,"key":"Symbiotic Virus"},{"floor":9,"key":"Torii"}],"event_choices":[{"damage_healed":0,"gold_gain":0,"player_choice":"Entered Light","damage_taken":15,"max_hp_gain":0,"max_hp_loss":0,"event_name":"Shining Light","floor":2,"gold_loss":0,"cards_upgraded":["Strike_B","Strike_B"]},{"damage_healed":0,"gold_gain":0,"player_choice":"Success","damage_taken":3,"relics_obtained":["Cables"],"max_hp_gain":0,"max_hp_loss":0,"event_name":"Scrap Ooze","floor":3,"gold_loss":0},{"damage_healed":0,"gold_gain":0,"player_choice":"Take Wound","damage_taken":0,"relics_obtained":["Golden Idol"],"max_hp_gain":0,"max_hp_loss":0,"event_name":"Golden Idol","floor":5,"gold_loss":0,"cards_obtained":["Injury"]},{"damage_healed":0,"gold_gain":0,"player_choice":"Upgraded","damage_taken":0,"max_hp_gain":0,"max_hp_loss":0,"event_name":"Upgrade Shrine","floor":13,"gold_loss":0,"cards_upgraded":["Conserve Battery"]},{"damage_healed":0,"gold_gain":0,"player_choice":"Fought Bandits","damage_taken":0,"max_hp_gain":0,"max_hp_loss":0,"event_name":"Masked Bandits","floor":21,"gold_loss":0}],"is_beta":false,"boss_relics":[{"not_picked":["Eternal Feather","Astrolabe"],"picked":"Tiny House"}],"items_purged_floors":[],"is_endless":false,"potions_floor_spawned":[1,19],"killed_by":"Masked Bandits","ascension_level":10}