{"gold_per_floor":[211,227,227,238,254,269,269,299,299,374,155,155,165,181,181,181],"floor_reached":16,"playtime":489,"items_purged":["Strike_B"],"score":172,"play_id":"472eed43-d201-4e13-aef3-175ae9eb05f9","local_time":"20190224171114","is_ascension_mode":true,"campfire_choices":[{"data":"Zap","floor":7.0,"key":"SMITH"},{"floor":12,"key":"REST"},{"data":"Dualcast","floor":15,"key":"SMITH"}],"neow_cost":"NONE","seed_source_timestamp":102524404662379,"circlet_count":0,"master_deck":["AscendersBane","Strike_B","Strike_B","Defend_B","Defend_B","Defend_B","Defend_B","Zap+1","Dualcast+1","Go for the Eyes","Capacitor","All For One","Double Energy"],"special_seed":0,"relics":["Cracked Core","Regal Pillow","Pear","Anchor"],"potions_floor_usage":[16],"damage_taken":[{"damage":2.0,"enemies":"Jaw Worm","floor":1.0,"turns":3.0},{"damage":1.0,"enemies":"2 Louse","floor":2.0,"turns":2.0},{"damage":0.0,"enemies":"Cultist","floor":4.0,"turns":4.0},{"damage":4.0,"enemies":"Exordium Wildlife","floor":5.0,"turns":4.0},{"damage":13.0,"enemies":"Red Slaver","floor":6.0,"turns":4.0},{"damage":41.0,"enemies":"Gremlin Nob","floor":8.0,"turns":5.0},{"damage":0,"enemies":"Exordium Thugs","floor":13,"turns":3},{"damage":13,"enemies":"Lots of Slimes","floor":14,"turns":4},{"damage":37,"enemies":"Slime Boss","floor":16,"turns":6}],"seed_played":"-5453403714801913094","potions_obtained":[{"floor":5.0,"key":"FearPotion"},{"floor":8.0,"key":"Dexterity Potion"}],"is_trial":false,"path_per_floor":["M","M","?","M","M","M","R","E","T","?","$","R","M","M","R","B"],"character_chosen":"DEFECT","items_purchased":["Anchor"],"campfire_rested":1,"item_purchase_floors":[11],"current_hp_per_floor":[66,65,65,65,61,48,48,7,17,9,9,49,49,36,36,0],"gold":181,"neow_bonus":"HUNDRED_GOLD","is_prod":false,"is_daily":false,"chose_seed":false,"campfire_upgraded":2,"win_rate":0,"timestamp":1551057074,"path_taken":["M","M","?","M","M","M","R","E","T","?","$","R","?","M","R","BOSS"],"build_version":"2019-01-23","purchased_purges":1,"victory":false,"max_hp_per_floor":[75,75,75,75,75,75,75,75,85,85,85,85,85,85,85,85],"card_choices":[{"not_picked":["Leap","Beam Cell","Force Field"],"picked":"SKIP","floor":1.0},{"not_picked":["Genetic Algorithm","Hologram"],"picked":"Go for the Eyes","floor":2.0},{"not_picked":["Hologram","Lockon","Stack"],"picked":"SKIP","floor":4.0},{"not_picked":["Scrape","Barrage","Storm"],"picked":"SKIP","floor":5.0},{"not_picked":["Fusion","Hologram","Aggregate"],"picked":"SKIP","floor":6.0},{"not_picked":["Leap","BootSequence"],"picked":"All For One","floor":8.0},{"not_picked":["Steam","Redo","Lockon"],"picked":"SKIP","floor":13},{"not_picked":["Auto Shields","Beam Cell"],"picked":"Double Energy","floor":14}],"player_experience":502836,"relics_obtained":[{"floor":8.0,"key":"Regal Pillow"},{"floor":9.0,"key":"Pear"}],"event_choices":[{"damage_healed":0.0,"max_hp_gain":0.0,"max_hp_loss":0.0,"gold_gain":0.0,"cards_transformed":["Strike_B"],"event_name":"Living Wall","player_choice":"Change","floor":3.0,"gold_loss":0.0,"damage_taken":0.0,"cards_obtained":["Capacitor"]},{"damage_healed":0,"gold_gain":75,"player_choice":"Touch","damage_taken":8,"max_hp_gain":0,"max_hp_loss":0,"event_name":"FaceTrader","floor":10,"gold_loss":0}],"is_beta":false,"boss_relics":[],"items_purged_floors":[11],"is_endless":false,"potions_floor_spawned":[5,8,14],"killed_by":"Slime Boss","ascension_level":13}