{"gold_per_floor":[13,13,13,25,36,36,69,69,69,69,81,81,112,124,124,124],"floor_reached":16,"playtime":732,"items_purged":[],"score":209,"play_id":"49eaca85-68b2-4b67-9922-7328a5b4991e","local_time":"20190305095037","is_ascension_mode":true,"campfire_choices":[{"data":"Chaos","floor":6,"key":"SMITH"},{"floor":8,"key":"REST"},{"data":"Zap","floor":10,"key":"SMITH"},{"data":"Coolheaded","floor":15,"key":"SMITH"}],"neow_cost":"NO_GOLD","seed_source_timestamp":164593086398440,"circlet_count":0,"master_deck":["AscendersBane","Strike_B","Strike_B","Strike_B","Defend_B","Defend_B","Defend_B","Defend_B","Zap+1","Dualcast","Biased Cognition","Chaos+1","Darkness","BootSequence","Coolheaded+1","Leap","Ball Lightning","Recycle"],"relics":["Cracked Core","Question Card","Omamori","Smiling Mask"],"potions_floor_usage":[13,13],"damage_taken":[{"damage":7,"enemies":"Jaw Worm","floor":1,"turns":3},{"damage":1,"enemies":"2 Louse","floor":4,"turns":3},{"damage":8,"enemies":"Small Slimes","floor":5,"turns":2},{"damage":29,"enemies":"Lagavulin","floor":7,"turns":6},{"damage":5,"enemies":"Exordium Wildlife","floor":11,"turns":4},{"damage":8,"enemies":"3 Sentries","floor":13,"turns":7},{"damage":6,"enemies":"2 Fungi Beasts","floor":14,"turns":3},{"damage":22,"enemies":"Hexaghost","floor":16,"turns":11}],"seed_played":"8456195274629943244","potions_obtained":[{"floor":1,"key":"Explosive Potion"},{"floor":5,"key":"GamblersBrew"},{"floor":14,"key":"FearPotion"}],"is_trial":false,"path_per_floor":["M","?","?","M","M","R","E","R","T","R","M","?","E","M","R","B"],"character_chosen":"DEFECT","items_purchased":[],"campfire_rested":1,"item_purchase_floors":[],"current_hp_per_floor":[57,57,62,61,53,53,24,46,46,46,41,34,26,20,20,0],"gold":124,"neow_bonus":"THREE_RARE_CARDS","is_prod":false,"is_daily":false,"chose_seed":false,"campfire_upgraded":3,"win_rate":0,"timestamp":1551797437,"path_taken":["M","?","?","M","M","R","E","R","T","R","M","?","E","M","R","BOSS"],"build_version":"2019-01-23","purchased_purges":0,"victory":false,"max_hp_per_floor":[71,71,76,76,76,76,76,76,76,76,76,76,76,76,76,76],"card_choices":[{"not_picked":["Reboot","Meteor Strike"],"picked":"Biased Cognition","floor":0},{"not_picked":["Streamline","Turbo"],"picked":"Chaos","floor":1},{"not_picked":["Streamline","Leap"],"picked":"Darkness","floor":4},{"not_picked":["Stack","Force Field"],"picked":"BootSequence","floor":5},{"not_picked":["Go for the Eyes","Leap"],"picked":"Coolheaded","floor":7},{"not_picked":["Sunder","Sweeping Beam","Coolheaded"],"picked":"Leap","floor":11},{"not_picked":["Stack","Hologram","Chill"],"picked":"Ball Lightning","floor":13},{"not_picked":["Turbo","Hello World","Heatsinks"],"picked":"Recycle","floor":14}],"player_experience":868711,"relics_obtained":[{"floor":7,"key":"Question Card"},{"floor":9,"key":"Omamori"},{"floor":13,"key":"Smiling Mask"}],"event_choices":[{"damage_healed":0,"gold_gain":0,"player_choice":"Fled","damage_taken":0,"max_hp_gain":0,"max_hp_loss":0,"event_name":"Scrap Ooze","floor":2,"gold_loss":0},{"damage_healed":0,"gold_gain":0,"player_choice":"Donut","damage_taken":0,"max_hp_gain":5,"max_hp_loss":0,"event_name":"Big Fish","floor":3,"gold_loss":0},{"cards_removed":["Strike_B"],"damage_healed":0,"gold_gain":0,"player_choice":"Card Removal","damage_taken":7,"max_hp_gain":0,"max_hp_loss":0,"event_name":"Golden Wing","floor":12,"gold_loss":0}],"is_beta":false,"boss_relics":[],"items_purged_floors":[],"is_endless":false,"potions_floor_spawned":[1,5,7,14],"killed_by":"Hexaghost","ascension_level":18}