{"gold_per_floor":[115,127,77,77,77,108,108,137,162,112,131,131,163,175,175,278,278,291,302,48,62,77,104,117,152,176,195,145,164,176,126,126,228,228,241,241,251,264,282,282,301,301,327,327],"floor_reached":44,"playtime":1729,"items_purged":["Strike_R","Strike_R","Strike_R","Strike_R"],"score":499,"play_id":"dfd23b75-775e-424f-8a3b-de721992cc69","local_time":"20190217091805","is_ascension_mode":false,"campfire_choices":[{"data":"Uppercut","floor":12,"key":"SMITH"},{"data":"Disarm","floor":15,"key":"SMITH"},{"data":"Immolate","floor":32,"key":"SMITH"},{"data":"Disarm","floor":40,"key":"SMITH"},{"data":"Immolate","floor":42,"key":"SMITH"}],"neow_cost":"NONE","seed_source_timestamp":172869935812089,"circlet_count":0,"master_deck":["Defend_R","Defend_R","Defend_R","Defend_R","Bash","Anger","Disarm+1","Uppercut+1","Intimidate","Clothesline","Flame Barrier","Immolate+1","Immolate+1","Ghostly Armor","Wild Strike","True Grit+1","Dropkick","Demon Form+1","Secret Weapon","Panacea","Panacea","Disarm+1"],"relics":["Burning Blood","NeowsBlessing","Frozen Egg 2","Mummified Hand","Smiling Mask","Red Skull","Orichalcum","Oddly Smooth Stone","Coffee Dripper","Medical Kit","Du-Vu Doll","Sundial","Omamori","Black Star"],"potions_floor_usage":[16,23,23,23,33,33,35,41,44],"damage_taken":[{"damage":0,"enemies":"Jaw Worm","floor":1,"turns":1},{"damage":0,"enemies":"2 Louse","floor":2,"turns":1},{"damage":0,"enemies":"Gremlin Nob","floor":6,"turns":1},{"damage":34,"enemies":"Lagavulin","floor":8,"turns":6},{"damage":0,"enemies":"Small Slimes","floor":11,"turns":3},{"damage":10,"enemies":"3 Sentries","floor":13,"turns":8},{"damage":6,"enemies":"Blue Slaver","floor":14,"turns":2},{"damage":2,"enemies":"Hexaghost","floor":16,"turns":8},{"damage":4,"enemies":"2 Thieves","floor":18,"turns":3},{"damage":8,"enemies":"Spheric Guardian","floor":19,"turns":4},{"damage":0,"enemies":"Chosen and Byrds","floor":21,"turns":4},{"damage":3,"enemies":"3 Cultists","floor":22,"turns":3},{"damage":21,"enemies":"Slavers","floor":23,"turns":4},{"damage":17,"enemies":"Snake Plant","floor":24,"turns":4},{"damage":6,"enemies":"Gremlin Leader","floor":25,"turns":5},{"damage":9,"enemies":"Centurion and Healer","floor":27,"turns":4},{"damage":6,"enemies":"Chosen and Byrds","floor":29,"turns":6},{"damage":4,"enemies":"Shelled Parasite and Fungi","floor":30,"turns":5},{"damage":28,"enemies":"Champ","floor":33,"turns":9},{"damage":11,"enemies":"3 Darklings","floor":35,"turns":4},{"damage":5,"enemies":"Orb Walker","floor":37,"turns":3},{"damage":21,"enemies":"4 Shapes","floor":38,"turns":4},{"damage":5,"enemies":"3 Darklings","floor":39,"turns":5},{"damage":26,"enemies":"Transient","floor":41,"turns":5},{"damage":63,"enemies":"Giant Head","floor":44,"turns":8}],"seed_played":"3426584223004307108","potions_obtained":[{"floor":8,"key":"BloodPotion"},{"floor":11,"key":"SteroidPotion"},{"floor":14,"key":"Strength Potion"},{"floor":22,"key":"SkillPotion"},{"floor":23,"key":"Fire Potion"},{"floor":25,"key":"Energy Potion"},{"floor":29,"key":"PowerPotion"},{"floor":33,"key":"AttackPotion"},{"floor":35,"key":"BloodPotion"},{"floor":39,"key":"Strength Potion"}],"is_trial":false,"path_per_floor":["M","M","?","T","?","E","?","E","T","$","M","R","E","M","R","B",null,"M","M","$","M","M","E","M","E","T","M","$","M","M","$","R","B",null,"M","?","M","M","M","R","M","R","T","E"],"character_chosen":"IRONCLAD","items_purchased":["Medical Kit"],"campfire_rested":0,"item_purchase_floors":[20],"current_hp_per_floor":[80,80,80,80,77,80,85,57,57,57,63,63,59,59,59,63,85,85,83,83,85,85,78,67,67,67,64,64,64,66,66,66,44,85,80,70,71,56,57,57,37,37,37,0],"gold":327,"neow_bonus":"THREE_ENEMY_KILL","is_prod":false,"is_daily":false,"chose_seed":false,"campfire_upgraded":5,"win_rate":0,"timestamp":1550413085,"path_taken":["M","M","?","?","?","E","?","E","T","$","?","R","E","M","R","BOSS","M","M","$","M","M","E","M","E","T","M","$","?","M","$","R","BOSS","M","?","M","M","M","R","M","R","T","E"],"build_version":"2019-01-23","purchased_purges":4,"victory":false,"max_hp_per_floor":[80,80,80,80,80,80,85,85,85,85,85,85,85,85,85,85,85,85,85,85,85,85,85,85,85,85,85,85,85,85,85,85,85,85,85,85,85,85,85,85,85,85,85,85],"card_choices":[{"not_picked":["Clothesline","Iron Wave"],"picked":"Anger","floor":1},{"not_picked":["Armaments","Thunderclap"],"picked":"Disarm","floor":2},{"not_picked":["Bludgeon","Shrug It Off"],"picked":"Uppercut","floor":6},{"not_picked":["Pommel Strike","Havoc"],"picked":"Intimidate","floor":8},{"not_picked":["Iron Wave","Second Wind","Sword Boomerang"],"picked":"SKIP","floor":11},{"not_picked":["Twin Strike","Infernal Blade"],"picked":"Clothesline","floor":13},{"not_picked":["Wild Strike","Anger"],"picked":"Flame Barrier","floor":14},{"not_picked":["Limit Break","Fiend Fire"],"picked":"Immolate","floor":16},{"not_picked":["Cleave","Clash+1","Bloodletting"],"picked":"SKIP","floor":18},{"not_picked":["Iron Wave","Body Slam+1"],"picked":"Immolate","floor":19},{"not_picked":["Infernal Blade","Body Slam"],"picked":"Ghostly Armor","floor":21},{"not_picked":["Pummel","Burning Pact"],"picked":"Wild Strike","floor":22},{"not_picked":["Sentinel","Bloodletting+1","Clash"],"picked":"SKIP","floor":23},{"not_picked":["Heavy Blade","Twin Strike"],"picked":"True Grit+1","floor":24},{"not_picked":["Anger","Cleave","Heavy Blade+1"],"picked":"SKIP","floor":25},{"not_picked":["Anger","Cleave","Heavy Blade+1"],"picked":"SKIP","floor":25},{"not_picked":["Iron Wave","Havoc","Perfected Strike+1"],"picked":"SKIP","floor":27},{"not_picked":["Body Slam","Rupture+1","Infernal Blade"],"picked":"SKIP","floor":29},{"not_picked":["Iron Wave+1","Barricade+1"],"picked":"Dropkick","floor":30},{"not_picked":["Reaper","Exhume"],"picked":"Demon Form+1","floor":33},{"not_picked":["Body Slam","Twin Strike+1","Armaments"],"picked":"SKIP","floor":35},{"not_picked":["Forethought","Finesse"],"picked":"Secret Weapon","floor":36},{"not_picked":["Forethought","Mind Blast"],"picked":"Panacea","floor":36},{"not_picked":["Flash of Steel","Mind Blast"],"picked":"Panacea","floor":36},{"not_picked":["Havoc+1","Spot Weakness+1","Heavy Blade"],"picked":"SKIP","floor":37},{"not_picked":["Sever Soul+1","Dual Wield+1","Combust+1"],"picked":"SKIP","floor":38},{"not_picked":["Cleave","Corruption+1"],"picked":"Disarm","floor":39},{"not_picked":["Second Wind","Twin Strike","Clothesline+1"],"picked":"SKIP","floor":41}],"player_experience":791158,"relics_obtained":[{"floor":4,"key":"Frozen Egg 2"},{"floor":6,"key":"Smiling Mask"},{"floor":8,"key":"Red Skull"},{"floor":9,"key":"Orichalcum"},{"floor":13,"key":"Oddly Smooth Stone"},{"floor":23,"key":"Du-Vu Doll"},{"floor":25,"key":"Sundial"},{"floor":26,"key":"Omamori"}],"event_choices":[{"cards_removed":["Strike_R"],"damage_healed":0,"gold_gain":0,"player_choice":"Card Removal","damage_taken":0,"max_hp_gain":0,"max_hp_loss":0,"event_name":"The Cleric","floor":3,"gold_loss":50},{"damage_healed":0,"gold_gain":0,"player_choice":"Success","damage_taken":3,"relics_obtained":["Mummified Hand"],"max_hp_gain":0,"max_hp_loss":0,"event_name":"Scrap Ooze","floor":5,"gold_loss":0},{"damage_healed":0,"gold_gain":0,"player_choice":"Donut","damage_taken":0,"max_hp_gain":5,"max_hp_loss":0,"event_name":"Big Fish","floor":7,"gold_loss":0},{"damage_healed":0,"gold_gain":0,"player_choice":"Memory 3","damage_taken":10,"max_hp_gain":0,"max_hp_loss":0,"event_name":"SensoryStone","floor":36,"gold_loss":0}],"is_beta":false,"boss_relics":[{"not_picked":["Eternal Feather","Runic Dome"],"picked":"Coffee Dripper"},{"not_picked":["Astrolabe","Lizard Tail"],"picked":"Black Star"}],"items_purged_floors":[10,20,28,31],"is_endless":false,"potions_floor_spawned":[8,11,14,22,23,25,29,33,35,39],"killed_by":"Giant Head","ascension_level":0}