{"gold_per_floor":[369,379,379,1,35,82,31,31,108,160,160,191,250,217,217,316,316,361,47,59,59,209,234,234,263,263,263,300,300,351,396,396,396],"floor_reached":33,"playtime":1975,"items_purged":["Doubt","Strike_G"],"score":476,"play_id":"7b0e663c-c765-44b7-bf94-329adb41b727","local_time":"20190203163643","is_ascension_mode":true,"campfire_choices":[{"floor":8,"key":"REST"},{"data":"After Image","floor":11,"key":"SMITH"},{"data":"HandOfGreed","floor":15,"key":"SMITH"},{"floor":24,"key":"REST"},{"floor":29,"key":"REST"},{"data":"Sucker Punch","floor":32,"key":"SMITH"}],"neow_cost":"CURSE","seed_source_timestamp":1439391217225372,"circlet_count":0,"master_deck":["Defend_G","Defend_G","Defend_G","Defend_G","Defend_G","Strike_G","Strike_G","Strike_G","Strike_G","Survivor","Neutralize","Sucker Punch","Riddle With Holes","HandOfGreed+1","Panacea","Crippling Poison","Prepared","Sucker Punch+1","After Image+1","Footwork","Die Die Die","Deflect","Accuracy","Dagger Throw+1","Swift Strike+1","Backflip+1","Burst","Tools of the Trade","Adrenaline","Noxious Fumes","Backflip+1","Dagger Throw"],"relics":["Ring of the Snake","Mercury Hourglass","Pantograph","Tiny Chest","Ninja Scroll","Omamori","Sozu","StoneCalendar","Dodecahedron","PreservedInsect","Bottled Tornado","Darkstone Periapt","Whetstone"],"potions_floor_usage":[6,13,13,23],"damage_taken":[{"damage":15,"enemies":"Cultist","floor":1,"turns":7},{"damage":0,"enemies":"Small Slimes","floor":2,"turns":3},{"damage":1,"enemies":"Jaw Worm","floor":5,"turns":3},{"damage":39,"enemies":"Lagavulin","floor":6,"turns":10},{"damage":15,"enemies":"Gremlin Nob","floor":10,"turns":4},{"damage":0,"enemies":"Looter","floor":12,"turns":2},{"damage":0,"enemies":"Gremlin Nob","floor":13,"turns":5},{"damage":21,"enemies":"The Guardian","floor":16,"turns":17},{"damage":7,"enemies":"Chosen","floor":18,"turns":5},{"damage":0,"enemies":"Spheric Guardian","floor":20,"turns":3},{"damage":11,"enemies":"Colosseum Slavers","floor":22,"turns":4},{"damage":11,"enemies":"Colosseum Nobs","floor":22,"turns":9},{"damage":6,"enemies":"Book of Stabbing","floor":23,"turns":7},{"damage":16,"enemies":"Gremlin Leader","floor":25,"turns":7},{"damage":15,"enemies":"Snake Plant","floor":28,"turns":6},{"damage":10,"enemies":"Slavers","floor":30,"turns":4},{"damage":2,"enemies":"Snecko","floor":31,"turns":5},{"damage":57,"enemies":"Champ","floor":33,"turns":17}],"seed_played":"-1841535125509361570","potions_obtained":[{"floor":1,"key":"Dexterity Potion"},{"floor":10,"key":"EssenceOfSteel"},{"floor":12,"key":"EssenceOfSteel"}],"is_trial":false,"path_per_floor":["M","M","T","$","M","E","$","R","T","E","R","M","?","?","R","B",null,"M","$","M","?","?","E","R","E","T","?","M","R","E","M","R","B"],"character_chosen":"THE_SILENT","items_purchased":["HandOfGreed","Panacea","Crippling Poison","Block Potion","Accuracy","Dagger Throw","Swift Strike"],"campfire_rested":3,"item_purchase_floors":[4,4,4,7,19,19,19],"current_hp_per_floor":[48,48,48,48,47,8,8,29,29,14,14,14,14,14,14,18,57,50,50,50,50,28,22,43,27,27,27,12,33,23,21,21,0],"gold":396,"neow_bonus":"TWO_FIFTY_GOLD","is_prod":false,"is_daily":false,"chose_seed":false,"campfire_upgraded":3,"win_rate":0,"timestamp":1549229803,"path_taken":["M","M","?","$","M","E","$","R","T","E","R","M","?","?","R","BOSS","M","$","M","?","?","E","R","E","T","?","M","R","E","M","R","BOSS"],"build_version":"2019-01-23","purchased_purges":2,"victory":false,"max_hp_per_floor":[70,70,70,70,70,70,70,70,70,70,70,70,70,70,70,70,70,70,70,70,70,70,70,70,70,70,70,70,70,70,70,70,70],"card_choices":[{"not_picked":["Concentrate","Acrobatics"],"picked":"Sucker Punch","floor":1},{"not_picked":["Sucker Punch","Distraction"],"picked":"Riddle With Holes","floor":2},{"not_picked":["Bane","Eviscerate"],"picked":"Prepared","floor":5},{"not_picked":["Blade Dance","Deadly Poison"],"picked":"Sucker Punch","floor":6},{"not_picked":["Distraction","Sucker Punch"],"picked":"After Image","floor":10},{"not_picked":["Skewer","Sucker Punch","Outmaneuver"],"picked":"SKIP","floor":12},{"not_picked":["Sucker Punch","Dodge and Roll"],"picked":"Footwork","floor":13},{"not_picked":["Glass Knife","Corpse Explosion"],"picked":"Die Die Die","floor":16},{"not_picked":["Quick Slash+1","Sucker Punch"],"picked":"Deflect","floor":18},{"not_picked":["Riddle With Holes","Masterful Stab"],"picked":"Backflip+1","floor":20},{"not_picked":["Finisher+1","Underhanded Strike"],"picked":"Burst","floor":22},{"not_picked":["Heel Hook+1","Bouncing Flask"],"picked":"Tools of the Trade","floor":23},{"not_picked":["Sucker Punch+1","Leg Sweep"],"picked":"Adrenaline","floor":25},{"not_picked":["Calculated Gamble","Concentrate"],"picked":"Noxious Fumes","floor":28},{"not_picked":["Deadly Poison","Accuracy+1"],"picked":"Backflip+1","floor":30},{"not_picked":["Poisoned Stab","Blade Dance"],"picked":"Dagger Throw","floor":31}],"player_experience":650323,"relics_obtained":[{"floor":3,"key":"Mercury Hourglass"},{"floor":6,"key":"Pantograph"},{"floor":9,"key":"Tiny Chest"},{"floor":10,"key":"Ninja Scroll"},{"floor":13,"key":"Omamori"},{"floor":22,"key":"StoneCalendar"},{"floor":22,"key":"Dodecahedron"},{"floor":23,"key":"PreservedInsect"},{"floor":25,"key":"Bottled Tornado"},{"floor":26,"key":"Darkstone Periapt"},{"floor":30,"key":"Whetstone"}],"event_choices":[{"damage_healed":0,"gold_gain":0,"player_choice":"Searched \u00271\u0027 times","damage_taken":0,"max_hp_gain":0,"max_hp_loss":0,"event_name":"Dead Adventurer","floor":13,"gold_loss":0},{"damage_healed":0,"gold_gain":0,"player_choice":"Left Gold","damage_taken":0,"max_hp_gain":0,"max_hp_loss":0,"event_name":"World of Goop","floor":14,"gold_loss":33},{"damage_healed":0,"gold_gain":0,"player_choice":"Fight","damage_taken":0,"max_hp_gain":0,"max_hp_loss":0,"event_name":"Colosseum","floor":22,"gold_loss":0},{"damage_healed":0,"gold_gain":0,"player_choice":"Fought Nobs","damage_taken":0,"max_hp_gain":0,"max_hp_loss":0,"event_name":"Colosseum","floor":22,"gold_loss":0},{"damage_healed":0,"gold_gain":0,"player_choice":"Ignored","damage_taken":0,"max_hp_gain":0,"max_hp_loss":0,"event_name":"Cursed Tome","floor":27,"gold_loss":0}],"is_beta":false,"boss_relics":[{"not_picked":["Velvet Choker","Tiny House"],"picked":"Sozu"}],"items_purged_floors":[4,19],"is_endless":false,"potions_floor_spawned":[1,10,12,22,25,28,30],"killed_by":"Champ","ascension_level":9}