{"gold_per_floor":[119,119,119,133,7,37,37,63,63,81,81,156,156,184,184,288,288,288],"floor_reached":18,"playtime":426,"items_purged":["Strike_R"],"score":281,"play_id":"84f4db0e-b449-49fa-8e27-681e0229b3b5","local_time":"20181220170242","is_ascension_mode":true,"campfire_choices":[{"data":"Bash","floor":7,"key":"SMITH"},{"floor":11,"key":"RECALL"},{"data":"Rampage","floor":13,"key":"SMITH"},{"data":"Searing Blow","floor":15,"key":"SMITH"}],"neow_cost":"NONE","seed_source_timestamp":184776128206989,"circlet_count":0,"master_deck":["Strike_R","Strike_R","Defend_R","Defend_R","Defend_R","Defend_R","Bash+1","Searing Blow+1","Rampage+1","Offering+1"],"relics":["Black Blood","NeowsBlessing","Orichalcum","Anchor","Toxic Egg 2","WingedGreaves"],"potions_floor_usage":[8,14,16,16],"damage_taken":[{"damage":0,"enemies":"Small Slimes","floor":1,"turns":1},{"damage":0,"enemies":"2 Louse","floor":4,"turns":1},{"damage":0,"enemies":"Lagavulin","floor":6,"turns":1},{"damage":20,"enemies":"Gremlin Nob","floor":8,"turns":4},{"damage":1,"enemies":"Cultist","floor":10,"turns":3},{"damage":24,"enemies":"Lagavulin","floor":14,"turns":5},{"damage":46,"enemies":"Hexaghost","floor":16,"turns":8},{"damage":64,"enemies":"3 Byrds","floor":18,"turns":4}],"seed_played":"-7173667196628872570","potions_obtained":[{"floor":1,"key":"BloodPotion"},{"floor":4,"key":"SteroidPotion"},{"floor":14,"key":"Strength Potion"}],"is_trial":false,"path_per_floor":["M","?","?","M","$","E","R","E","T","M","R","?","R","E","R","B",null,"M"],"character_chosen":"IRONCLAD","items_purchased":["Fire Potion"],"campfire_rested":0,"item_purchase_floors":[5],"current_hp_per_floor":[78,71,71,77,77,80,80,66,66,71,71,60,60,50,50,10,63,0],"gold":288,"neow_bonus":"THREE_ENEMY_KILL","is_prod":false,"is_daily":false,"chose_seed":false,"campfire_upgraded":3,"win_rate":0,"timestamp":1545343362,"path_taken":["M","?","?","?","?","E","R","E","T","M","R","?","R","E","R","BOSS","M"],"build_version":"2018-12-13","purchased_purges":1,"victory":false,"max_hp_per_floor":[80,80,80,80,80,80,80,80,80,80,80,80,80,80,80,80,80,80],"card_choices":[{"not_picked":["Sever Soul","Flex"],"picked":"Searing Blow","floor":1},{"not_picked":["Twin Strike","Anger"],"picked":"Rampage","floor":4},{"not_picked":["Flame Barrier","True Grit","Uppercut"],"picked":"SKIP","floor":6},{"not_picked":["Uppercut","Body Slam","True Grit"],"picked":"SKIP","floor":8},{"not_picked":["Warcry+1","Rupture","Anger"],"picked":"SKIP","floor":10},{"not_picked":["Intimidate+1","Seeing Red+1","Sever Soul"],"picked":"SKIP","floor":14},{"not_picked":["Juggernaut","Reaper"],"picked":"Offering+1","floor":16}],"player_experience":299099,"relics_obtained":[{"floor":6,"key":"Orichalcum"},{"floor":8,"key":"Anchor"},{"floor":9,"key":"Toxic Egg 2"},{"floor":14,"key":"WingedGreaves"}],"event_choices":[{"cards_removed":["Strike_R"],"damage_healed":0,"gold_gain":0,"player_choice":"Card Removal","damage_taken":7,"max_hp_gain":0,"max_hp_loss":0,"event_name":"Golden Wing","floor":2,"gold_loss":0},{"cards_removed":["Strike_R"],"damage_healed":0,"gold_gain":0,"player_choice":"Purged","damage_taken":0,"max_hp_gain":0,"max_hp_loss":0,"event_name":"Purifier","floor":3,"gold_loss":0},{"damage_healed":0,"gold_gain":75,"player_choice":"Gather Gold","damage_taken":11,"max_hp_gain":0,"max_hp_loss":0,"event_name":"World of Goop","floor":12,"gold_loss":0}],"is_beta":false,"boss_relics":[{"not_picked":["Runic Dome","Tiny House"],"picked":"Black Blood"}],"items_purged_floors":[5],"is_endless":false,"potions_floor_spawned":[1,4,14],"killed_by":"3 Byrds","ascension_level":8}