{"gold_per_floor":[114,124,104,114,127,127,15,34,113,113,132,151,176,194,194,194],"floor_reached":16,"playtime":998,"items_purged":["Strike_G"],"score":138,"play_id":"22de0123-2aa9-4cd9-8e3b-2af214e00340","local_time":"20190207185328","is_ascension_mode":true,"campfire_choices":[{"data":"Neutralize","floor":6,"key":"SMITH"},{"data":"Footwork","floor":10,"key":"SMITH"},{"floor":15,"key":"REST"}],"neow_cost":"PERCENT_DAMAGE","seed_source_timestamp":2405220826431924,"circlet_count":0,"master_deck":["Defend_G","Defend_G","Defend_G","Defend_G","Defend_G","Strike_G","Strike_G","Strike_G","Strike_G","Survivor","Neutralize+1","Grand Finale","Dash","Dash","Footwork+1","PiercingWail","Cloak And Dagger","Burst"],"relics":["Ring of the Snake","Bottled Tornado","Torii"],"potions_floor_usage":[12],"damage_taken":[{"damage":1,"enemies":"Jaw Worm","floor":1,"turns":9},{"damage":0,"enemies":"Cultist","floor":2,"turns":4},{"damage":0,"enemies":"Small Slimes","floor":4,"turns":3},{"damage":1,"enemies":"Looter","floor":5,"turns":3},{"damage":10,"enemies":"Exordium Thugs","floor":8,"turns":7},{"damage":6,"enemies":"Large Slime","floor":11,"turns":8},{"damage":0,"enemies":"3 Louse","floor":12,"turns":2},{"damage":19,"enemies":"Lagavulin","floor":13,"turns":11},{"damage":0,"enemies":"2 Fungi Beasts","floor":14,"turns":5},{"damage":36,"enemies":"Hexaghost","floor":16,"turns":18}],"seed_played":"-9084854506142518349","potions_obtained":[{"floor":1,"key":"Explosive Potion"},{"floor":3,"key":"FearPotion"},{"floor":4,"key":"PowerPotion"},{"floor":8,"key":"Strength Potion"}],"is_trial":false,"path_per_floor":["M","M","?","M","M","R","$","M","T","R","M","M","E","M","R","B"],"character_chosen":"THE_SILENT","items_purchased":["Footwork"],"campfire_rested":1,"item_purchase_floors":[7],"current_hp_per_floor":[44,44,44,44,43,43,43,33,33,33,27,27,8,8,29,0],"gold":194,"neow_bonus":"THREE_RARE_CARDS","is_prod":false,"is_daily":false,"chose_seed":false,"campfire_upgraded":2,"win_rate":0,"timestamp":1549594408,"path_taken":["M","M","?","M","M","R","?","M","T","R","M","M","E","M","R","BOSS"],"build_version":"2019-01-23","purchased_purges":1,"victory":false,"max_hp_per_floor":[70,70,70,70,70,70,70,70,70,70,70,70,70,70,70,70],"card_choices":[{"not_picked":["Unload","Wraith Form v2"],"picked":"Grand Finale","floor":0},{"not_picked":["Outmaneuver","Slice"],"picked":"Dash","floor":1},{"not_picked":["Skewer","Deflect","Dodge and Roll"],"picked":"SKIP","floor":2},{"not_picked":["Dodge and Roll","Acrobatics"],"picked":"Dash","floor":4},{"not_picked":["Underhanded Strike","Concentrate","Heel Hook"],"picked":"SKIP","floor":5},{"not_picked":["Acrobatics","Dagger Spray"],"picked":"PiercingWail","floor":8},{"not_picked":["Acrobatics","Sucker Punch","Flying Knee"],"picked":"SKIP","floor":11},{"not_picked":["Sucker Punch","Underhanded Strike"],"picked":"Cloak And Dagger","floor":12},{"not_picked":["Deflect","Finisher"],"picked":"Burst","floor":13},{"not_picked":["Outmaneuver","Prepared","Deadly Poison"],"picked":"SKIP","floor":14}],"player_experience":290307,"relics_obtained":[{"floor":9,"key":"Bottled Tornado"},{"floor":13,"key":"Torii"}],"event_choices":[{"damage_healed":0,"gold_gain":0,"player_choice":"Bought 1 Potion","damage_taken":0,"max_hp_gain":0,"max_hp_loss":0,"event_name":"The Woman in Blue","floor":3,"gold_loss":0}],"is_beta":false,"boss_relics":[],"items_purged_floors":[7],"is_endless":false,"potions_floor_spawned":[1,4,5,8],"killed_by":"Hexaghost","ascension_level":6}