{"gold_per_floor":[116,116,78,153,153,186,186,225,225,240,165,199,237,262,262,262],"floor_reached":16,"playtime":498,"items_purged":[],"score":291,"play_id":"236f8b2d-f944-4725-ba4e-af04c217e175","local_time":"20190225225309","is_ascension_mode":true,"campfire_choices":[{"data":"Uppercut","floor":7,"key":"SMITH"},{"floor":15,"key":"REST"}],"neow_cost":"NONE","seed_source_timestamp":135120069219368,"circlet_count":0,"master_deck":["AscendersBane","Strike_R+1","Strike_R","Strike_R","Strike_R","Defend_R","Defend_R+1","Defend_R","Defend_R","Bash","Uppercut+1","Rage","Battle Trance","Shrug It Off"],"relics":["Burning Blood","NeowsBlessing","Golden Idol","Ancient Tea Set","Art of War","Centennial Puzzle","Odd Mushroom","Red Skull"],"potions_floor_usage":[12,13,13],"damage_taken":[{"damage":0,"enemies":"2 Louse","floor":1,"turns":1},{"damage":0,"enemies":"Gremlin Nob","floor":6,"turns":1},{"damage":0,"enemies":"3 Sentries","floor":8,"turns":1},{"damage":4,"enemies":"Jaw Worm","floor":10,"turns":4},{"damage":4,"enemies":"The Mushroom Lair","floor":12,"turns":5},{"damage":13,"enemies":"Gremlin Nob","floor":13,"turns":4},{"damage":4,"enemies":"Small Slimes","floor":14,"turns":4},{"damage":47,"enemies":"Slime Boss","floor":16,"turns":9}],"seed_played":"-2791240956768792090","potions_obtained":[{"floor":1,"key":"Energy Potion"},{"floor":6,"key":"Swift Potion"},{"floor":12,"key":"GamblersBrew"},{"floor":14,"key":"Poison Potion"}],"is_trial":false,"path_per_floor":["M","?","$","?","?","E","R","E","T","M","?","?","E","M","R","B"],"character_chosen":"IRONCLAD","items_purchased":["Uppercut"],"campfire_rested":1,"item_purchase_floors":[3],"current_hp_per_floor":[74,48,48,37,14,20,20,26,26,28,28,30,23,25,47,0],"gold":262,"neow_bonus":"THREE_ENEMY_KILL","is_prod":false,"is_daily":false,"chose_seed":false,"campfire_upgraded":1,"win_rate":0,"timestamp":1551163989,"path_taken":["M","?","$","?","?","E","R","E","T","M","?","?","E","M","R","BOSS"],"build_version":"2019-01-23","purchased_purges":0,"victory":false,"max_hp_per_floor":[75,75,75,75,75,75,75,75,75,75,75,75,75,75,75,75],"card_choices":[{"not_picked":["Corruption","Sword Boomerang","Heavy Blade"],"picked":"SKIP","floor":1},{"not_picked":["Havoc","Fire Breathing"],"picked":"Rage","floor":6},{"not_picked":["Fiend Fire","Feel No Pain","Seeing Red"],"picked":"SKIP","floor":8},{"not_picked":["Hemokinesis","Rupture"],"picked":"Battle Trance","floor":10},{"not_picked":["Spot Weakness","Havoc"],"picked":"Shrug It Off","floor":13},{"not_picked":["Rage","Twin Strike","Rupture"],"picked":"SKIP","floor":14}],"player_experience":525368,"relics_obtained":[{"floor":6,"key":"Ancient Tea Set"},{"floor":8,"key":"Art of War"},{"floor":9,"key":"Centennial Puzzle"},{"floor":12,"key":"Odd Mushroom"},{"floor":13,"key":"Red Skull"}],"event_choices":[{"damage_healed":0,"gold_gain":0,"player_choice":"Take Damage","damage_taken":26,"relics_obtained":["Golden Idol"],"max_hp_gain":0,"max_hp_loss":0,"event_name":"Golden Idol","floor":2,"gold_loss":0},{"damage_healed":0,"gold_gain":75,"player_choice":"Gather Gold","damage_taken":11,"max_hp_gain":0,"max_hp_loss":0,"event_name":"World of Goop","floor":4,"gold_loss":0},{"damage_healed":0,"gold_gain":0,"player_choice":"Entered Light","damage_taken":23,"max_hp_gain":0,"max_hp_loss":0,"event_name":"Shining Light","floor":5,"gold_loss":0,"cards_upgraded":["Defend_R","Strike_R"]},{"cards_removed":["Strike_R"],"damage_healed":0,"gold_gain":0,"player_choice":"Card Removal","damage_taken":0,"max_hp_gain":0,"max_hp_loss":0,"event_name":"The Cleric","floor":11,"gold_loss":75},{"damage_healed":0,"gold_gain":0,"player_choice":"Fought Mushrooms","damage_taken":0,"max_hp_gain":0,"max_hp_loss":0,"event_name":"Mushrooms","floor":12,"gold_loss":0}],"is_beta":false,"boss_relics":[],"items_purged_floors":[],"is_endless":false,"potions_floor_spawned":[1,6,12,14],"killed_by":"Slime Boss","ascension_level":15}