{"gold_per_floor":[118,118,129,143,118,143,143,169,169,169,187,214,214],"floor_reached":13,"playtime":1391,"items_purged":[],"score":129,"play_id":"5348d99f-9447-4bf6-9ce8-83b8c99f6d96","local_time":"20190203233119","is_ascension_mode":true,"campfire_choices":[{"data":"Zap","floor":7,"key":"SMITH"}],"neow_cost":"TEN_PERCENT_HP_LOSS","seed_source_timestamp":285079924135341,"circlet_count":0,"master_deck":["Strike_B","Strike_B","Defend_B","Defend_B","Defend_B","Zap+1","Dualcast","Conserve Battery","Cold Snap","Sweeping Beam","Blizzard","BootSequence","Multi-Cast","Reinforced Body"],"relics":["Cracked Core","Bag of Marbles","Pantograph","DataDisk","Bottled Flame","Darkstone Periapt"],"potions_floor_usage":[12,12],"damage_taken":[{"damage":13,"enemies":"Small Slimes","floor":1,"turns":3},{"damage":0,"enemies":"2 Louse","floor":3,"turns":2},{"damage":0,"enemies":"Cultist","floor":4,"turns":3},{"damage":21,"enemies":"Lagavulin","floor":6,"turns":8},{"damage":5,"enemies":"3 Sentries","floor":8,"turns":6},{"damage":6,"enemies":"Gremlin Gang","floor":11,"turns":4},{"damage":12,"enemies":"Lagavulin","floor":12,"turns":8},{"damage":3,"enemies":"Lots of Slimes","floor":13,"turns":2}],"seed_played":"3875720517448284184","potions_obtained":[{"floor":3,"key":"FearPotion"},{"floor":8,"key":"PowerPotion"}],"is_trial":false,"path_per_floor":["M","?","M","M","$","E","R","E","T","?","M","E","M"],"character_chosen":"DEFECT","items_purchased":["Sweeping Beam"],"campfire_rested":0,"item_purchase_floors":[5],"current_hp_per_floor":[55,52,52,52,52,31,31,26,26,19,13,1,0],"gold":214,"neow_bonus":"REMOVE_TWO","is_prod":false,"is_daily":false,"chose_seed":false,"campfire_upgraded":1,"win_rate":0,"timestamp":1549258279,"path_taken":["M","?","M","M","$","E","R","E","T","?","M","E","M"],"build_version":"2019-01-23","purchased_purges":0,"victory":false,"max_hp_per_floor":[68,68,68,68,68,68,68,68,68,68,68,68,68],"card_choices":[{"not_picked":["Storm","Steam"],"picked":"Conserve Battery","floor":1},{"not_picked":["Stack","Self Repair","Steam Power"],"picked":"SKIP","floor":3},{"not_picked":["Rebound","Steam"],"picked":"Cold Snap","floor":4},{"not_picked":["Turbo","Self Repair"],"picked":"Blizzard","floor":6},{"not_picked":["Barrage","Rebound"],"picked":"BootSequence","floor":8},{"not_picked":["Stack","Rip and Tear"],"picked":"Multi-Cast","floor":11},{"not_picked":["Fusion","Skim"],"picked":"Reinforced Body","floor":12}],"player_experience":595539,"relics_obtained":[{"floor":6,"key":"Pantograph"},{"floor":8,"key":"DataDisk"},{"floor":9,"key":"Bottled Flame"},{"floor":12,"key":"Darkstone Periapt"}],"event_choices":[{"damage_healed":0,"gold_gain":0,"player_choice":"Success","damage_taken":3,"relics_obtained":["Bag of Marbles"],"max_hp_gain":0,"max_hp_loss":0,"event_name":"Scrap Ooze","floor":2,"gold_loss":0},{"cards_removed":["Defend_B"],"damage_healed":0,"gold_gain":0,"player_choice":"Card Removal","damage_taken":7,"max_hp_gain":0,"max_hp_loss":0,"event_name":"Golden Wing","floor":10,"gold_loss":0}],"is_beta":false,"boss_relics":[],"items_purged_floors":[],"is_endless":false,"potions_floor_spawned":[3,8],"killed_by":"Lots of Slimes","ascension_level":5}