{"gold_per_floor":[118,118,43,218,218,218,236,254,333,368,368,387,387,397,397,397],"floor_reached":16,"playtime":684,"items_purged":["Strike_R"],"score":100,"play_id":"eaa2934b-30cf-4a56-9b06-594ccc6222e2","local_time":"20180712233442","is_ascension_mode":false,"campfire_choices":[{"data":"Whirlwind","floor":6,"key":"SMITH"},{"data":"Wild Strike","floor":13,"key":"SMITH"},{"data":"Defend_R","floor":15,"key":"SMITH"}],"neow_cost":"NONE","seed_source_timestamp":76686125799846,"circlet_count":0,"master_deck":["Strike_R","Strike_R","Strike_R","Strike_R","Defend_R","Defend_R","Defend_R","Defend_R+1","Bash","Whirlwind+1","Shrug It Off+1","Offering","Wild Strike+1"],"relics":["Burning Blood","Omamori","Happy Flower","Oddly Smooth Stone","Shuriken","Ice Cream"],"potions_floor_usage":[14,14],"damage_taken":[{"damage":2,"enemies":"2 Louse","floor":1,"turns":3},{"damage":0,"enemies":"Small Slimes","floor":7,"turns":2},{"damage":0,"enemies":"Jaw Worm","floor":8,"turns":3},{"damage":36,"enemies":"Lagavulin","floor":10,"turns":6},{"damage":0,"enemies":"3 Louse","floor":12,"turns":1},{"damage":8,"enemies":"Large Slime","floor":14,"turns":6},{"damage":49,"enemies":"Slime Boss","floor":16,"turns":10}],"seed_played":"-2702189486911919751","potions_obtained":[{"floor":7,"key":"SkillPotion"},{"floor":10,"key":"Poison Potion"}],"is_trial":false,"path_per_floor":["M","?","$","?","?","R","M","M","T","E","?","M","R","M","R"],"character_chosen":"IRONCLAD","items_purchased":[],"campfire_rested":0,"item_purchase_floors":[],"current_hp_per_floor":[80,80,80,80,62,62,68,74,74,44,44,50,50,48,48,0],"gold":397,"neow_bonus":"RANDOM_COMMON_RELIC","is_prod":false,"is_daily":false,"chose_seed":false,"campfire_upgraded":3,"win_rate":0,"timestamp":1531452882,"path_taken":["M","?","$","?","?","R","M","M","T","E","?","M","R","M","R","BOSS"],"build_version":"2018-07-05","purchased_purges":1,"victory":false,"max_hp_per_floor":[80,80,80,80,80,80,80,80,80,80,80,80,80,80,80,80],"card_choices":[{"not_picked":["True Grit","Flex"],"picked":"Whirlwind","floor":1},{"not_picked":["Bloodletting","Flame Barrier"],"picked":"Shrug It Off","floor":7},{"not_picked":["Headbutt","Clash"],"picked":"Offering","floor":8},{"not_picked":["Combust","Clash","Wild Strike"],"picked":"SKIP","floor":10},{"not_picked":["Body Slam","Heavy Blade"],"picked":"Wild Strike","floor":12},{"not_picked":["Iron Wave","True Grit","Twin Strike"],"picked":"SKIP","floor":14}],"player_experience":254152,"relics_obtained":[{"floor":9,"key":"Shuriken"},{"floor":10,"key":"Ice Cream"}],"event_choices":[{"event_name":"Big Fish","player_choice":"Box","floor":2,"damage_taken":0},{"event_name":"Liars Game","player_choice":"agreed","floor":4,"damage_taken":0},{"event_name":"Scrap Ooze","player_choice":"success","floor":5,"damage_taken":18},{"event_name":"Upgrade Shrine","player_choice":"Upgraded","floor":11,"damage_taken":0}],"boss_relics":[],"items_purged_floors":[3],"is_endless":false,"potions_floor_spawned":[7,10],"killed_by":"Slime Boss","ascension_level":0}