{"gold_per_floor":[112,129,149,149,74,149,169,184,184,196,211,211,76,93,93,191,191,191],"floor_reached":18,"playtime":863,"items_purged":["Defend_R","Defend_R"],"score":234,"play_id":"b3ffe62c-6872-4000-9e82-1ff631b722ed","local_time":"20180803134304","is_ascension_mode":true,"campfire_choices":[{"data":"Rage","floor":12,"key":"SMITH"},{"data":"True Grit","floor":15,"key":"SMITH"}],"neow_cost":"TEN_PERCENT_HP_LOSS","seed_source_timestamp":4119025657534701,"circlet_count":0,"master_deck":["Strike_R","Strike_R","Strike_R","Strike_R","Strike_R","Defend_R","Defend_R","Bash","AscendersBane","True Grit+1","Clash","Metallicize","Rage+1","Metallicize","Dark Embrace","Reaper"],"relics":["Burning Blood","Dead Branch","Red Skull","Pear","Philosopher\u0027s Stone"],"potions_floor_usage":[10,11,18],"damage_taken":[{"damage":4,"enemies":"2 Louse","floor":1,"turns":3},{"damage":7,"enemies":"Small Slimes","floor":2,"turns":3},{"damage":2,"enemies":"Jaw Worm","floor":3,"turns":4},{"damage":32,"enemies":"Large Slime","floor":7,"turns":9},{"damage":3,"enemies":"Exordium Wildlife","floor":8,"turns":3},{"damage":5,"enemies":"3 Louse","floor":10,"turns":5},{"damage":0,"enemies":"2 Fungi Beasts","floor":11,"turns":4},{"damage":4,"enemies":"Exordium Wildlife","floor":14,"turns":5},{"damage":51,"enemies":"Hexaghost","floor":16,"turns":9},{"damage":69,"enemies":"3 Byrds","floor":18,"turns":3}],"seed_played":"7418794561746909777","potions_obtained":[{"floor":7,"key":"Block Potion"},{"floor":8,"key":"Regen Potion"},{"floor":11,"key":"SpeedPotion"}],"is_trial":false,"path_per_floor":["M","M","M","?","$","?","M","M","T","M","M","R","$","M","R","B",null],"character_chosen":"IRONCLAD","items_purchased":["Metallicize"],"campfire_rested":0,"item_purchase_floors":[13],"current_hp_per_floor":[72,71,72,65,65,54,28,31,41,59,65,65,65,67,67,22,69,0],"gold":191,"neow_bonus":"ONE_RARE_RELIC","is_prod":false,"is_daily":false,"chose_seed":false,"campfire_upgraded":2,"win_rate":0,"timestamp":1533296584,"path_taken":["M","M","M","?","$","?","M","?","T","M","M","R","$","M","R","BOSS","M"],"build_version":"2018-08-02","purchased_purges":2,"victory":false,"max_hp_per_floor":[72,72,72,72,72,72,72,72,82,85,85,85,85,85,85,85,85,85],"card_choices":[{"not_picked":["Havoc","Wild Strike"],"picked":"True Grit","floor":1},{"not_picked":["Pommel Strike","Clothesline"],"picked":"Clash","floor":2},{"not_picked":["Shrug It Off","Havoc"],"picked":"Metallicize","floor":3},{"not_picked":["Carnage","Warcry","Pommel Strike"],"picked":"SKIP","floor":7},{"not_picked":["Clothesline","Flex","Shrug It Off"],"picked":"SKIP","floor":8},{"not_picked":["Pommel Strike","Burning Pact","True Grit"],"picked":"SKIP","floor":10},{"not_picked":["Shrug It Off","Body Slam"],"picked":"Rage","floor":11},{"not_picked":["Wild Strike","Body Slam"],"picked":"Dark Embrace","floor":14},{"not_picked":["Bludgeon","Dark Embrace"],"picked":"Reaper","floor":16}],"player_experience":437323,"relics_obtained":[{"floor":9,"key":"Pear"}],"event_choices":[{"event_name":"Scrap Ooze","player_choice":"success","floor":4,"damage_taken":7},{"event_name":"World of Goop","player_choice":"Gather Gold","floor":6,"damage_taken":0}],"is_beta":false,"boss_relics":[{"not_picked":["Black Star","Pandora\u0027s Box"],"picked":"Philosopher\u0027s Stone"}],"items_purged_floors":[5,13],"is_endless":false,"potions_floor_spawned":[7,8,11],"killed_by":"3 Byrds","ascension_level":10}