{"gold_per_floor":[214,289,44,54,54,80,80,93,93,106,106,31,31,44,44,143,143,155,170,170,93,105,105,134,134,134,150,177,177,77,91,91,91],"floor_reached":33,"playtime":1395,"items_purged":["Defend_R","Defend_R"],"score":431,"play_id":"785cacae-e337-469d-83da-bf009f9a1487","local_time":"20180727145417","is_ascension_mode":true,"campfire_choices":[{"data":"Flame Barrier","floor":7,"key":"SMITH"},{"data":"1","floor":13,"key":"LIFT"},{"data":"2","floor":15,"key":"LIFT"},{"data":"3","floor":23,"key":"LIFT"},{"floor":29,"key":"REST"},{"data":"Shrug It Off","floor":32,"key":"SMITH"}],"neow_cost":"NONE","seed_source_timestamp":3517977039267181,"circlet_count":0,"master_deck":["Strike_R","Strike_R","Strike_R","Strike_R","Strike_R","Defend_R","Defend_R","Bash","AscendersBane","Flame Barrier+1","Cleave","Spot Weakness","Shrug It Off","Reaper","Shrug It Off+1","J.A.X."],"relics":["Burning Blood","Matryoshka","Sundial","Girya","Bag of Marbles","Busted Crown","Art of War","Self Forming Clay","Centennial Puzzle","Anchor"],"potions_floor_usage":[6,6,16,16,16,24,25,33,33],"damage_taken":[{"damage":9,"enemies":"Small Slimes","floor":1,"turns":4},{"damage":4,"enemies":"Cultist","floor":4,"turns":5},{"damage":34,"enemies":"3 Sentries","floor":6,"turns":7},{"damage":1,"enemies":"2 Louse","floor":8,"turns":3},{"damage":1,"enemies":"Exordium Thugs","floor":10,"turns":4},{"damage":9,"enemies":"Red Slaver","floor":14,"turns":3},{"damage":31,"enemies":"The Guardian","floor":16,"turns":13},{"damage":0,"enemies":"Chosen","floor":18,"turns":4},{"damage":20,"enemies":"Spheric Guardian","floor":19,"turns":5},{"damage":9,"enemies":"Centurion and Healer","floor":22,"turns":6},{"damage":50,"enemies":"Gremlin Leader","floor":24,"turns":8},{"damage":21,"enemies":"Snake Plant","floor":25,"turns":3},{"damage":10,"enemies":"Chosen and Byrds","floor":27,"turns":4},{"damage":50,"enemies":"Book of Stabbing","floor":28,"turns":6},{"damage":8,"enemies":"Snecko","floor":31,"turns":3},{"damage":76,"enemies":"Automaton","floor":33,"turns":10}],"seed_played":"-6256433215968549250","potions_obtained":[{"floor":1,"key":"SkillPotion"},{"floor":4,"key":"Ancient Potion"},{"floor":8,"key":"LiquidBronze"},{"floor":11,"key":"EntropicBrew"},{"floor":11,"key":"Dexterity Potion"},{"floor":11,"key":"Block Potion"},{"floor":18,"key":"SmokeBomb"},{"floor":22,"key":"Swift Potion"},{"floor":28,"key":"LiquidBronze"},{"floor":31,"key":"Swift Potion"}],"is_trial":false,"path_per_floor":["M","?","$","M","?","E","R","M","T","M","?","$","R","M","R","B",null,"M","M","?","?","M","R","E","M","T","M","E","R","$","M","R"],"character_chosen":"IRONCLAD","items_purchased":["Matryoshka"],"campfire_rested":1,"item_purchase_floors":[3],"current_hp_per_floor":[69,58,58,60,60,32,32,37,37,42,42,42,42,39,39,14,64,79,65,50,50,71,71,34,29,29,47,15,40,40,52,52,0],"gold":91,"neow_bonus":"HUNDRED_GOLD","is_prod":false,"is_daily":false,"chose_seed":false,"campfire_upgraded":2,"win_rate":0,"timestamp":1532696057,"path_taken":["M","?","$","?","?","E","R","M","T","?","?","?","R","M","R","BOSS","M","M","?","?","M","R","E","M","T","M","E","R","$","M","R","BOSS"],"build_version":"2018-07-26","purchased_purges":2,"victory":false,"max_hp_per_floor":[80,80,80,80,80,80,80,80,80,80,80,80,80,80,80,80,80,80,80,85,85,85,85,85,85,85,85,85,85,85,85,85,85],"card_choices":[{"not_picked":["Flex","Clash"],"picked":"Flame Barrier","floor":1},{"not_picked":["Headbutt","Warcry"],"picked":"Cleave","floor":4},{"not_picked":["Headbutt","Rage"],"picked":"Spot Weakness","floor":6},{"not_picked":["Entrench","Anger","Twin Strike"],"picked":"SKIP","floor":8},{"not_picked":["Perfected Strike","Heavy Blade","Bloodletting"],"picked":"SKIP","floor":10},{"not_picked":["Pummel","Feed"],"picked":"Shrug It Off","floor":14},{"not_picked":["Demon Form","Impervious"],"picked":"Reaper","floor":16},{"not_picked":["Armaments"],"picked":"SKIP","floor":18},{"not_picked":[],"picked":"Shrug It Off","floor":19},{"not_picked":["Sword Boomerang"],"picked":"SKIP","floor":22},{"not_picked":["Infernal Blade"],"picked":"SKIP","floor":24},{"not_picked":["Perfected Strike+1"],"picked":"SKIP","floor":27},{"not_picked":["Exhume"],"picked":"SKIP","floor":28},{"not_picked":["Body Slam"],"picked":"SKIP","floor":31}],"player_experience":391941,"relics_obtained":[{"floor":6,"key":"Sundial"},{"floor":9,"key":"Girya"},{"floor":9,"key":"Bag of Marbles"},{"floor":24,"key":"Art of War"},{"floor":26,"key":"Self Forming Clay"},{"floor":26,"key":"Centennial Puzzle"},{"floor":28,"key":"Anchor"}],"event_choices":[{"event_name":"World of Goop","player_choice":"Gather Gold","floor":2,"damage_taken":0},{"event_name":"Liars Game","player_choice":"disagreed","floor":5,"damage_taken":0},{"event_name":"The Lab","player_choice":"Got Potions","floor":11,"damage_taken":0},{"event_name":"Forgotten Altar","player_choice":"Shed Blood","floor":20,"damage_taken":0},{"event_name":"Drug Dealer","player_choice":"Got JAXXED","floor":21,"damage_taken":0}],"is_beta":false,"boss_relics":[{"not_picked":["Fusion Hammer","Runic Pyramid"],"picked":"Busted Crown"}],"items_purged_floors":[12,30],"is_endless":false,"potions_floor_spawned":[1,4,8,18,22,28,31],"killed_by":"Automaton","ascension_level":10}