{"gold_per_floor":[114,114,114,2,2,37,37,51,51,65,89,89,108,144,144,275,275,298,80,80,5,18,18,57,57,57,57],"floor_reached":27,"playtime":1740,"items_purged":["Regret","Strike_B"],"score":290,"play_id":"b53b86a6-ebb1-45d7-95f3-77cb539eb536","local_time":"20190106232233","is_ascension_mode":true,"campfire_choices":[{"data":"Defragment","floor":12,"key":"SMITH"},{"floor":15,"key":"REST"},{"data":"Buffer","floor":23,"key":"SMITH"},{"data":"Darkness","floor":25,"key":"SMITH"}],"neow_cost":"NONE","seed_source_timestamp":195457955852333,"circlet_count":0,"master_deck":["Strike_B","Strike_B","Defend_B","Defend_B","Defend_B","Defend_B","Zap","Dualcast","Ball Lightning","White Noise","Static Discharge","Defragment+1","Darkness+1","Reinforced Body","Leap","Core Surge","Buffer+1","Injury","Shame","Pain","FTL+1","Self Repair","Genetic Algorithm","Conserve Battery","Biased Cognition"],"relics":["Cracked Core","NeowsBlessing","Du-Vu Doll","Sundial","Golden Idol","Pantograph","Mummified Hand","Blue Candle","Calling Bell","Orichalcum","Ornamental Fan","StoneCalendar","Bag of Marbles","Frozen Egg 2"],"potions_floor_usage":[16,16,16,24,24],"damage_taken":[{"damage":0,"enemies":"Small Slimes","floor":1,"turns":1},{"damage":0,"enemies":"Gremlin Nob","floor":6,"turns":1},{"damage":0,"enemies":"Jaw Worm","floor":8,"turns":1},{"damage":2,"enemies":"2 Louse","floor":10,"turns":2},{"damage":1,"enemies":"Exordium Wildlife","floor":11,"turns":2},{"damage":18,"enemies":"Large Slime","floor":13,"turns":5},{"damage":12,"enemies":"Lagavulin","floor":14,"turns":4},{"damage":3,"enemies":"Slime Boss","floor":16,"turns":8},{"damage":25,"enemies":"3 Byrds","floor":18,"turns":4},{"damage":12,"enemies":"2 Thieves","floor":22,"turns":5},{"damage":17,"enemies":"Book of Stabbing","floor":24,"turns":6},{"damage":37,"enemies":"Slavers","floor":27,"turns":3}],"seed_played":"8658908602532764331","potions_obtained":[{"floor":1,"key":"SkillPotion"},{"floor":11,"key":"Weak Potion"},{"floor":13,"key":"AttackPotion"},{"floor":22,"key":"EntropicBrew"}],"is_trial":false,"path_per_floor":["M","?","T","$","?","E","$","M","T","M","M","R","M","E","R","B",null,"M","$","?","?","M","R","E","R","T","E"],"character_chosen":"DEFECT","items_purchased":["White Noise","Self Repair","Genetic Algorithm"],"campfire_rested":1,"item_purchase_floors":[4,19,19],"current_hp_per_floor":[75,75,75,75,57,57,57,57,57,55,54,54,36,24,46,68,75,50,50,50,50,45,45,35,35,35,0],"gold":57,"neow_bonus":"THREE_ENEMY_KILL","is_prod":false,"is_daily":false,"chose_seed":false,"campfire_upgraded":3,"win_rate":0,"timestamp":1546838553,"path_taken":["M","?","?","$","?","E","$","?","T","M","M","R","M","E","R","BOSS","M","$","?","?","M","R","E","R","T","E"],"build_version":"2019-01-03v4","purchased_purges":2,"victory":false,"max_hp_per_floor":[75,75,75,75,75,75,75,75,75,75,75,75,75,75,75,75,75,75,75,75,75,75,75,75,75,75,75],"card_choices":[{"not_picked":["Force Field","Go for the Eyes"],"picked":"Ball Lightning","floor":1},{"not_picked":["Coolheaded","Rip and Tear"],"picked":"Static Discharge","floor":6},{"not_picked":["Sweeping Beam","Turbo"],"picked":"Defragment","floor":8},{"not_picked":["Steam","Ball Lightning"],"picked":"Darkness","floor":10},{"not_picked":["Scrape","Turbo"],"picked":"Reinforced Body","floor":11},{"not_picked":["Gash","Loop"],"picked":"Leap","floor":13},{"not_picked":["Steam","Double Energy"],"picked":"Core Surge","floor":14},{"not_picked":["Hyperbeam","Fission"],"picked":"Buffer","floor":16},{"not_picked":["Hologram","Heatsinks"],"picked":"FTL+1","floor":18},{"not_picked":["Reprogram","Turbo","Recycle"],"picked":"SKIP","floor":22},{"not_picked":["Heatsinks","Auto Shields+1"],"picked":"Biased Cognition","floor":24}],"player_experience":506023,"relics_obtained":[{"floor":3,"key":"Sundial"},{"floor":6,"key":"Pantograph"},{"floor":9,"key":"Mummified Hand"},{"floor":14,"key":"Blue Candle"},{"floor":17,"key":"Orichalcum"},{"floor":17,"key":"Ornamental Fan"},{"floor":17,"key":"StoneCalendar"},{"floor":24,"key":"Bag of Marbles"},{"floor":26,"key":"Frozen Egg 2"}],"event_choices":[{"damage_healed":0,"gold_gain":0,"player_choice":"Box","damage_taken":0,"relics_obtained":["Du-Vu Doll"],"max_hp_gain":0,"max_hp_loss":0,"event_name":"Big Fish","floor":2,"gold_loss":0,"cards_obtained":["Regret"]},{"damage_healed":0,"gold_gain":0,"player_choice":"Take Damage","damage_taken":18,"relics_obtained":["Golden Idol"],"max_hp_gain":0,"max_hp_loss":0,"event_name":"Golden Idol","floor":5,"gold_loss":0},{"damage_healed":0,"gold_gain":0,"player_choice":"Read","damage_taken":0,"max_hp_gain":0,"max_hp_loss":0,"event_name":"The Library","floor":20,"gold_loss":0,"cards_obtained":["Conserve Battery"]},{"cards_removed":["Strike_B"],"damage_healed":0,"gold_gain":0,"player_choice":"Gave Gold","damage_taken":0,"max_hp_gain":0,"max_hp_loss":0,"event_name":"Beggar","floor":21,"gold_loss":75}],"is_beta":false,"boss_relics":[{"not_picked":["Nuclear Battery","Inserter"],"picked":"Calling Bell"}],"items_purged_floors":[4,19],"is_endless":false,"potions_floor_spawned":[1,11,13,14,22],"killed_by":"Slavers","ascension_level":2}