{"gold_per_floor":[113,113,132,57,57,69,69,95,95,108,108,122,141,155,155,254,254,265,364,289,289,300,300,300,300,300,300,331,72,85,46,46,46],"floor_reached":33,"playtime":1033,"items_purged":["Doubt"],"score":383,"play_id":"c26c694c-c1e0-4c35-8536-6d9f1cac87e1","local_time":"20190318004341","is_ascension_mode":true,"campfire_choices":[{"data":"Dualcast","floor":7.0,"key":"SMITH"},{"data":"Redo","floor":11.0,"key":"SMITH"},{"floor":15.0,"key":"REST"},{"floor":23,"key":"REST"},{"data":"Defragment","floor":25,"key":"SMITH"},{"floor":32,"key":"REST"}],"neow_cost":"CURSE","seed_source_timestamp":0,"circlet_count":0,"master_deck":["AscendersBane","Strike_B","Strike_B","Strike_B","Defend_B","Defend_B","Defend_B","Defend_B","Zap","Dualcast+1","Loop+1","Coolheaded","Melter","Redo+1","Defragment+1","Multi-Cast","Chaos","Rainbow","Self Repair","Chill+1","Writhe","Compile Driver+1","Tempest+1","Heatsinks+1","Capacitor"],"special_seed":0,"relics":["Cracked Core","Pen Nib","Ginger","Nuclear Battery","Ice Cream","Calipers","Prayer Wheel","Bottled Flame","Letter Opener","Mummified Hand"],"potions_floor_usage":[30,33,33],"damage_taken":[{"damage":2.0,"enemies":"Jaw Worm","floor":1.0,"turns":3.0},{"damage":1.0,"enemies":"Cultist","floor":3.0,"turns":4.0},{"damage":6.0,"enemies":"2 Louse","floor":6.0,"turns":3.0},{"damage":8.0,"enemies":"2 Fungi Beasts","floor":10.0,"turns":3.0},{"damage":13.0,"enemies":"Blue Slaver","floor":12.0,"turns":2.0},{"damage":9.0,"enemies":"Large Slime","floor":13.0,"turns":6.0},{"damage":16.0,"enemies":"Lots of Slimes","floor":14.0,"turns":3.0},{"damage":47,"enemies":"Slime Boss","floor":16,"turns":9},{"damage":14,"enemies":"3 Byrds","floor":18,"turns":4},{"damage":26,"enemies":"Shell Parasite","floor":22,"turns":5},{"damage":48,"enemies":"Slavers","floor":28,"turns":5},{"damage":15,"enemies":"Snake Plant","floor":30,"turns":3},{"damage":32,"enemies":"Collector","floor":33,"turns":3}],"seed_played":"-7151386803157076259","potions_obtained":[{"floor":3.0,"key":"LiquidBronze"},{"floor":10.0,"key":"Ancient Potion"},{"floor":12.0,"key":"SkillPotion"},{"floor":13.0,"key":"Strength Potion"},{"floor":22,"key":"Block Potion"}],"is_trial":false,"path_per_floor":["M","?","M","$","?","M","R","T","T","M","R","M","M","M","R","B",null,"M","?","?","T","M","R","?","R","T","T","E","$","M","$","R","B"],"character_chosen":"DEFECT","items_purchased":["Mummified Hand","Capacitor"],"campfire_rested":3,"item_purchase_floors":[29,31],"current_hp_per_floor":[80,80,79,79,79,73,73,73,73,65,65,52,43,27,53,6,68,54,54,54,54,35,61,61,61,61,61,20,20,5,5,31,0],"gold":46,"neow_bonus":"TWENTY_PERCENT_HP_BONUS","is_prod":false,"is_daily":false,"chose_seed":false,"campfire_upgraded":3,"win_rate":0,"timestamp":1552884221,"path_taken":["M","?","?","$","?","?","R","?","T","M","R","M","M","M","R","BOSS","M","?","?","?","M","R","?","R","T","?","E","$","M","?","R","BOSS"],"build_version":"2019-01-23","purchased_purges":1,"victory":false,"max_hp_per_floor":[89,89,89,89,89,89,89,89,89,89,89,89,89,89,89,89,89,89,89,89,89,89,89,89,89,89,89,89,89,89,89,89,89],"card_choices":[{"not_picked":["Turbo","Rebound"],"picked":"Loop","floor":1.0},{"not_picked":["Recycle","Go for the Eyes"],"picked":"Coolheaded","floor":3.0},{"not_picked":["Compile Driver","Cold Snap"],"picked":"Melter","floor":6.0},{"not_picked":["Turbo","Leap"],"picked":"Redo","floor":10.0},{"not_picked":["Beam Cell","Static Discharge"],"picked":"Defragment","floor":12.0},{"not_picked":["Streamline","Chaos"],"picked":"Multi-Cast","floor":13.0},{"not_picked":["Beam Cell","Go for the Eyes"],"picked":"Chaos","floor":14.0},{"not_picked":["Fission","Multi-Cast"],"picked":"Rainbow","floor":16},{"not_picked":["Turbo+1","Double Energy"],"picked":"Self Repair","floor":18},{"not_picked":["Chaos","Blizzard"],"picked":"Chill+1","floor":22},{"not_picked":["Turbo+1","Cold Snap"],"picked":"Compile Driver+1","floor":28},{"not_picked":["Barrage+1","Cold Snap"],"picked":"Tempest+1","floor":30},{"not_picked":["Turbo","Go for the Eyes"],"picked":"Heatsinks+1","floor":30}],"player_experience":2494990,"relics_obtained":[{"floor":8.0,"key":"Pen Nib"},{"floor":9.0,"key":"Ginger"},{"floor":21,"key":"Ice Cream"},{"floor":26,"key":"Prayer Wheel"},{"floor":27,"key":"Bottled Flame"},{"floor":28,"key":"Letter Opener"}],"event_choices":[{"damage_healed":0.0,"max_hp_gain":0.0,"max_hp_loss":0.0,"gold_gain":0.0,"event_name":"The Woman in Blue","player_choice":"Bought 0 Potions","floor":2.0,"gold_loss":0.0,"damage_taken":0.0},{"damage_healed":0.0,"max_hp_gain":0.0,"max_hp_loss":0.0,"gold_gain":0.0,"event_name":"Upgrade Shrine","player_choice":"Upgraded","floor":5.0,"gold_loss":0.0,"damage_taken":0.0,"cards_upgraded":["Loop"]},{"damage_healed":0,"gold_gain":99,"player_choice":"Stole From Cult","damage_taken":0,"max_hp_gain":0,"max_hp_loss":0,"event_name":"Nest","floor":19,"gold_loss":0},{"cards_removed":["Strike_B"],"damage_healed":0,"gold_gain":0,"player_choice":"Gave Gold","damage_taken":0,"max_hp_gain":0,"max_hp_loss":0,"event_name":"Beggar","floor":20,"gold_loss":75},{"damage_healed":0,"gold_gain":0,"player_choice":"Opened","damage_taken":0,"relics_obtained":["Calipers"],"max_hp_gain":0,"max_hp_loss":0,"event_name":"The Mausoleum","floor":24,"gold_loss":0,"cards_obtained":["Writhe"]}],"is_beta":false,"boss_relics":[{"not_picked":["Velvet Choker","Tiny House"],"picked":"Nuclear Battery"}],"items_purged_floors":[4],"is_endless":false,"potions_floor_spawned":[3,10,12,13,22],"killed_by":"Collector","ascension_level":10}