{"gold_per_floor":[110,121,132,132,148,181,181,208,208,222,242,242,265,285,285,381,381,364,102,102,102,102,102,129,129,181,191,209,242,253,253,253,358,358,373,388,206,220,237,237,248,273,319,31,31,49,75,75,75,75],"floor_reached":51,"playtime":4972,"items_purged":["Pain"],"score":819,"play_id":"09048b7d-2e9e-4d72-bc94-5479043d1991","local_time":"20190521220053","is_ascension_mode":true,"campfire_choices":[{"floor":7.0,"key":"REST"},{"floor":12.0,"key":"REST"},{"data":"Eviscerate","floor":15.0,"key":"SMITH"},{"floor":23.0,"key":"REST"},{"data":"A Thousand Cuts","floor":25.0,"key":"SMITH"},{"floor":32,"key":"REST"},{"floor":40,"key":"REST"},{"floor":45,"key":"REST"},{"floor":49,"key":"REST"}],"neow_cost":"NONE","seed_source_timestamp":0,"circlet_count":0,"master_deck":["Defend_G","Defend_G","Defend_G","Defend_G","Defend_G","Strike_G","Strike_G","Strike_G","Strike_G","Survivor","Neutralize","Dagger Throw","Prepared","Tools of the Trade","Deadly Poison","Quick Slash","Underhanded Strike","Crippling Poison","Eviscerate+1","Backflip","Leg Sweep","A Thousand Cuts+1","Well Laid Plans","Mayhem","Prepared","RitualDagger+1","Dash+1","Mayhem","Prepared+1","Underhanded Strike+1","Dash+1","Tools of the Trade","Deadly Poison","Deadly Poison","Crippling Poison","Dash+1","Eviscerate+1","Deadly Poison+1","Tactician","Storm of Steel","Dash+1"],"special_seed":0,"relics":["Sozu","Question Card","Regal Pillow","PreservedInsect","Odd Mushroom","Calling Bell","Ancient Tea Set","Molten Egg 2","Gambling Chip","Shuriken","Oddly Smooth Stone","Bottled Flame","Lizard Tail","The Courier","Snake Skull","Tough Bandages","Centennial Puzzle"],"potions_floor_usage":[],"damage_taken":[{"damage":0.0,"enemies":"2 Louse","floor":1.0,"turns":2.0},{"damage":0.0,"enemies":"Cultist","floor":2.0,"turns":4.0},{"damage":0.0,"enemies":"Jaw Worm","floor":3.0,"turns":4.0},{"damage":1.0,"enemies":"Blue Slaver","floor":5.0,"turns":4.0},{"damage":44.0,"enemies":"Gremlin Nob","floor":6.0,"turns":6.0},{"damage":9.0,"enemies":"3 Sentries","floor":8.0,"turns":8.0},{"damage":4.0,"enemies":"Large Slime","floor":10.0,"turns":5.0},{"damage":6.0,"enemies":"Gremlin Gang","floor":11.0,"turns":4.0},{"damage":4.0,"enemies":"The Mushroom Lair","floor":13.0,"turns":2.0},{"damage":14.0,"enemies":"Lots of Slimes","floor":14.0,"turns":4.0},{"damage":30.0,"enemies":"Slime Boss","floor":16.0,"turns":10.0},{"damage":17.0,"enemies":"2 Thieves","floor":18.0,"turns":4.0},{"damage":13.0,"enemies":"Slavers","floor":24.0,"turns":5.0},{"damage":0.0,"enemies":"3 Byrds","floor":27.0,"turns":3.0},{"damage":18.0,"enemies":"Sentry and Sphere","floor":28.0,"turns":6.0},{"damage":10.0,"enemies":"Book of Stabbing","floor":29.0,"turns":5.0},{"damage":6,"enemies":"3 Cultists","floor":30,"turns":5},{"damage":23,"enemies":"Collector","floor":33,"turns":7},{"damage":15,"enemies":"Orb Walker","floor":35,"turns":3},{"damage":0,"enemies":"3 Shapes","floor":36,"turns":4},{"damage":19,"enemies":"Maw","floor":38,"turns":7},{"damage":29,"enemies":"3 Darklings","floor":39,"turns":4},{"damage":16,"enemies":"Sphere and 2 Shapes","floor":41,"turns":6},{"damage":29,"enemies":"Giant Head","floor":42,"turns":7},{"damage":1,"enemies":"Spire Growth","floor":46,"turns":4},{"damage":27,"enemies":"Nemesis","floor":47,"turns":5},{"damage":39,"enemies":"Time Eater","floor":50,"turns":11}],"seed_played":"-2740461883216646893","potions_obtained":[],"is_trial":false,"path_per_floor":["M","M","M","?","M","E","R","E","T","M","M","R","?","M","R","B",null,"M","$","?","?","?","R","E","R","T","M","M","E","M","?","R","B",null,"M","M","$","M","M","R","M","E","T","$","R","M","E","$","R","B",null],"character_chosen":"THE_SILENT","items_purchased":["Mayhem","Prepared","Crippling Poison","Dash+1","Eviscerate+1","Tough Bandages","Tactician"],"campfire_rested":7,"item_purchase_floors":[19,19,37,37,37,44,44],"current_hp_per_floor":[70,70,70,70,69,25,46,37,37,33,27,63,59,45,45,15,70,53,53,47,47,47,70,57,57,57,57,39,29,23,23,59,36,70,55,55,55,36,7,43,27,35,35,35,70,69,42,42,70,31],"gold":75,"neow_bonus":"BOSS_RELIC","is_prod":false,"is_daily":false,"chose_seed":false,"campfire_upgraded":2,"win_rate":0,"timestamp":1558490453,"path_taken":["M","M","M","?","M","E","R","E","T","?","M","R","?","M","R","BOSS","M","$","?","?","?","R","E","R","T","M","?","E","M","?","R","BOSS","M","M","$","M","M","R","?","E","T","$","R","M","E","$","R","BOSS"],"build_version":"2019-01-23","purchased_purges":1,"victory":true,"max_hp_per_floor":[70,70,70,70,70,70,70,70,70,70,70,70,70,70,70,70,70,70,70,70,70,70,70,70,70,70,70,70,70,70,70,70,70,70,70,70,70,70,70,70,70,70,70,70,70,70,70,70,70,70],"card_choices":[{"not_picked":["Quick Slash","Outmaneuver"],"picked":"Dagger Throw","floor":1.0},{"not_picked":["Dagger Throw","Bane","Riddle With Holes"],"picked":"SKIP","floor":2.0},{"not_picked":["Terror","Blade Dance"],"picked":"Prepared","floor":3.0},{"not_picked":["Underhanded Strike","Slice"],"picked":"Deadly Poison","floor":5.0},{"not_picked":["Blur","Infinite Blades"],"picked":"Quick Slash","floor":6.0},{"not_picked":["Caltrops","PiercingWail","Dagger Spray"],"picked":"Underhanded Strike","floor":8.0},{"not_picked":["Noxious Fumes","Expertise","Footwork"],"picked":"Crippling Poison","floor":10.0},{"not_picked":["Dagger Spray","Heel Hook","Backflip"],"picked":"Eviscerate","floor":11.0},{"not_picked":["Blade Dance","Outmaneuver","Skewer"],"picked":"Backflip","floor":13.0},{"not_picked":["Bouncing Flask","Backflip","Blur"],"picked":"Leg Sweep","floor":14.0},{"not_picked":["Doppelganger","Glass Knife","Malaise"],"picked":"A Thousand Cuts","floor":16.0},{"not_picked":["Finisher+1","Backflip","Distraction"],"picked":"Well Laid Plans","floor":18.0},{"not_picked":["Sucker Punch+1","Infinite Blades","Footwork"],"picked":"Prepared+1","floor":24.0},{"not_picked":["Slice+1","Setup+1","Infinite Blades"],"picked":"Underhanded Strike+1","floor":27.0},{"not_picked":["Predator+1","Deflect","Choke+1","Slice+1"],"picked":"SKIP","floor":28.0},{"not_picked":["Sucker Punch+1","Dagger Spray+1","Deadly Poison"],"picked":"Dash+1","floor":29},{"not_picked":["Crippling Poison","Acrobatics+1","Dodge and Roll","Dagger Spray+1"],"picked":"SKIP","floor":30},{"not_picked":["Burst","Grand Finale+1","Corpse Explosion"],"picked":"Tools of the Trade","floor":33},{"not_picked":["Leg Sweep+1","Distraction","Calculated Gamble+1"],"picked":"Deadly Poison","floor":35},{"not_picked":["Bane+1","Deflect+1","Masterful Stab+1"],"picked":"Deadly Poison","floor":36},{"not_picked":["Heel Hook+1","Reflex+1","Poisoned Stab+1"],"picked":"Deadly Poison+1","floor":38},{"not_picked":["Quick Slash+1","Sucker Punch+1","Calculated Gamble+1","Acrobatics+1"],"picked":"SKIP","floor":39},{"not_picked":["Well Laid Plans","Reflex","Flechettes+1","Crippling Poison"],"picked":"SKIP","floor":41},{"not_picked":["Acrobatics+1","Eviscerate+1","Crippling Poison","Deadly Poison"],"picked":"SKIP","floor":42},{"not_picked":["Cloak And Dagger","Dagger Spray+1","Accuracy+1"],"picked":"Storm of Steel","floor":46},{"not_picked":["PiercingWail","Cloak And Dagger","Deflect"],"picked":"Dash+1","floor":47}],"player_experience":287878,"relics_obtained":[{"floor":6.0,"key":"Question Card"},{"floor":8.0,"key":"Regal Pillow"},{"floor":9.0,"key":"PreservedInsect"},{"floor":13.0,"key":"Odd Mushroom"},{"floor":17.0,"key":"Ancient Tea Set"},{"floor":17.0,"key":"Molten Egg 2"},{"floor":17.0,"key":"Gambling Chip"},{"floor":24.0,"key":"Shuriken"},{"floor":26.0,"key":"Oddly Smooth Stone"},{"floor":29,"key":"Bottled Flame"},{"floor":42,"key":"The Courier"},{"floor":43,"key":"Snake Skull"},{"floor":47,"key":"Centennial Puzzle"}],"event_choices":[{"damage_healed":0.0,"max_hp_gain":0.0,"max_hp_loss":0.0,"gold_gain":0.0,"cards_transformed":["Strike_G"],"event_name":"Transmorgrifier","player_choice":"Transformed","floor":4.0,"gold_loss":0.0,"damage_taken":0.0,"cards_obtained":["Tools of the Trade"]},{"damage_healed":0.0,"max_hp_gain":0.0,"max_hp_loss":0.0,"gold_gain":0.0,"event_name":"Mushrooms","player_choice":"Fought Mushrooms","floor":13.0,"gold_loss":0.0,"damage_taken":0.0},{"damage_healed":0.0,"max_hp_gain":0.0,"max_hp_loss":0.0,"gold_gain":0.0,"event_name":"Nest","player_choice":"Joined the Cult","floor":20.0,"gold_loss":0.0,"damage_taken":6.0,"cards_obtained":["RitualDagger"]},{"damage_healed":0.0,"max_hp_gain":0.0,"max_hp_loss":0.0,"gold_gain":0.0,"event_name":"The Library","player_choice":"Read","floor":21.0,"gold_loss":0.0,"damage_taken":0.0,"cards_obtained":["Dash"]},{"damage_healed":0.0,"max_hp_gain":0.0,"max_hp_loss":0.0,"gold_gain":0.0,"event_name":"Duplicator","player_choice":"Copied","floor":22.0,"gold_loss":0.0,"damage_taken":0.0,"cards_obtained":["Mayhem"]},{"cards_removed":["Writhe","Clumsy"],"damage_healed":0,"gold_gain":0,"player_choice":"Removed Curses","damage_taken":0,"max_hp_gain":0,"max_hp_loss":0,"event_name":"Fountain of Cleansing","floor":31,"gold_loss":0}],"is_beta":false,"boss_relics":[{"not_picked":["White Beast Statue","Eternal Feather"],"picked":"Calling Bell"},{"not_picked":["Philosopher\u0027s Stone","Tiny House"],"picked":"Lizard Tail"}],"items_purged_floors":[19],"is_endless":false,"potions_floor_spawned":[2,5,11,13,28,29,30,38,39,46],"ascension_level":1}