{"gold_per_floor":[118,134,148,162,162,195,195,225,252,280,280,290,309,332,332,428,428,447,447,447,61,61,61],"floor_reached":23,"playtime":6121,"items_purged":["Strike_G+1"],"score":282,"play_id":"58006cc9-47d3-4a48-8daa-9d3473176f32","local_time":"20190103202205","is_ascension_mode":true,"campfire_choices":[{"data":"Neutralize","floor":7.0,"key":"SMITH"},{"floor":15.0,"key":"REST"}],"neow_cost":"TEN_PERCENT_HP_LOSS","seed_source_timestamp":0,"circlet_count":0,"master_deck":["Defend_G","Defend_G","Defend_G","Defend_G","Defend_G","Strike_G+1","Survivor","Neutralize+1","Sucker Punch","Flying Knee","All Out Attack","Quick Slash","Backflip","Cloak And Dagger","A Thousand Cuts","Terror","Envenom","Poisoned Stab+1","Flying Knee"],"special_seed":0,"relics":["Ring of the Snake","Singing Bowl","Paper Crane","Potion Belt","Whetstone","Pen Nib","Bag of Preparation","Lizard Tail","Enchiridion","Torii"],"potions_floor_usage":[],"damage_taken":[{"damage":17.0,"enemies":"Cultist","floor":1.0,"turns":7.0},{"damage":1.0,"enemies":"Jaw Worm","floor":2.0,"turns":4.0},{"damage":0.0,"enemies":"2 Louse","floor":3.0,"turns":2.0},{"damage":1.0,"enemies":"Exordium Wildlife","floor":4.0,"turns":2.0},{"damage":10.0,"enemies":"3 Sentries","floor":6.0,"turns":5.0},{"damage":18.0,"enemies":"Gremlin Nob","floor":8.0,"turns":4.0},{"damage":16.0,"enemies":"Lagavulin","floor":10.0,"turns":7.0},{"damage":0.0,"enemies":"Blue Slaver","floor":12.0,"turns":4.0},{"damage":0.0,"enemies":"Looter","floor":13.0,"turns":3.0},{"damage":16.0,"enemies":"The Guardian","floor":16.0,"turns":11.0},{"damage":38.0,"enemies":"2 Thieves","floor":18.0,"turns":5.0},{"damage":23,"enemies":"Book of Stabbing","floor":23,"turns":4}],"seed_played":"-4795342750199644231","potions_obtained":[{"floor":1.0,"key":"LiquidBronze"},{"floor":3.0,"key":"SteroidPotion"},{"floor":6.0,"key":"Regen Potion"},{"floor":8.0,"key":"GhostInAJar"},{"floor":10.0,"key":"PowerPotion"},{"floor":16.0,"key":"Swift Potion"},{"floor":18.0,"key":"Strength Potion"}],"is_trial":false,"path_per_floor":["M","M","M","M","T","E","R","E","T","E","?","M","M","T","R","B",null,"M","?","?","$","?","E"],"character_chosen":"THE_SILENT","items_purchased":["Torii","Flying Knee"],"campfire_rested":1,"item_purchase_floors":[21,21],"current_hp_per_floor":[46,45,45,44,44,36,36,30,30,14,14,14,14,14,33,17,53,15,15,32,32,21,0],"gold":61,"neow_bonus":"REMOVE_TWO","is_prod":false,"is_daily":false,"chose_seed":false,"campfire_upgraded":1,"win_rate":0,"timestamp":1546568525,"path_taken":["M","M","M","M","?","E","R","E","T","E","?","?","M","?","R","BOSS","M","?","?","$","?","E"],"build_version":"2019-01-03","purchased_purges":1,"victory":false,"max_hp_per_floor":[63,63,63,63,63,65,65,65,65,65,65,65,65,65,65,65,65,65,65,65,65,70,70],"card_choices":[{"not_picked":["Heel Hook","Dodge and Roll"],"picked":"Sucker Punch","floor":1.0},{"not_picked":["Outmaneuver","Riddle With Holes"],"picked":"Flying Knee","floor":2.0},{"not_picked":["Endless Agony","Blade Dance"],"picked":"All Out Attack","floor":3.0},{"not_picked":["Masterful Stab","Dagger Throw"],"picked":"Quick Slash","floor":4.0},{"not_picked":["Bouncing Flask","Outmaneuver","Choke"],"picked":"Singing Bowl","floor":6.0},{"not_picked":["Heel Hook","Outmaneuver"],"picked":"Backflip","floor":8.0},{"not_picked":["Flying Knee","Deflect"],"picked":"Cloak And Dagger","floor":10.0},{"not_picked":["Eviscerate","Sucker Punch"],"picked":"A Thousand Cuts","floor":12.0},{"not_picked":["All Out Attack","Bouncing Flask"],"picked":"Terror","floor":13.0},{"not_picked":["Glass Knife","Die Die Die"],"picked":"Envenom","floor":16.0},{"not_picked":["Bane","Acrobatics"],"picked":"Poisoned Stab+1","floor":18.0}],"player_experience":447439,"relics_obtained":[{"floor":5.0,"key":"Singing Bowl"},{"floor":6.0,"key":"Paper Crane"},{"floor":8.0,"key":"Potion Belt"},{"floor":9.0,"key":"Whetstone"},{"floor":10.0,"key":"Pen Nib"},{"floor":14.0,"key":"Bag of Preparation"},{"floor":20,"key":"Enchiridion"}],"event_choices":[{"damage_healed":0.0,"max_hp_gain":0.0,"max_hp_loss":0.0,"gold_gain":0.0,"event_name":"Match and Keep!","player_choice":"0 cards matched","floor":11.0,"gold_loss":0.0,"damage_taken":0.0,"cards_obtained":[]},{"cards_removed":["Strike_G"],"damage_healed":0.0,"max_hp_gain":0.0,"max_hp_loss":0.0,"gold_gain":0.0,"event_name":"Back to Basics","player_choice":"Elegance","floor":19.0,"gold_loss":0.0,"damage_taken":0.0},{"damage_healed":0,"gold_gain":0,"player_choice":"Obtained Book","damage_taken":16,"max_hp_gain":0,"max_hp_loss":0,"event_name":"Cursed Tome","floor":20,"gold_loss":0},{"damage_healed":0,"gold_gain":0,"player_choice":"Shed Blood","damage_taken":16,"max_hp_gain":5,"max_hp_loss":0,"event_name":"Forgotten Altar","floor":22,"gold_loss":0}],"is_beta":false,"boss_relics":[{"not_picked":["Calling Bell","WristBlade"],"picked":"Lizard Tail"}],"items_purged_floors":[21],"is_endless":false,"potions_floor_spawned":[1,3,6,8,10,16,18],"killed_by":"Book of Stabbing","ascension_level":7}