{"gold_per_floor":[368,443,34,34,34,34,64,84,110,110,169,185,195,210,210,289,289,305,325,325,341,40,72,85,100,100,100,117,130,30,42,42,117,117,136,11,0,100,114,114,129,129,154,180,180,199,228,241,241,241],"floor_reached":51,"playtime":3422,"items_purged":["Writhe","Strike_R","Defend_R"],"score":1422,"play_id":"6cbd0c22-0966-4384-a6e4-1001f0bebb2b","local_time":"20190506175738","is_ascension_mode":true,"campfire_choices":[{"data":"Iron Wave","floor":6.0,"key":"SMITH"},{"floor":10.0,"key":"REST"},{"data":"Blood for Blood","floor":15.0,"key":"SMITH"},{"floor":27.0,"key":"REST"},{"floor":32.0,"key":"REST"},{"floor":40.0,"key":"REST"},{"data":"Corruption","floor":42.0,"key":"SMITH"},{"data":"Fire Breathing","floor":45.0,"key":"SMITH"},{"floor":49,"key":"REST"}],"neow_cost":"CURSE","seed_source_timestamp":946053242980931,"circlet_count":0,"master_deck":["AscendersBane","Strike_R","Strike_R","Strike_R","Strike_R","Defend_R+1","Defend_R+1","Defend_R","Bash","Iron Wave+1","Iron Wave+1","Feed","Whirlwind","Thunderclap","Pummel","Shrug It Off","Blood for Blood+1","Reaper","Fire Breathing+1","Rampage","Iron Wave+1","Twin Strike","Pommel Strike","Shrug It Off+1","Reaper","Shrug It Off+1","True Grit+1","Corruption+1","Pummel+1","Whirlwind+1"],"special_seed":0,"relics":["Burning Blood","Shuriken","Boot","Red Skull","Tiny Chest","Velvet Choker","Ornamental Fan","Singing Bowl","Kunai","Lizard Tail","Red Mask","Dead Branch","War Paint","Calipers","Bottled Flame"],"potions_floor_usage":[48,50,50],"damage_taken":[{"damage":14.0,"enemies":"Jaw Worm","floor":1.0,"turns":3.0},{"damage":38.0,"enemies":"Lagavulin","floor":7.0,"turns":7.0},{"damage":0.0,"enemies":"2 Louse","floor":8.0,"turns":2.0},{"damage":28.0,"enemies":"3 Sentries","floor":11.0,"turns":6.0},{"damage":0.0,"enemies":"Cultist","floor":12.0,"turns":2.0},{"damage":0.0,"enemies":"2 Fungi Beasts","floor":13.0,"turns":1.0},{"damage":0.0,"enemies":"Lots of Slimes","floor":14.0,"turns":2.0},{"damage":9.0,"enemies":"Slime Boss","floor":16.0,"turns":8.0},{"damage":37.0,"enemies":"Chosen","floor":18.0,"turns":5.0},{"damage":30.0,"enemies":"Shell Parasite","floor":19.0,"turns":4.0},{"damage":12.0,"enemies":"3 Cultists","floor":21.0,"turns":4.0},{"damage":33.0,"enemies":"Gremlin Leader","floor":23.0,"turns":4.0},{"damage":26.0,"enemies":"Snake Plant","floor":24.0,"turns":4.0},{"damage":8.0,"enemies":"Centurion and Healer","floor":25.0,"turns":5.0},{"damage":10.0,"enemies":"Snecko","floor":28.0,"turns":5.0},{"damage":31.0,"enemies":"Cultist and Chosen","floor":29.0,"turns":6.0},{"damage":26.0,"enemies":"Shelled Parasite and Fungi","floor":31.0,"turns":5.0},{"damage":37.0,"enemies":"Champ","floor":33.0,"turns":11.0},{"damage":22.0,"enemies":"3 Shapes","floor":35.0,"turns":4.0},{"damage":51.0,"enemies":"Mind Bloom Boss Battle","floor":38.0,"turns":8.0},{"damage":23.0,"enemies":"Orb Walker","floor":39.0,"turns":4.0},{"damage":12.0,"enemies":"Spire Growth","floor":41.0,"turns":6.0},{"damage":8.0,"enemies":"Nemesis","floor":44.0,"turns":7.0},{"damage":68.0,"enemies":"Sphere and 2 Shapes","floor":46.0,"turns":5.0},{"damage":39,"enemies":"Reptomancer","floor":47,"turns":7},{"damage":22,"enemies":"Transient","floor":48,"turns":6},{"damage":90,"enemies":"Awakened One","floor":50,"turns":17}],"seed_played":"6884364627299718881","potions_obtained":[{"floor":7.0,"key":"Swift Potion"},{"floor":11.0,"key":"AttackPotion"},{"floor":14.0,"key":"Block Potion"},{"floor":19.0,"key":"Fire Potion"},{"floor":24.0,"key":"SkillPotion"},{"floor":29.0,"key":"SneckoOil"},{"floor":33.0,"key":"Ancient Potion"},{"floor":35.0,"key":"Ancient Potion"},{"floor":44.0,"key":"Swift Potion"},{"floor":47,"key":"Regen Potion"},{"floor":48,"key":"EssenceOfSteel"}],"is_trial":false,"path_per_floor":["M","?","$","?","$","R","E","M","T","R","E","M","M","M","R","B",null,"M","M","?","M","$","E","M","M","T","R","M","M","$","M","R","B",null,"M","$","?","?","M","R","M","R","T","E","R","M","E","M","R","B",null],"character_chosen":"IRONCLAD","items_purchased":["Shuriken","Iron Wave","Ornamental Fan","Twin Strike"],"campfire_rested":5,"item_purchase_floors":[3,3,22,22],"current_hp_per_floor":[60,49,49,49,49,49,17,26,26,49,27,33,39,48,48,45,72,48,24,24,45,45,32,21,35,35,62,61,36,36,21,50,26,80,79,79,79,51,43,73,73,73,73,71,71,40,17,34,66,8],"gold":241,"neow_bonus":"TWO_FIFTY_GOLD","is_prod":false,"is_daily":false,"chose_seed":false,"campfire_upgraded":4,"win_rate":0,"timestamp":1557174458,"path_taken":["M","?","$","?","$","R","E","M","T","R","E","?","M","M","R","BOSS","M","M","?","?","$","E","M","M","T","R","M","M","$","M","R","BOSS","M","$","?","?","M","R","M","R","T","E","R","M","E","M","R","BOSS"],"build_version":"2019-01-23","purchased_purges":3,"victory":true,"max_hp_per_floor":[75,75,75,75,75,75,75,78,78,78,78,78,78,81,81,81,81,81,81,81,84,84,86,88,90,90,90,93,93,93,98,98,98,98,98,98,98,98,100,100,100,100,100,100,100,105,105,107,107,107],"card_choices":[{"not_picked":["Havoc","Infernal Blade"],"picked":"Iron Wave","floor":1.0},{"not_picked":["Immolate","Thunderclap"],"picked":"Feed","floor":7.0},{"not_picked":["Combust","Intimidate"],"picked":"Whirlwind","floor":8.0},{"not_picked":["Havoc","Rupture"],"picked":"Thunderclap","floor":11.0},{"not_picked":["Flex","Reckless Charge"],"picked":"Pummel","floor":12.0},{"not_picked":["Anger","Wild Strike"],"picked":"Shrug It Off","floor":13.0},{"not_picked":["Metallicize","Twin Strike"],"picked":"Blood for Blood","floor":14.0},{"not_picked":["Berserk","Dark Embrace"],"picked":"Reaper","floor":16.0},{"not_picked":["Clothesline","Anger"],"picked":"Fire Breathing","floor":18.0},{"not_picked":["Havoc","Thunderclap"],"picked":"Rampage","floor":19.0},{"not_picked":["Searing Blow","Reckless Charge","Spot Weakness"],"picked":"SKIP","floor":21.0},{"not_picked":["Infernal Blade+1","Sword Boomerang","Thunderclap"],"picked":"Singing Bowl","floor":23.0},{"not_picked":["Battle Trance","Reckless Charge","Thunderclap"],"picked":"Singing Bowl","floor":24.0},{"not_picked":["Juggernaut","Havoc+1","Thunderclap+1"],"picked":"Singing Bowl","floor":25.0},{"not_picked":["Body Slam","Clothesline"],"picked":"Pommel Strike","floor":28.0},{"not_picked":["Clash","Cleave"],"picked":"Shrug It Off+1","floor":29.0},{"not_picked":["Heavy Blade","Fiend Fire","Warcry"],"picked":"Singing Bowl","floor":31.0},{"not_picked":["Demon Form","Dark Embrace"],"picked":"Reaper","floor":33.0},{"not_picked":["Flame Barrier","Armaments"],"picked":"Shrug It Off+1","floor":35.0},{"not_picked":["Entrench","Sword Boomerang"],"picked":"True Grit+1","floor":38.0},{"not_picked":["Armaments","Seeing Red","Reckless Charge"],"picked":"Singing Bowl","floor":39.0},{"not_picked":["Shrug It Off+1","Whirlwind+1"],"picked":"Corruption","floor":41.0},{"not_picked":["Flex+1","Blood for Blood"],"picked":"Pummel+1","floor":44.0},{"not_picked":["Headbutt+1","Feed","Havoc"],"picked":"Singing Bowl","floor":46.0},{"not_picked":["Burning Pact","Flame Barrier"],"picked":"Whirlwind+1","floor":47},{"not_picked":["Hemokinesis+1","Headbutt","Twin Strike"],"picked":"Singing Bowl","floor":48}],"player_experience":1169727,"relics_obtained":[{"floor":7.0,"key":"Boot"},{"floor":9.0,"key":"Red Skull"},{"floor":11.0,"key":"Tiny Chest"},{"floor":23.0,"key":"Singing Bowl"},{"floor":26.0,"key":"Kunai"},{"floor":38.0,"key":"Dead Branch"},{"floor":43.0,"key":"War Paint"},{"floor":44.0,"key":"Calipers"},{"floor":47,"key":"Bottled Flame"}],"event_choices":[{"damage_healed":0.0,"max_hp_gain":0.0,"max_hp_loss":0.0,"gold_gain":75.0,"event_name":"World of Goop","player_choice":"Gather Gold","floor":2.0,"gold_loss":0.0,"damage_taken":11.0},{"damage_healed":0.0,"max_hp_gain":0.0,"max_hp_loss":0.0,"gold_gain":0.0,"event_name":"Accursed Blacksmith","player_choice":"Forge","floor":4.0,"gold_loss":0.0,"damage_taken":0.0,"cards_upgraded":["Iron Wave"]},{"damage_healed":0.0,"max_hp_gain":0.0,"max_hp_loss":0.0,"gold_gain":0.0,"event_name":"Duplicator","player_choice":"Copied","floor":20.0,"gold_loss":0.0,"damage_taken":0.0,"cards_obtained":["Iron Wave"]},{"damage_healed":0.0,"max_hp_gain":0.0,"max_hp_loss":0.0,"gold_gain":0.0,"event_name":"Tomb of Lord Red Mask","player_choice":"Paid","floor":37.0,"gold_loss":11.0,"damage_taken":0.0,"relics_obtained":["Red Mask"]},{"damage_healed":0.0,"max_hp_gain":0.0,"max_hp_loss":0.0,"gold_gain":0.0,"event_name":"MindBloom","player_choice":"Fight","floor":38.0,"gold_loss":0.0,"damage_taken":0.0}],"is_beta":false,"boss_relics":[{"not_picked":["Sozu","Orrery"],"picked":"Velvet Choker"},{"not_picked":["Tiny House","Eternal Feather"],"picked":"Lizard Tail"}],"items_purged_floors":[3,30,36],"is_endless":false,"potions_floor_spawned":[7,11,14,19,24,29,33,35,44,47,48],"ascension_level":19}