{"gold_per_floor":[10,22,22,36,36,71,71,89,89,1,1,1,1,39,39,137,137,152,67,85,5,5,48,48,48,48,48,83,102,116,116,116,207,207,231,231,256,279,300,336,336,336],"floor_reached":42,"playtime":4422,"items_purged":[],"score":944,"play_id":"3bb9848a-7b32-453d-998b-a4bca8479eb7","local_time":"20190517200116","is_ascension_mode":true,"campfire_choices":[{"data":"Noxious Fumes","floor":7.0,"key":"SMITH"},{"data":"Noxious Fumes","floor":11.0,"key":"SMITH"},{"data":"Crippling Poison","floor":13.0,"key":"SMITH"},{"data":"Predator","floor":15.0,"key":"SMITH"},{"floor":24.0,"key":"REST"},{"floor":27.0,"key":"REST"},{"floor":32.0,"key":"REST"},{"floor":41,"key":"REST"}],"neow_cost":"NO_GOLD","seed_source_timestamp":263487751478786,"circlet_count":0,"master_deck":["AscendersBane","Defend_G","Defend_G","Defend_G","Defend_G","Defend_G","Strike_G","Survivor","Neutralize","Poisoned Stab","Deflect","Dash","Noxious Fumes+1","Crippling Poison+1","Noxious Fumes+1","Predator+1","After Image","Skewer+1","Burst+1","Bane+1","Backstab","Bouncing Flask","PiercingWail","PiercingWail+1","Malaise","Glass Knife","Noxious Fumes","Cloak And Dagger","Blur"],"special_seed":0,"relics":["Ring of the Snake","Anchor","Ninja Scroll","Golden Idol","Gremlin Horn","Astrolabe","Orichalcum","Letter Opener","Shuriken","Strawberry","Philosopher\u0027s Stone","Dodecahedron"],"potions_floor_usage":[40],"damage_taken":[{"damage":2.0,"enemies":"Jaw Worm","floor":1.0,"turns":5.0},{"damage":1.0,"enemies":"Small Slimes","floor":2.0,"turns":3.0},{"damage":0.0,"enemies":"2 Louse","floor":4.0,"turns":3.0},{"damage":21.0,"enemies":"Gremlin Nob","floor":6.0,"turns":6.0},{"damage":4.0,"enemies":"Gremlin Gang","floor":8.0,"turns":4.0},{"damage":25.0,"enemies":"3 Sentries","floor":14.0,"turns":8.0},{"damage":6.0,"enemies":"Slime Boss","floor":16.0,"turns":7.0},{"damage":17.0,"enemies":"Spheric Guardian","floor":18.0,"turns":5.0},{"damage":6.0,"enemies":"Shell Parasite","floor":20.0,"turns":8.0},{"damage":27.0,"enemies":"Book of Stabbing","floor":23.0,"turns":6.0},{"damage":22.0,"enemies":"Slavers","floor":28.0,"turns":5.0},{"damage":7.0,"enemies":"Centurion and Healer","floor":29.0,"turns":4.0},{"damage":19.0,"enemies":"Cultist and Chosen","floor":30.0,"turns":6.0},{"damage":24.0,"enemies":"Automaton","floor":33.0,"turns":10.0},{"damage":12.0,"enemies":"3 Darklings","floor":35.0,"turns":5.0},{"damage":0,"enemies":"3 Shapes","floor":37,"turns":5},{"damage":4,"enemies":"3 Darklings","floor":39,"turns":5},{"damage":35,"enemies":"Reptomancer","floor":40,"turns":6},{"damage":37,"enemies":"Spire Growth","floor":42,"turns":5}],"seed_played":"1506546076518922281","potions_obtained":[{"floor":4.0,"key":"GhostInAJar"},{"floor":14.0,"key":"Explosive Potion"},{"floor":16.0,"key":"Ancient Potion"},{"floor":18.0,"key":"GamblersBrew"},{"floor":28.0,"key":"Dexterity Potion"},{"floor":29.0,"key":"Dexterity Potion"},{"floor":30.0,"key":"PowerPotion"},{"floor":37,"key":"Fire Potion"},{"floor":40,"key":"SpeedPotion"}],"is_trial":false,"path_per_floor":["M","M","?","M","$","E","R","M","T","$","R","?","R","E","R","B",null,"M","?","M","$","?","E","R","$","T","R","E","M","M","?","R","B",null,"M","?","M","T","M","E","R","M"],"character_chosen":"THE_SILENT","items_purchased":["Noxious Fumes","Bouncing Flask"],"campfire_rested":4,"item_purchase_floors":[10,21],"current_hp_per_floor":[69,68,61,61,61,40,40,36,36,36,36,36,36,11,11,5,55,38,38,32,32,32,5,26,26,26,47,32,25,6,6,29,5,60,48,48,48,48,44,9,32,0],"gold":336,"neow_bonus":"TWENTY_PERCENT_HP_BONUS","is_prod":false,"is_daily":false,"chose_seed":false,"campfire_upgraded":4,"win_rate":0,"timestamp":1558148476,"path_taken":["M","M","?","M","$","E","R","M","T","$","R","?","R","E","R","BOSS","M","?","M","$","?","E","R","$","T","R","E","?","M","?","R","BOSS","M","?","?","?","?","E","R","?"],"build_version":"2019-05-07","purchased_purges":0,"victory":false,"max_hp_per_floor":[78,78,78,78,78,78,78,78,78,78,78,71,71,71,71,71,71,71,71,71,71,71,71,71,71,71,71,78,78,78,78,78,78,78,78,78,78,78,78,78,78,78],"card_choices":[{"not_picked":["Quick Slash","PiercingWail"],"picked":"Poisoned Stab","floor":1.0},{"not_picked":["Endless Agony","Underhanded Strike"],"picked":"Deflect","floor":2.0},{"not_picked":["A Thousand Cuts","Quick Slash"],"picked":"Dash","floor":4.0},{"not_picked":["Slice","Blade Dance"],"picked":"Noxious Fumes","floor":6.0},{"not_picked":["Predator","Backflip"],"picked":"Crippling Poison","floor":8.0},{"not_picked":["Setup","Accuracy"],"picked":"Predator","floor":14.0},{"not_picked":["Unload","A Thousand Cuts"],"picked":"After Image","floor":16.0},{"not_picked":["Dash","Distraction","Infinite Blades"],"picked":"SKIP","floor":18.0},{"not_picked":["Expertise+1","Sucker Punch"],"picked":"Backstab","floor":20.0},{"not_picked":["Tools of the Trade","Blade Dance","Flying Knee"],"picked":"SKIP","floor":23.0},{"not_picked":["Bane","Grand Finale"],"picked":"PiercingWail","floor":28.0},{"not_picked":["Dodge and Roll","Acrobatics+1","Finisher"],"picked":"SKIP","floor":29.0},{"not_picked":["Riddle With Holes","Cloak And Dagger"],"picked":"PiercingWail+1","floor":30.0},{"not_picked":["Storm of Steel","Grand Finale"],"picked":"Malaise","floor":33.0},{"not_picked":["Dagger Spray+1","Blade Dance","Slice"],"picked":"SKIP","floor":35.0},{"not_picked":["Deadly Poison","Skewer"],"picked":"Noxious Fumes","floor":37},{"not_picked":["Dash","Outmaneuver"],"picked":"Cloak And Dagger","floor":39},{"not_picked":["Flying Knee","Glass Knife"],"picked":"Blur","floor":40}],"player_experience":1545256,"relics_obtained":[{"floor":6.0,"key":"Anchor"},{"floor":9.0,"key":"Ninja Scroll"},{"floor":14.0,"key":"Gremlin Horn"},{"floor":23.0,"key":"Letter Opener"},{"floor":26.0,"key":"Shuriken"},{"floor":28.0,"key":"Strawberry"},{"floor":40,"key":"Dodecahedron"}],"event_choices":[{"cards_removed":["Strike_G"],"damage_healed":0.0,"max_hp_gain":0.0,"max_hp_loss":0.0,"gold_gain":0.0,"event_name":"Golden Wing","player_choice":"Card Removal","floor":3.0,"gold_loss":0.0,"damage_taken":7.0},{"damage_healed":0.0,"max_hp_gain":0.0,"max_hp_loss":7.0,"gold_gain":0.0,"event_name":"Golden Idol","player_choice":"Lose Max HP","floor":12.0,"gold_loss":0.0,"damage_taken":0.0,"relics_obtained":["Golden Idol"]},{"damage_healed":0.0,"max_hp_gain":0.0,"max_hp_loss":0.0,"gold_gain":0.0,"event_name":"Addict","player_choice":"Obtained Relic","floor":19.0,"gold_loss":85.0,"damage_taken":0.0,"relics_obtained":["Orichalcum"]},{"damage_healed":0.0,"max_hp_gain":0.0,"max_hp_loss":0.0,"gold_gain":0.0,"event_name":"Match and Keep!","player_choice":"0 cards matched","floor":22.0,"gold_loss":0.0,"damage_taken":0.0,"cards_obtained":[]},{"damage_healed":0.0,"max_hp_gain":0.0,"max_hp_loss":0.0,"gold_gain":0.0,"event_name":"Vampires","player_choice":"Ignored","floor":31.0,"gold_loss":0.0,"damage_taken":0.0},{"damage_healed":0,"gold_gain":0,"player_choice":"1 cards matched","damage_taken":0,"max_hp_gain":0,"max_hp_loss":0,"event_name":"Match and Keep!","floor":36,"gold_loss":0,"cards_obtained":["Glass Knife"]}],"is_beta":true,"boss_relics":[{"not_picked":["Calling Bell","Runic Dome"],"picked":"Astrolabe"},{"not_picked":["White Beast Statue","Empty Cage"],"picked":"Philosopher\u0027s Stone"}],"items_purged_floors":[],"is_endless":false,"potions_floor_spawned":[4,14,16,18,28,29,30,37,40],"killed_by":"Spire Growth","ascension_level":20}