{"path_per_floor":["M","$","?","M","?","R","E","M","T","M","M","R","E","$","R","B",null,"M","?","?","M","$","R","M","E","T","M","?","?","?","M","R","B",null,"M","M","$","?","?","R","E","M","T","?","M","R","M","?","R"],"character_chosen":"THE_SILENT","items_purchased":["Footwork","Storm of Steel","Blur","Accuracy"],"gold_per_floor":[113,1,1,19,19,19,53,65,65,84,94,94,420,99,99,199,199,180,180,105,125,0,0,11,40,92,109,109,109,109,109,109,204,234,245,264,114,114,0,0,26,42,113,113,124,124,141,141,141,141],"floor_reached":50,"campfire_rested":2,"playtime":5079,"item_purchase_floors":[2,14,14,14],"current_hp_per_floor":[68,68,61,60,60,60,47,47,47,47,47,47,47,47,47,29,70,50,37,37,37,37,37,37,19,19,19,19,19,19,21,36,52,57,50,48,48,48,48,48,11,14,14,14,28,28,32,32,49,0],"items_purged":["Defend_G","Defend_G","Defend_G","Normality"],"gold":141,"score":654,"play_id":"04140670-1305-4344-bbda-dc8a5de3147f","local_time":"20180606021111","is_prod":false,"is_daily":false,"chose_seed":false,"is_ascension_mode":true,"campfire_upgraded":6,"win_rate":0,"timestamp":1528243871,"campfire_choices":[{"data":"Footwork","floor":6,"key":"SMITH"},{"data":"Tools of the Trade","floor":12,"key":"SMITH"},{"data":"Blur","floor":15,"key":"SMITH"},{"data":"Storm of Steel","floor":23,"key":"SMITH"},{"floor":32,"key":"REST"},{"data":"Accuracy","floor":40,"key":"SMITH"},{"data":"Cloak And Dagger","floor":46,"key":"SMITH"},{"floor":49,"key":"REST"}],"path_taken":["M","$","?","M","?","R","E","M","T","?","M","R","E","$","R","BOSS","M","?","?","M","$","R","?","E","T","M","?","?","?","M","R","BOSS","M","M","$","?","?","R","E","M","T","?","M","R","?","?","R","BOSS"],"build_version":"2018-05-31","seed_source_timestamp":1739106610263575,"purchased_purges":4,"victory":false,"master_deck":["Defend_G","Survivor","Neutralize+1","Slice+1","Footwork+1","Predator","Tools of the Trade+1","Cloak And Dagger","Dagger Spray","Acrobatics","Quick Slash","Storm of Steel+1","Blur+1","Accuracy+1","Finisher","Backflip","Deflect","Underhanded Strike","Bite","Bite","Bite","Bite","Bite","Adrenaline","Footwork","Deflect","Underhanded Strike+1","Master of Strategy","Cloak And Dagger+1","Regret","Blur+1","Slice+1"],"max_hp_per_floor":[70,70,70,70,70,70,70,70,70,70,70,70,70,70,70,70,70,70,75,75,75,75,75,75,75,75,75,75,75,52,52,52,52,57,57,57,57,57,57,57,57,57,57,57,57,57,57,57,57,57],"relics":["Ring of the Snake","Kunai","Ornamental Fan","Old Coin","Cursed Key","Pen Nib","Ancient Tea Set","Tiny House","Red Mask","Sundial","Tough Bandages"],"card_choices":[{"not_picked":["Prepared","Bane"],"picked":"Slice","floor":1},{"not_picked":["Escape Plan","Deadly Poison"],"picked":"Predator","floor":4},{"not_picked":["Poisoned Stab","Escape Plan"],"picked":"Tools of the Trade","floor":7},{"not_picked":["Sucker Punch","Noxious Fumes"],"picked":"Cloak And Dagger","floor":8},{"not_picked":["Bane","Sucker Punch"],"picked":"Dagger Spray","floor":10},{"not_picked":["Caltrops","Crippling Poison"],"picked":"Acrobatics","floor":11},{"not_picked":["Bouncing Flask","Sucker Punch"],"picked":"Quick Slash","floor":13},{"not_picked":["Crippling Poison","Sucker Punch+1"],"picked":"Finisher","floor":18},{"not_picked":["Outmaneuver","Bane+1"],"picked":"Backflip","floor":21},{"not_picked":["Dagger Throw+1","Caltrops+1"],"picked":"Deflect","floor":24},{"not_picked":["Distraction","Dash"],"picked":"Underhanded Strike","floor":25},{"not_picked":["Escape Plan+1","Dodge and Roll","Catalyst+1"],"picked":"SKIP","floor":27},{"not_picked":["Storm of Steel","After Image"],"picked":"Adrenaline","floor":33},{"not_picked":["Deflect","Catalyst+1"],"picked":"Footwork","floor":34},{"not_picked":["Dagger Spray+1","Dagger Throw"],"picked":"Deflect","floor":35},{"not_picked":["Reflex+1","Noxious Fumes+1"],"picked":"Underhanded Strike+1","floor":36},{"not_picked":["Finesse","Trip"],"picked":"Master of Strategy","floor":38},{"not_picked":["Escape Plan","Acrobatics+1","All Out Attack"],"picked":"SKIP","floor":41},{"not_picked":["PiercingWail+1","Heel Hook+1"],"picked":"Cloak And Dagger","floor":42},{"not_picked":["PiercingWail+1","Poisoned Stab"],"picked":"Blur+1","floor":45},{"not_picked":["Flechettes+1","Crippling Poison"],"picked":"Slice+1","floor":47}],"player_experience":198698,"potions_floor_usage":[7,11,13,31,36,41,41,45],"damage_taken":[{"damage":2,"enemies":"Small Slimes","floor":1,"turns":5},{"damage":1,"enemies":"Jaw Worm","floor":4,"turns":6},{"damage":13,"enemies":"Lagavulin","floor":7,"turns":8},{"damage":0,"enemies":"2 Louse","floor":8,"turns":3},{"damage":0,"enemies":"Looter","floor":10,"turns":3},{"damage":0,"enemies":"Exordium Thugs","floor":11,"turns":3},{"damage":0,"enemies":"3 Sentries","floor":13,"turns":8},{"damage":18,"enemies":"Slime Boss","floor":16,"turns":14},{"damage":20,"enemies":"2 Thieves","floor":18,"turns":4},{"damage":0,"enemies":"Spheric Guardian","floor":21,"turns":5},{"damage":0,"enemies":"3 Cultists","floor":24,"turns":7},{"damage":18,"enemies":"Slavers","floor":25,"turns":8},{"damage":0,"enemies":"Cultist and Chosen","floor":27,"turns":9},{"damage":8,"enemies":"Snake Plant","floor":31,"turns":3},{"damage":13,"enemies":"Collector","floor":33,"turns":16},{"damage":13,"enemies":"3 Shapes","floor":35,"turns":5},{"damage":16,"enemies":"3 Darklings","floor":36,"turns":6},{"damage":58,"enemies":"Giant Head","floor":41,"turns":13},{"damage":7,"enemies":"4 Shapes","floor":42,"turns":8},{"damage":0,"enemies":"Maw","floor":45,"turns":8},{"damage":0,"enemies":"Sphere and 2 Shapes","floor":47,"turns":3},{"damage":85,"enemies":"Time Eater","floor":50,"turns":19}],"relics_obtained":[{"floor":7,"key":"Kunai"},{"floor":9,"key":"Ornamental Fan"},{"floor":13,"key":"Old Coin"},{"floor":25,"key":"Pen Nib"},{"floor":26,"key":"Ancient Tea Set"},{"floor":41,"key":"Sundial"},{"floor":43,"key":"Tough Bandages"}],"event_choices":[{"event_name":"Golden Wing","player_choice":"Card Removal","floor":3,"damage_taken":0},{"event_name":"Upgrade Shrine","player_choice":"Upgraded","floor":5,"damage_taken":0},{"event_name":"Forgotten Altar","player_choice":"Shed Blood","floor":19,"damage_taken":0},{"event_name":"Beggar","player_choice":"Gave Gold","floor":20,"damage_taken":0},{"event_name":"Match and Keep!","player_choice":"0 cards matched","floor":28,"damage_taken":0},{"event_name":"Transmorgrifier","player_choice":"Transform","floor":29,"damage_taken":0},{"event_name":"Vampires","player_choice":"Became a vampire","floor":30,"damage_taken":0},{"event_name":"SensoryStone","player_choice":"Memory 1","floor":38,"damage_taken":0},{"event_name":"Tomb of Lord Red Mask","player_choice":"Paid","floor":39,"damage_taken":0},{"event_name":"Mysterious Sphere","player_choice":"Ignore","floor":48,"damage_taken":0}],"boss_relics":[{"not_picked":["Velvet Choker","Calling Bell"],"picked":"Cursed Key"},{"not_picked":["Snecko Eye","Runic Pyramid"],"picked":"Tiny House"}],"items_purged_floors":[2,14,22,37],"potions_floor_spawned":[4,7,10,13,24,33,42,45],"seed_played":"5540206172262208791","killed_by":"Time Eater","ascension_level":3,"potions_obtained":[{"floor":4,"key":"AttackPotion"},{"floor":7,"key":"PowerPotion"},{"floor":10,"key":"Fire Potion"},{"floor":13,"key":"SmokeBomb"},{"floor":24,"key":"SpeedPotion"},{"floor":33,"key":"AttackPotion"},{"floor":34,"key":"EssenceOfSteel"},{"floor":42,"key":"Swift Potion"},{"floor":45,"key":"SpeedPotion"}],"is_trial":false}