{"gold_per_floor":[112,112,37,37,37,63,82,82,82,101,126,138,169,186,186,291,291,291,191,191,191,111,111,111,111,111,111,111,111,111,111,111,111,111,111,111,111,111,111,111,111,111,111,111,111,111,111,111,111,111],"floor_reached":50,"playtime":2951,"items_purged":["Defend_R","Strike_R"],"score":1033,"play_id":"555c37da-9ed8-46e1-bd76-dbadd6f327dd","local_time":"20190512155634","is_ascension_mode":true,"campfire_choices":[{"data":"Rage","floor":8,"key":"SMITH"},{"data":"Uppercut","floor":15,"key":"SMITH"},{"data":"Double Tap","floor":25,"key":"SMITH"},{"data":"1","floor":28,"key":"LIFT"},{"data":"2","floor":32,"key":"LIFT"},{"data":"Bite","floor":41,"key":"SMITH"},{"data":"3","floor":44,"key":"LIFT"},{"data":"Brutality","floor":49,"key":"SMITH"}],"neow_cost":"NONE","seed_source_timestamp":3721613624646303,"circlet_count":0,"master_deck":["AscendersBane","Defend_R","Defend_R","Defend_R","Bash+1","Rage+1","Uppercut+1","Brutality+1","Immolate","Burning Pact","Rupture","Double Tap+1","Metallicize+1","Bite+1","Bite","Bite","Bite","Bite","Dark Embrace","Rupture","Reaper","Iron Wave+1"],"relics":["Burning Blood","NeowsBlessing","Magic Flower","Meat on the Bone","Anchor","Mercury Hourglass","Ectoplasm","Du-Vu Doll","Dodecahedron","Lantern","Ornamental Fan","Girya","PreservedInsect","Runic Dome","Mango","Regal Pillow","Bag of Marbles","Bronze Scales"],"potions_floor_usage":[11,13,16,18,23,33,42,50],"damage_taken":[{"damage":0,"enemies":"Small Slimes","floor":1,"turns":1},{"damage":0,"enemies":"3 Sentries","floor":6,"turns":2},{"damage":0,"enemies":"Jaw Worm","floor":7,"turns":1},{"damage":1,"enemies":"Cultist","floor":10,"turns":3},{"damage":21,"enemies":"Gremlin Nob","floor":11,"turns":4},{"damage":7,"enemies":"Blue Slaver","floor":12,"turns":4},{"damage":26,"enemies":"3 Sentries","floor":13,"turns":8},{"damage":3,"enemies":"Large Slime","floor":14,"turns":4},{"damage":55,"enemies":"Slime Boss","floor":16,"turns":13},{"damage":5,"enemies":"Shell Parasite","floor":18,"turns":4},{"damage":18,"enemies":"Colosseum Slavers","floor":20,"turns":3},{"damage":28,"enemies":"Colosseum Nobs","floor":20,"turns":5},{"damage":4,"enemies":"Chosen","floor":21,"turns":3},{"damage":58,"enemies":"Slavers","floor":23,"turns":7},{"damage":19,"enemies":"Centurion and Healer","floor":24,"turns":4},{"damage":14,"enemies":"Book of Stabbing","floor":27,"turns":3},{"damage":1,"enemies":"Gremlin Leader","floor":29,"turns":4},{"damage":55,"enemies":"Collector","floor":33,"turns":8},{"damage":10,"enemies":"Orb Walker","floor":35,"turns":3},{"damage":10,"enemies":"2 Orb Walkers","floor":36,"turns":4},{"damage":11,"enemies":"3 Darklings","floor":38,"turns":3},{"damage":31,"enemies":"Jaw Worm Horde","floor":39,"turns":4},{"damage":69,"enemies":"Reptomancer","floor":40,"turns":3},{"damage":34,"enemies":"Sphere and 2 Shapes","floor":42,"turns":3},{"damage":8,"enemies":"Transient","floor":45,"turns":5},{"damage":18,"enemies":"Maw","floor":46,"turns":6},{"damage":19,"enemies":"Giant Head","floor":47,"turns":6},{"damage":2,"enemies":"Spire Growth","floor":48,"turns":3},{"damage":126,"enemies":"Awakened One","floor":50,"turns":8}],"seed_played":"1387573900743947172","potions_obtained":[{"floor":1,"key":"PowerPotion"},{"floor":7,"key":"EssenceOfSteel"},{"floor":12,"key":"Fire Potion"},{"floor":16,"key":"SkillPotion"},{"floor":21,"key":"Regen Potion"},{"floor":23,"key":"BloodPotion"},{"floor":33,"key":"SpeedPotion"},{"floor":35,"key":"EssenceOfSteel"},{"floor":42,"key":"AttackPotion"}],"is_trial":false,"path_per_floor":["M","?","$","?","?","E","M","R","T","M","E","M","E","M","R","B",null,"M","$","?","M","$","E","M","R","T","E","R","E","$","?","R","B",null,"M","?","?","M","M","E","R","M","T","R","M","M","E","M","R","B"],"character_chosen":"IRONCLAD","items_purchased":["Rupture"],"campfire_rested":0,"item_purchase_floors":[22],"current_hp_per_floor":[78,62,62,62,62,68,77,77,77,80,68,70,53,59,59,31,68,72,72,62,67,67,60,50,50,50,63,63,71,71,56,56,46,54,56,70,70,70,59,28,28,53,53,53,70,70,66,70,70,0],"gold":111,"neow_bonus":"THREE_ENEMY_KILL","is_prod":false,"is_daily":false,"chose_seed":false,"campfire_upgraded":5,"win_rate":0,"timestamp":1557669394,"path_taken":["M","?","$","?","?","E","?","R","T","M","E","M","E","M","R","BOSS","M","$","?","M","$","E","M","R","T","E","R","E","$","?","R","BOSS","M","?","?","M","M","E","R","M","T","R","?","M","E","?","R","BOSS"],"build_version":"2019-01-23","purchased_purges":2,"victory":false,"max_hp_per_floor":[80,80,80,80,80,80,80,80,80,80,80,80,80,80,80,80,80,80,80,80,80,80,80,80,80,80,80,80,80,80,56,56,56,56,56,70,70,70,70,70,70,70,70,70,70,70,70,70,70,70],"card_choices":[{"not_picked":["Armaments","Evolve"],"picked":"Rage","floor":1},{"not_picked":["Intimidate","True Grit"],"picked":"Brutality","floor":6},{"not_picked":["Pommel Strike","Anger","Clash"],"picked":"SKIP","floor":7},{"not_picked":["Heavy Blade","Evolve","Uppercut"],"picked":"SKIP","floor":10},{"not_picked":["Heavy Blade","Evolve","Uppercut"],"picked":"SKIP","floor":10},{"not_picked":["Flame Barrier","Reckless Charge","Clothesline"],"picked":"SKIP","floor":11},{"not_picked":["Entrench","Clash","Clothesline"],"picked":"SKIP","floor":12},{"not_picked":["Entrench","Clash","Clothesline"],"picked":"SKIP","floor":12},{"not_picked":["Corruption","True Grit","Pommel Strike"],"picked":"SKIP","floor":13},{"not_picked":["Corruption","Pommel Strike","Sever Soul"],"picked":"SKIP","floor":14},{"not_picked":["Limit Break","Exhume"],"picked":"Immolate","floor":16},{"not_picked":["Infernal Blade","Warcry","Searing Blow"],"picked":"SKIP","floor":18},{"not_picked":["Shockwave+1","Armaments"],"picked":"Burning Pact","floor":20},{"not_picked":["Armaments","Headbutt","Heavy Blade"],"picked":"SKIP","floor":21},{"not_picked":["Headbutt","Warcry","Clash"],"picked":"SKIP","floor":23},{"not_picked":["Infernal Blade","True Grit"],"picked":"Double Tap","floor":24},{"not_picked":["Uppercut","Sword Boomerang","Headbutt"],"picked":"SKIP","floor":27},{"not_picked":["Bludgeon","Pommel Strike"],"picked":"Metallicize+1","floor":29},{"not_picked":["Impervious","Juggernaut"],"picked":"Dark Embrace","floor":33},{"not_picked":["Anger","Twin Strike+1","Headbutt"],"picked":"SKIP","floor":35},{"not_picked":["Clash","Twin Strike"],"picked":"Rupture","floor":36},{"not_picked":["Whirlwind","Shrug It Off","True Grit"],"picked":"SKIP","floor":38},{"not_picked":["Whirlwind","Shrug It Off","True Grit"],"picked":"SKIP","floor":38},{"not_picked":["Whirlwind","Armaments"],"picked":"Reaper","floor":39},{"not_picked":["Body Slam","Twin Strike"],"picked":"Iron Wave+1","floor":40},{"not_picked":["Ghostly Armor","Wild Strike","Anger+1"],"picked":"SKIP","floor":42},{"not_picked":["Sword Boomerang","Flex","Seeing Red"],"picked":"SKIP","floor":45},{"not_picked":["Searing Blow","Body Slam","Shockwave+1"],"picked":"SKIP","floor":46},{"not_picked":["Feed","Flame Barrier","Disarm"],"picked":"SKIP","floor":47},{"not_picked":["Shrug It Off","Clash","Warcry"],"picked":"SKIP","floor":48}],"player_experience":524951,"relics_obtained":[{"floor":6,"key":"Magic Flower"},{"floor":9,"key":"Meat on the Bone"},{"floor":11,"key":"Anchor"},{"floor":13,"key":"Mercury Hourglass"},{"floor":20,"key":"Du-Vu Doll"},{"floor":20,"key":"Dodecahedron"},{"floor":23,"key":"Lantern"},{"floor":26,"key":"Ornamental Fan"},{"floor":27,"key":"Girya"},{"floor":29,"key":"PreservedInsect"},{"floor":36,"key":"Mango"},{"floor":40,"key":"Regal Pillow"},{"floor":43,"key":"Bag of Marbles"},{"floor":47,"key":"Bronze Scales"}],"event_choices":[{"damage_healed":0,"gold_gain":0,"player_choice":"Entered Light","damage_taken":16,"max_hp_gain":0,"max_hp_loss":0,"event_name":"Shining Light","floor":2,"gold_loss":0,"cards_upgraded":["Strike_R","Bash"]},{"damage_healed":0,"gold_gain":0,"player_choice":"Ignored","damage_taken":0,"max_hp_gain":0,"max_hp_loss":0,"event_name":"Liars Game","floor":4,"gold_loss":0},{"damage_healed":0,"gold_gain":0,"player_choice":"1 cards matched","damage_taken":0,"max_hp_gain":0,"max_hp_loss":0,"event_name":"Match and Keep!","floor":5,"gold_loss":0,"cards_obtained":["Uppercut"]},{"damage_healed":0,"gold_gain":0,"player_choice":"Fight","damage_taken":0,"max_hp_gain":0,"max_hp_loss":0,"event_name":"Colosseum","floor":20,"gold_loss":0},{"damage_healed":0,"gold_gain":0,"player_choice":"Fought Nobs","damage_taken":0,"max_hp_gain":0,"max_hp_loss":0,"event_name":"Colosseum","floor":20,"gold_loss":0},{"damage_healed":0,"gold_gain":0,"player_choice":"Became a vampire","damage_taken":0,"max_hp_gain":0,"max_hp_loss":24,"event_name":"Vampires","floor":31,"gold_loss":0,"cards_obtained":["Bite","Bite","Bite","Bite","Bite"]},{"damage_healed":0,"gold_gain":0,"player_choice":"Fight","damage_taken":0,"max_hp_gain":0,"max_hp_loss":0,"event_name":"Mysterious Sphere","floor":36,"gold_loss":0},{"damage_healed":0,"gold_gain":100,"player_choice":"Pray","damage_taken":0,"max_hp_gain":0,"max_hp_loss":0,"event_name":"Golden Shrine","floor":37,"gold_loss":0}],"is_beta":false,"boss_relics":[{"not_picked":["Velvet Choker","Calling Bell"],"picked":"Ectoplasm"},{"not_picked":["White Beast Statue","Astrolabe"],"picked":"Runic Dome"}],"items_purged_floors":[3,19],"is_endless":false,"potions_floor_spawned":[1,7,12,16,20,21,23,33,35,38,39,42,47],"killed_by":"Awakened One","ascension_level":12}