{"gold_per_floor":[363,381,456,108,108,108,120,139,139,139,166,166,197,217,217,318,318,330,210,210,228,74,74],"floor_reached":23,"playtime":10138,"items_purged":["Strike_G","Strike_G"],"score":199,"play_id":"e52a8cce-4c9c-4e96-8475-24f4b0a38c55","local_time":"20180718191400","is_ascension_mode":false,"campfire_choices":[{"floor":6,"key":"REST"},{"floor":12,"key":"REST"},{"floor":15,"key":"REST"}],"neow_cost":"FIFTY_PERCENT_DAMAGE","seed_source_timestamp":96446252230524,"circlet_count":0,"master_deck":["Defend_G","Defend_G","Defend_G","Defend_G","Strike_G","Strike_G","Strike_G","Survivor","Neutralize","Poisoned Stab","Deadly Poison","Noxious Fumes","Bouncing Flask","Poisoned Stab","Bane","Blur","Catalyst","Corpse Explosion","Backflip"],"relics":["Ring of the Snake","Membership Card","Prayer Wheel","Unceasing Top","Ice Cream","Velvet Choker","ClockworkSouvenir"],"potions_floor_usage":[16,16,16],"damage_taken":[{"damage":1,"enemies":"2 Louse","floor":1,"turns":3},{"damage":2,"enemies":"Small Slimes","floor":2,"turns":5},{"damage":3,"enemies":"Jaw Worm","floor":7,"turns":3},{"damage":15,"enemies":"Exordium Thugs","floor":8,"turns":5},{"damage":20,"enemies":"3 Sentries","floor":11,"turns":6},{"damage":21,"enemies":"Gremlin Nob","floor":13,"turns":4},{"damage":5,"enemies":"Exordium Wildlife","floor":14,"turns":4},{"damage":5,"enemies":"The Guardian","floor":16,"turns":7},{"damage":20,"enemies":"3 Byrds","floor":18,"turns":3},{"damage":37,"enemies":"2 Thieves","floor":21,"turns":4},{"damage":19,"enemies":"Slavers","floor":23,"turns":2}],"seed_played":"2977294619100508219","potions_obtained":[{"floor":1,"key":"SkillPotion"},{"floor":7,"key":"Block Potion"},{"floor":8,"key":"Strength Potion"},{"floor":21,"key":"Regen Potion"}],"is_trial":false,"path_per_floor":["M","M","?","$","?","R","M","M","T","?","E","R","E","M","R","B",null,"M","$","?","M","$"],"character_chosen":"THE_SILENT","items_purchased":["Membership Card","Noxious Fumes","Bouncing Flask","Backflip","ClockworkSouvenir"],"campfire_rested":3,"item_purchase_floors":[4,4,4,19,22],"current_hp_per_floor":[34,32,21,21,21,42,39,24,24,41,21,42,21,16,37,32,70,50,50,50,13,13,0],"gold":74,"neow_bonus":"TWO_FIFTY_GOLD","is_prod":false,"is_daily":false,"chose_seed":false,"campfire_upgraded":0,"win_rate":0,"timestamp":1531955640,"path_taken":["M","M","?","$","?","R","M","M","T","?","E","R","E","M","R","BOSS","M","$","?","M","$","E"],"build_version":"2018-07-12","purchased_purges":2,"victory":false,"max_hp_per_floor":[70,70,70,70,70,70,70,70,70,70,70,70,70,70,70,70,70,70,70,67,67,67,67],"card_choices":[{"not_picked":["Endless Agony","Sucker Punch"],"picked":"Poisoned Stab","floor":1},{"not_picked":["Slice","Skewer"],"picked":"Deadly Poison","floor":2},{"not_picked":["Footwork","Masterful Stab"],"picked":"Poisoned Stab","floor":7},{"not_picked":["Flechettes","Underhanded Strike"],"picked":"Bane","floor":8},{"not_picked":["Dodge and Roll","Reflex"],"picked":"Blur","floor":11},{"not_picked":["Night Terror","Riddle With Holes","Accuracy"],"picked":"SKIP","floor":13},{"not_picked":["PiercingWail","Acrobatics"],"picked":"Catalyst","floor":14},{"not_picked":["Choke","Blur","Expertise"],"picked":"SKIP","floor":14},{"not_picked":["Night Terror","A Thousand Cuts"],"picked":"Corpse Explosion","floor":16},{"not_picked":["Expertise","Cloak And Dagger","Dodge and Roll+1"],"picked":"SKIP","floor":18},{"not_picked":["Flying Knee","Calculated Gamble","Venomology"],"picked":"SKIP","floor":18},{"not_picked":["Slice","Quick Slash+1","Underhanded Strike"],"picked":"SKIP","floor":21},{"not_picked":["Prepared","Outmaneuver+1","Blur"],"picked":"SKIP","floor":21}],"player_experience":338269,"relics_obtained":[{"floor":9,"key":"Prayer Wheel"},{"floor":11,"key":"Unceasing Top"},{"floor":13,"key":"Ice Cream"}],"event_choices":[{"event_name":"World of Goop","player_choice":"Gather Gold","floor":3,"damage_taken":0},{"event_name":"Living Wall","player_choice":"Forget","floor":5,"damage_taken":0},{"event_name":"Mushrooms","player_choice":"Healed and dodged fight","floor":10,"damage_taken":0},{"event_name":"Fountain of Cleansing","player_choice":"Removed Curse","floor":20,"damage_taken":0}],"boss_relics":[{"not_picked":["Cursed Key","Empty Cage"],"picked":"Velvet Choker"}],"items_purged_floors":[4,19],"is_endless":false,"potions_floor_spawned":[1,7,8,14,21],"killed_by":"Slavers","ascension_level":0}