{"gold_per_floor":[113,15,35,53,53,53,86,86,86,102,102,133,33,33,33,109,109,129,147,22,35,105,105,124,153,204,204,204,216,216,50,50,50],"floor_reached":33,"playtime":1439,"items_purged":["Defend_R","Defend_R","Strike_R"],"score":417,"play_id":"4f87a443-03bb-49c7-99f4-8a54ca6cc3e8","local_time":"20190513033406","is_ascension_mode":true,"campfire_choices":[{"data":"Shrug It Off","floor":6,"key":"SMITH"},{"data":"Cleave","floor":8,"key":"SMITH"},{"data":"Flex","floor":11,"key":"SMITH"},{"data":"Shrug It Off","floor":15,"key":"SMITH"},{"data":"Barricade","floor":23,"key":"SMITH"},{"floor":32,"key":"REST"}],"neow_cost":"NONE","seed_source_timestamp":3764978789203963,"circlet_count":0,"master_deck":["AscendersBane","Strike_R","Strike_R","Strike_R","Strike_R","Defend_R","Bash","Shrug It Off+1","Shrug It Off+1","Shrug It Off+1","Cleave+1","Flex+1","Barricade+1","Thunderclap","Seeing Red","Feel No Pain+1","Clumsy","Writhe","True Grit","Heavy Blade+1","Normality","Entrench","Impatience"],"relics":["Burning Blood","Vajra","Du-Vu Doll","Nunchaku","Lantern","Cursed Key","Dodecahedron","Red Mask","Pen Nib","Self Forming Clay"],"potions_floor_usage":[16,16,24],"damage_taken":[{"damage":1,"enemies":"Cultist","floor":1,"turns":4},{"damage":0,"enemies":"Jaw Worm","floor":3,"turns":4},{"damage":7,"enemies":"2 Louse","floor":4,"turns":4},{"damage":45,"enemies":"Lagavulin","floor":7,"turns":8},{"damage":0,"enemies":"Red Slaver","floor":10,"turns":3},{"damage":4,"enemies":"3 Sentries","floor":12,"turns":5},{"damage":48,"enemies":"Hexaghost","floor":16,"turns":13},{"damage":3,"enemies":"Spheric Guardian","floor":18,"turns":5},{"damage":0,"enemies":"3 Byrds","floor":19,"turns":4},{"damage":43,"enemies":"Cultist and Chosen","floor":21,"turns":7},{"damage":23,"enemies":"Centurion and Healer","floor":24,"turns":4},{"damage":1,"enemies":"Masked Bandits","floor":25,"turns":3},{"damage":21,"enemies":"Sentry and Sphere","floor":29,"turns":5},{"damage":38,"enemies":"Collector","floor":33,"turns":6}],"seed_played":"2284965146288252728","potions_obtained":[{"floor":4,"key":"BloodPotion"},{"floor":7,"key":"EssenceOfSteel"},{"floor":21,"key":"Regen Potion"}],"is_trial":false,"path_per_floor":["M","$","M","M","?","R","E","R","T","M","R","E","$","?","R","B",null,"M","M","$","M","T","R","M","?","T","?","?","M","T","$","R","B"],"character_chosen":"IRONCLAD","items_purchased":["Shrug It Off","Entrench","Impatience"],"campfire_rested":1,"item_purchase_floors":[2,31,31],"current_hp_per_floor":[77,77,80,79,79,79,40,40,40,46,46,48,48,48,48,14,64,67,73,73,36,36,36,24,29,29,29,29,14,14,14,38,0],"gold":50,"neow_bonus":"RANDOM_COMMON_RELIC","is_prod":false,"is_daily":false,"chose_seed":false,"campfire_upgraded":5,"win_rate":0,"timestamp":1557711246,"path_taken":["M","$","M","?","?","R","E","R","T","M","R","E","?","?","R","BOSS","M","M","$","M","?","R","M","?","T","?","?","M","?","$","R","BOSS"],"build_version":"2019-01-23","purchased_purges":3,"victory":false,"max_hp_per_floor":[80,80,80,80,80,80,80,80,80,80,80,80,80,80,80,80,80,80,80,80,80,80,80,80,80,80,80,80,80,80,80,80,80],"card_choices":[{"not_picked":["True Grit","Armaments"],"picked":"Shrug It Off","floor":1},{"not_picked":["Evolve","True Grit"],"picked":"Shrug It Off","floor":3},{"not_picked":["Sword Boomerang","Heavy Blade","Cleave"],"picked":"SKIP","floor":4},{"not_picked":["Evolve","Heavy Blade"],"picked":"Cleave","floor":7},{"not_picked":["Sever Soul","Uppercut"],"picked":"Flex","floor":10},{"not_picked":["Armaments","Evolve","Dual Wield"],"picked":"SKIP","floor":12},{"not_picked":["Feed","Dark Embrace"],"picked":"Barricade","floor":16},{"not_picked":["Hemokinesis","Clash"],"picked":"Thunderclap","floor":18},{"not_picked":["True Grit","Inflame"],"picked":"Seeing Red","floor":19},{"not_picked":["Iron Wave","Sentinel+1"],"picked":"Feel No Pain+1","floor":21},{"not_picked":["Evolve","Ghostly Armor","Wild Strike"],"picked":"SKIP","floor":24},{"not_picked":["Clash","Reckless Charge"],"picked":"Heavy Blade+1","floor":29}],"player_experience":540125,"relics_obtained":[{"floor":7,"key":"Du-Vu Doll"},{"floor":9,"key":"Nunchaku"},{"floor":12,"key":"Lantern"},{"floor":22,"key":"Dodecahedron"},{"floor":25,"key":"Red Mask"},{"floor":26,"key":"Pen Nib"},{"floor":30,"key":"Self Forming Clay"}],"event_choices":[{"cards_removed":["Defend_R"],"damage_healed":0,"gold_gain":0,"player_choice":"Purged","damage_taken":0,"max_hp_gain":0,"max_hp_loss":0,"event_name":"Purifier","floor":5,"gold_loss":0},{"damage_healed":0,"gold_gain":0,"player_choice":"Upgraded","damage_taken":0,"max_hp_gain":0,"max_hp_loss":0,"event_name":"Upgrade Shrine","floor":14,"gold_loss":0,"cards_upgraded":["Shrug It Off"]},{"damage_healed":0,"gold_gain":0,"player_choice":"Fought Bandits","damage_taken":0,"max_hp_gain":0,"max_hp_loss":0,"event_name":"Masked Bandits","floor":25,"gold_loss":0},{"damage_healed":0,"gold_gain":0,"player_choice":"Ignored","damage_taken":0,"max_hp_gain":0,"max_hp_loss":0,"event_name":"Cursed Tome","floor":27,"gold_loss":0},{"damage_healed":0,"gold_gain":0,"player_choice":"Read","damage_taken":0,"max_hp_gain":0,"max_hp_loss":0,"event_name":"The Library","floor":28,"gold_loss":0,"cards_obtained":["True Grit"]}],"is_beta":false,"boss_relics":[{"not_picked":["Mark of Pain","Runic Dome"],"picked":"Cursed Key"}],"items_purged_floors":[2,13,20],"is_endless":false,"potions_floor_spawned":[4,7,12,21],"killed_by":"Collector","ascension_level":13}