{"gold_per_floor":[119,138,68,143,29,59,59,77,77,77,77,105,105,122,122,195,195,215,215,140,40,90,90,110,135,217,257,269,281,308,6,6,79,79,97,97,47,0,0,30,30,30,104,67,67,97,97,116,116,116],"floor_reached":51,"playtime":2542,"items_purged":["Strike_G","Strike_G","Pain"],"score":1508,"play_id":"b89b8736-ef92-4ab3-90f7-a25a0d2b6950","local_time":"20190510211010","is_ascension_mode":true,"campfire_choices":[{"data":"Noxious Fumes","floor":7,"key":"SMITH"},{"data":"Crippling Poison","floor":10,"key":"SMITH"},{"data":"Backflip","floor":15,"key":"SMITH"},{"data":"Backflip","floor":23,"key":"SMITH"},{"floor":28,"key":"REST"},{"data":"Neutralize","floor":32,"key":"SMITH"},{"floor":45,"key":"REST"},{"floor":47,"key":"REST"},{"floor":49,"key":"REST"}],"neow_cost":"NONE","seed_source_timestamp":3568030237537852,"circlet_count":0,"master_deck":["AscendersBane","Defend_G+1","Defend_G+1","Defend_G+1","Defend_G+1","Defend_G+1","Strike_G+1","Survivor+1","Neutralize+1","Backflip+1","Dagger Throw+1","Backflip+1","Noxious Fumes+1","Caltrops+1","Crippling Poison+1","Poisoned Stab+1","Noxious Fumes+1","Adrenaline+1","Deflect+1","Doubt","Cloak And Dagger+1","Footwork+1","Burst+1","Backflip+1","Finesse+1","Pain","Decay","Crippling Poison+1","Prepared+1"],"relics":["Ring of the Snake","WingedGreaves","Mango","Matryoshka","Odd Mushroom","Cursed Key","Toxic Egg 2","MawBank","Kunai","Happy Flower","Pen Nib","Incense Burner","War Paint","Busted Crown","Mark of the Bloom","Red Mask","Paper Crane","The Specimen","Bottled Flame","The Courier"],"potions_floor_usage":[12,16,18,25,50,50],"damage_taken":[{"damage":1,"enemies":"Cultist","floor":1,"turns":5},{"damage":2,"enemies":"Jaw Worm","floor":2,"turns":5},{"damage":26,"enemies":"Lagavulin","floor":6,"turns":9},{"damage":0,"enemies":"Small Slimes","floor":8,"turns":4},{"damage":10,"enemies":"The Mushroom Lair","floor":12,"turns":3},{"damage":8,"enemies":"Exordium Thugs","floor":14,"turns":5},{"damage":1,"enemies":"Hexaghost","floor":16,"turns":8},{"damage":0,"enemies":"3 Byrds","floor":18,"turns":3},{"damage":16,"enemies":"Chosen","floor":24,"turns":5},{"damage":0,"enemies":"Book of Stabbing","floor":25,"turns":6},{"damage":23,"enemies":"Gremlin Leader","floor":27,"turns":6},{"damage":1,"enemies":"Centurion and Healer","floor":30,"turns":6},{"damage":0,"enemies":"Champ","floor":33,"turns":13},{"damage":0,"enemies":"3 Shapes","floor":35,"turns":5},{"damage":0,"enemies":"Giant Head","floor":40,"turns":9},{"damage":7,"enemies":"Reptomancer","floor":46,"turns":6},{"damage":5,"enemies":"3 Darklings","floor":48,"turns":4},{"damage":10,"enemies":"Donu and Deca","floor":50,"turns":9}],"seed_played":"2696668519976596856","potions_obtained":[{"floor":2,"key":"Fire Potion"},{"floor":6,"key":"GhostInAJar"},{"floor":14,"key":"SkillPotion"},{"floor":16,"key":"EssenceOfSteel"},{"floor":18,"key":"Ancient Potion"},{"floor":27,"key":"GhostInAJar"},{"floor":30,"key":"Fire Potion"}],"is_trial":false,"path_per_floor":["M","M","$","?","$","E","R","M","T","R","T","?","?","M","R","B",null,"M","?","?","$","?","R","M","E","T","E","R","T","M","$","R","B",null,"M","?","$","?","?","E","T","?","T","$","R","E","R","M","R","B",null],"character_chosen":"THE_SILENT","items_purchased":["Noxious Fumes","Caltrops","War Paint","Footwork","Backflip+1","Crippling Poison+1"],"campfire_rested":4,"item_purchase_floors":[3,5,31,31,37,44],"current_hp_per_floor":[58,56,56,45,45,19,19,19,33,33,33,23,23,15,15,14,64,64,41,41,41,41,41,25,25,25,2,27,27,26,26,26,26,70,70,70,70,70,70,70,70,70,70,70,70,63,63,58,58,48],"gold":116,"neow_bonus":"THREE_CARDS","is_prod":false,"is_daily":false,"chose_seed":false,"campfire_upgraded":5,"win_rate":0,"timestamp":1557515410,"path_taken":["M","M","$","?","$","E","R","M","T","R","?","?","?","M","R","BOSS","M","?","?","$","?","R","M","E","T","E","R","?","?","$","R","BOSS","M","?","$","?","?","E","?","?","T","$","R","E","R","M","R","BOSS"],"build_version":"2019-01-23","purchased_purges":3,"victory":true,"max_hp_per_floor":[66,66,66,66,66,66,66,66,80,80,80,80,80,80,80,80,80,80,85,85,85,85,85,85,85,85,85,85,85,85,85,85,85,85,85,85,85,85,85,85,85,81,81,81,81,81,81,81,81,81],"card_choices":[{"not_picked":["Dagger Throw","Dodge and Roll"],"picked":"Backflip","floor":0},{"not_picked":["Prepared","Blade Dance"],"picked":"Dagger Throw","floor":1},{"not_picked":["Underhanded Strike","Bouncing Flask"],"picked":"Backflip","floor":2},{"not_picked":["Dagger Spray","Masterful Stab"],"picked":"Crippling Poison","floor":6},{"not_picked":["Flying Knee","PiercingWail"],"picked":"Poisoned Stab","floor":8},{"not_picked":["Poisoned Stab","Setup"],"picked":"Noxious Fumes","floor":14},{"not_picked":["Tools of the Trade","Phantasmal Killer"],"picked":"Adrenaline","floor":16},{"not_picked":["Backflip","Heel Hook","Quick Slash"],"picked":"SKIP","floor":18},{"not_picked":["Calculated Gamble","All Out Attack","Sucker Punch"],"picked":"SKIP","floor":24},{"not_picked":["Expertise","Venomology"],"picked":"Deflect+1","floor":25},{"not_picked":["Underhanded Strike","Dagger Throw","Infinite Blades+1"],"picked":"SKIP","floor":27},{"not_picked":["Backstab","Outmaneuver+1"],"picked":"Cloak And Dagger+1","floor":30},{"not_picked":["A Thousand Cuts","Corpse Explosion+1"],"picked":"Burst+1","floor":33},{"not_picked":["Flying Knee"],"picked":"SKIP","floor":35},{"not_picked":[],"picked":"Finesse+1","floor":39},{"not_picked":["Sucker Punch"],"picked":"SKIP","floor":40},{"not_picked":[],"picked":"Prepared+1","floor":46},{"not_picked":["Poisoned Stab"],"picked":"SKIP","floor":48}],"player_experience":515677,"relics_obtained":[{"floor":6,"key":"WingedGreaves"},{"floor":9,"key":"Mango"},{"floor":11,"key":"Matryoshka"},{"floor":12,"key":"Odd Mushroom"},{"floor":25,"key":"Toxic Egg 2"},{"floor":26,"key":"MawBank"},{"floor":26,"key":"Kunai"},{"floor":27,"key":"Happy Flower"},{"floor":29,"key":"Pen Nib"},{"floor":29,"key":"Incense Burner"},{"floor":40,"key":"Paper Crane"},{"floor":41,"key":"The Specimen"},{"floor":43,"key":"Bottled Flame"},{"floor":46,"key":"The Courier"}],"event_choices":[{"damage_healed":0,"gold_gain":75,"player_choice":"Gather Gold","damage_taken":11,"max_hp_gain":0,"max_hp_loss":0,"event_name":"World of Goop","floor":4,"gold_loss":0},{"damage_healed":0,"gold_gain":0,"player_choice":"Fought Mushrooms","damage_taken":0,"max_hp_gain":0,"max_hp_loss":0,"event_name":"Mushrooms","floor":12,"gold_loss":0},{"cards_removed":["Strike_G"],"damage_healed":0,"gold_gain":0,"player_choice":"Offered Basic","damage_taken":0,"max_hp_gain":0,"max_hp_loss":0,"event_name":"Bonfire Elementals","floor":13,"gold_loss":0},{"damage_healed":0,"gold_gain":0,"player_choice":"Shed Blood","damage_taken":28,"max_hp_gain":5,"max_hp_loss":0,"event_name":"Forgotten Altar","floor":19,"gold_loss":0},{"cards_removed":["Strike_G"],"damage_healed":0,"gold_gain":0,"player_choice":"Gave Gold","damage_taken":0,"max_hp_gain":0,"max_hp_loss":0,"event_name":"Beggar","floor":20,"gold_loss":75},{"damage_healed":0,"gold_gain":50,"player_choice":"Stole From Cult","damage_taken":0,"max_hp_gain":0,"max_hp_loss":0,"event_name":"Nest","floor":22,"gold_loss":0},{"damage_healed":0,"gold_gain":0,"player_choice":"Upgrade","damage_taken":0,"relics_obtained":["Mark of the Bloom"],"max_hp_gain":0,"max_hp_loss":0,"event_name":"MindBloom","floor":36,"gold_loss":0,"cards_upgraded":["Defend_G","Defend_G","Defend_G","Strike_G","Survivor","Dagger Throw","Caltrops","Poisoned Stab","Noxious Fumes","Adrenaline","Footwork"]},{"damage_healed":0,"gold_gain":0,"player_choice":"Paid","damage_taken":0,"relics_obtained":["Red Mask"],"max_hp_gain":0,"max_hp_loss":0,"event_name":"Tomb of Lord Red Mask","floor":38,"gold_loss":47},{"damage_healed":0,"gold_gain":0,"player_choice":"Memory 1","damage_taken":0,"max_hp_gain":0,"max_hp_loss":0,"event_name":"SensoryStone","floor":39,"gold_loss":0},{"damage_healed":0,"gold_gain":0,"player_choice":"Max HP","damage_taken":0,"max_hp_gain":0,"max_hp_loss":4,"event_name":"Winding Halls","floor":42,"gold_loss":0}],"is_beta":false,"boss_relics":[{"not_picked":["Orrery","Ring of the Serpent"],"picked":"Cursed Key"},{"not_picked":["Lizard Tail","Snecko Eye"],"picked":"Busted Crown"}],"items_purged_floors":[5,21,31],"is_endless":false,"potions_floor_spawned":[2,6,14,16,18,27,30,35,48],"ascension_level":15}