{"path_per_floor":["M","?","?","M","M","R","M","$","T","M","$","M","?","M","R","B",null,"M","?","M","T","M","R","M","R","T","R","?","R","M","M","R","B",null,"M","?","M","M","?","R","M","M","T","?","$","R","$","$","R","B"],"character_chosen":"THE_SILENT","items_purchased":["Footwork","Whetstone","Infinite Blades","Bag of Preparation","Escape Plan+1","Footwork"],"gold_per_floor":[118,293,293,303,316,316,330,187,187,206,14,33,33,47,47,146,146,166,199,218,218,236,236,251,251,277,277,277,277,290,304,304,405,405,417,417,437,447,447,447,461,479,479,701,381,381,256,38,38,38],"floor_reached":51,"campfire_rested":3,"playtime":3478,"item_purchase_floors":[8,11,11,45,45,48],"current_hp_per_floor":[63,63,63,56,53,53,44,44,44,37,37,37,37,36,57,52,66,58,41,40,40,33,33,26,26,26,26,26,26,26,26,47,39,62,62,62,54,49,49,49,26,23,23,23,23,23,23,23,44,32],"items_purged":["Doubt","Strike_G","Strike_G","Defend_G"],"gold":38,"score":877,"play_id":"205f3945-7436-44aa-b527-c60aceef6ff9","local_time":"20180614015751","is_prod":false,"is_daily":false,"chose_seed":false,"is_ascension_mode":true,"campfire_upgraded":7,"win_rate":0,"timestamp":1528934271,"campfire_choices":[{"data":"Malaise","floor":6,"key":"SMITH"},{"floor":15,"key":"REST"},{"data":"Accuracy","floor":23,"key":"SMITH"},{"data":"Malaise","floor":25,"key":"SMITH"},{"data":"Footwork","floor":27,"key":"SMITH"},{"data":"Footwork","floor":29,"key":"SMITH"},{"floor":32,"key":"REST"},{"data":"After Image","floor":40,"key":"SMITH"},{"data":"Burst","floor":46,"key":"SMITH"},{"floor":49,"key":"REST"}],"path_taken":["M","?","?","M","M","R","M","$","T","M","$","M","?","M","R","BOSS","M","?","?","?","M","R","M","R","T","R","?","R","M","M","R","BOSS","M","?","M","M","?","R","?","?","T","?","$","R","?","$","R","BOSS"],"build_version":"2018-06-07v3","seed_source_timestamp":2431083192820327,"purchased_purges":4,"victory":true,"master_deck":["Defend_G","Defend_G","Defend_G","Strike_G+1","Strike_G","Strike_G+1","Survivor","Neutralize+1","Dagger Throw","Cloak And Dagger","Malaise+1","Malaise+1","Backstab","Footwork+1","Cloak And Dagger","Infinite Blades","Accuracy+1","Die Die Die","Footwork+1","Caltrops+1","After Image+1","Caltrops","Burst+1","Cloak And Dagger+1","Cloak And Dagger+1","Escape Plan+1","Footwork"],"max_hp_per_floor":[70,70,70,70,70,70,70,70,70,70,70,70,70,70,70,70,70,70,70,70,70,70,70,70,70,70,70,70,70,70,70,70,70,70,70,70,70,70,70,70,70,70,70,70,70,70,70,70,70,70],"relics":["Ring of the Snake","Ornamental Fan","Whetstone","Sozu","Red Mask","Gremlin Horn","Orichalcum","Busted Crown","Toxic Egg 2","Bag of Preparation"],"card_choices":[{"not_picked":["Choke","Bane"],"picked":"Dagger Throw","floor":0},{"not_picked":["Deflect","Terror"],"picked":"Cloak And Dagger","floor":1},{"not_picked":["Poisoned Stab","Crippling Poison"],"picked":"Malaise","floor":4},{"not_picked":["Escape Plan","Quick Slash"],"picked":"Malaise","floor":5},{"not_picked":["PiercingWail","Outmaneuver"],"picked":"Backstab","floor":7},{"not_picked":["Malaise","Prepared"],"picked":"Cloak And Dagger","floor":10},{"not_picked":["Slice","Reflex"],"picked":"Accuracy","floor":12},{"not_picked":["Bane","Outmaneuver","Dodge and Roll"],"picked":"SKIP","floor":14},{"not_picked":["Bullet Time","Unload"],"picked":"Die Die Die","floor":16},{"not_picked":["Dash","Crippling Poison","Prepared"],"picked":"SKIP","floor":18},{"not_picked":["Poisoned Stab","Bane"],"picked":"Footwork","floor":19},{"not_picked":["Dagger Spray","Deflect"],"picked":"Caltrops+1","floor":20},{"not_picked":["Finisher","Dodge and Roll+1","Flechettes"],"picked":"SKIP","floor":22},{"not_picked":["Dagger Throw","Dodge and Roll","Acrobatics"],"picked":"SKIP","floor":24},{"not_picked":["Flying Knee","Bane"],"picked":"After Image","floor":30},{"not_picked":["Flying Knee","Terror+1"],"picked":"Caltrops","floor":31},{"not_picked":["Tactician","Corpse Explosion"],"picked":"Burst","floor":33},{"not_picked":[],"picked":"Cloak And Dagger+1","floor":35},{"not_picked":[],"picked":"Cloak And Dagger+1","floor":37},{"not_picked":["Riddle With Holes"],"picked":"SKIP","floor":38},{"not_picked":["Dagger Throw"],"picked":"SKIP","floor":41},{"not_picked":["Masterful Stab"],"picked":"SKIP","floor":42}],"player_experience":316109,"potions_floor_usage":[16,16,50],"damage_taken":[{"damage":0,"enemies":"Jaw Worm","floor":1,"turns":4},{"damage":7,"enemies":"Cultist","floor":4,"turns":4},{"damage":3,"enemies":"2 Louse","floor":5,"turns":5},{"damage":9,"enemies":"Lots of Slimes","floor":7,"turns":7},{"damage":7,"enemies":"Large Slime","floor":10,"turns":5},{"damage":0,"enemies":"Blue Slaver","floor":12,"turns":5},{"damage":1,"enemies":"Looter","floor":14,"turns":3},{"damage":5,"enemies":"The Guardian","floor":16,"turns":12},{"damage":8,"enemies":"Chosen","floor":18,"turns":6},{"damage":17,"floor":19,"turns":6},{"damage":1,"enemies":"Shell Parasite","floor":20,"turns":7},{"damage":7,"enemies":"Snecko","floor":22,"turns":5},{"damage":7,"enemies":"Centurion and Healer","floor":24,"turns":12},{"damage":0,"enemies":"Snake Plant","floor":30,"turns":6},{"damage":0,"enemies":"3 Cultists","floor":31,"turns":5},{"damage":8,"enemies":"Collector","floor":33,"turns":13},{"damage":0,"enemies":"3 Shapes","floor":35,"turns":7},{"damage":8,"enemies":"Orb Walker","floor":37,"turns":6},{"damage":5,"enemies":"3 Darklings","floor":38,"turns":4},{"damage":23,"enemies":"Sphere and 2 Shapes","floor":41,"turns":5},{"damage":3,"enemies":"Maw","floor":42,"turns":9},{"damage":12,"enemies":"Awakened One","floor":50,"turns":16}],"relics_obtained":[{"floor":9,"key":"Ornamental Fan"},{"floor":19,"key":"Red Mask"},{"floor":21,"key":"Gremlin Horn"},{"floor":26,"key":"Orichalcum"},{"floor":43,"key":"Toxic Egg 2"}],"event_choices":[{"event_name":"Liars Game","player_choice":"agreed","floor":2,"damage_taken":0},{"event_name":"Upgrade Shrine","player_choice":"Upgraded","floor":3,"damage_taken":0},{"event_name":"Dead Adventurer","player_choice":"Searched \u00270\u0027 times","floor":13,"damage_taken":0},{"event_name":"Masked Bandits","player_choice":"Fought over 166 gold","floor":19,"damage_taken":0},{"event_name":"Cursed Tome","player_choice":"Ignored","floor":28,"damage_taken":0},{"event_name":"Falling","player_choice":"Removed Skill","floor":36,"damage_taken":0},{"event_name":"Match and Keep!","player_choice":"0 cards matched","floor":39,"damage_taken":0},{"event_name":"Tomb of Lord Red Mask","player_choice":"Wore Mask","floor":44,"damage_taken":0}],"boss_relics":[{"not_picked":["Runic Dome","Astrolabe"],"picked":"Sozu"},{"not_picked":["Snecko Eye","Calling Bell"],"picked":"Busted Crown"}],"items_purged_floors":[8,45,47,48],"potions_floor_spawned":[4,14,16,20,24,30,33,35,42],"seed_played":"-2715207334925958562","ascension_level":8,"potions_obtained":[{"floor":4,"key":"Strength Potion"},{"floor":14,"key":"AttackPotion"},{"floor":16,"key":"PowerPotion"}],"is_trial":false}