{"gold_per_floor":[114,134,134,33,56,97,97,131,167,179,235,272,307,358,370,503,515,541,553,589,601,639,651,690,7,53,53,80,91,91,118,118,221,221,237,247,7,107,329,329,359,41,109,109,125,25,25],"floor_reached":47,"playtime":31371,"items_purged":["Strike_B","Creative AI","Cold Snap"],"score":616,"play_id":"ee25426f-b1d2-4322-9680-4ff65cd7355c","local_time":"20181225205436","is_ascension_mode":true,"campfire_choices":[{"data":"Dualcast","floor":7,"key":"SMITH"},{"floor":10,"key":"REST"},{"data":"Redo","floor":15,"key":"SMITH"},{"floor":23,"key":"REST"},{"floor":30,"key":"REST"},{"floor":32,"key":"REST"},{"data":"Rainbow","floor":40,"key":"SMITH"},{"data":"Loop","floor":44,"key":"SMITH"}],"neow_cost":"NONE","seed_source_timestamp":268221838380935,"circlet_count":0,"master_deck":["Defend_B","Defend_B","Defend_B","Defend_B","Zap+1","Dualcast+1","Go for the Eyes","Compile Driver","Cold Snap+1","Machine Learning","Loop+1","Redo+1","Conserve Battery","Cold Snap+1","Chaos+1","Echo Form+1","Steam+1","Chill+1","Doom and Gloom+1","Seek","Self Repair","Capacitor","Rainbow+1","Hologram+1","Hologram+1","Ball Lightning+1","Hologram+1","Force Field"],"relics":["Cracked Core","Bloody Idol","Whetstone","MawBank","Regal Pillow","Molten Egg 2","The Courier","Astrolabe","Red Mask","Dead Branch","Lantern","ClockworkSouvenir","Tiny Chest","Juzu Bracelet","Bag of Preparation","Ginger","Du-Vu Doll","Orrery","Incense Burner","Boot","Shuriken","Oddly Smooth Stone","Question Card"],"potions_floor_usage":[6,6,12,13,16,29,33,47,47],"damage_taken":[{"damage":2,"enemies":"Jaw Worm","floor":1,"turns":3},{"damage":5,"enemies":"Small Slimes","floor":2,"turns":2},{"damage":0,"enemies":"Cultist","floor":5,"turns":3},{"damage":8,"enemies":"Lagavulin","floor":6,"turns":5},{"damage":16,"enemies":"3 Sentries","floor":8,"turns":6},{"damage":6,"enemies":"Gremlin Nob","floor":11,"turns":3},{"damage":3,"enemies":"Gremlin Gang","floor":12,"turns":3},{"damage":15,"enemies":"Exordium Wildlife","floor":13,"turns":3},{"damage":12,"enemies":"Lagavulin","floor":14,"turns":6},{"damage":23,"enemies":"Hexaghost","floor":16,"turns":10},{"damage":23,"enemies":"Shell Parasite","floor":18,"turns":5},{"damage":26,"enemies":"3 Byrds","floor":20,"turns":6},{"damage":27,"enemies":"Masked Bandits","floor":22,"turns":5},{"damage":36,"enemies":"Gremlin Leader","floor":24,"turns":7},{"damage":34,"enemies":"Slavers","floor":28,"turns":6},{"damage":13,"enemies":"3 Cultists","floor":29,"turns":5},{"damage":17,"enemies":"Gremlin Leader","floor":31,"turns":5},{"damage":22,"enemies":"Collector","floor":33,"turns":11},{"damage":18,"enemies":"3 Darklings","floor":35,"turns":4},{"damage":0,"enemies":"Orb Walker","floor":36,"turns":3},{"damage":41,"enemies":"Nemesis","floor":41,"turns":7},{"damage":26,"enemies":"Jaw Worm Horde","floor":45,"turns":3},{"damage":51,"enemies":"Transient","floor":47,"turns":5}],"seed_played":"-2527124703313684340","potions_obtained":[{"floor":1,"key":"Regen Potion"},{"floor":5,"key":"Energy Potion"},{"floor":8,"key":"Energy Potion"},{"floor":11,"key":"Fire Potion"},{"floor":12,"key":"Fire Potion"},{"floor":28,"key":"Energy Potion"},{"floor":29,"key":"Weak Potion"},{"floor":31,"key":"SteroidPotion"},{"floor":41,"key":"EssenceOfSteel"},{"floor":45,"key":"PowerPotion"}],"is_trial":false,"path_per_floor":["M","M","?","$","M","E","R","E","T","R","E","M","M","E","R","B",null,"M","?","M","?","?","R","E","$","T","?","E","M","R","E","R","B",null,"M","M","$","?","?","R","E","$","T","R","M","$","M"],"character_chosen":"DEFECT","items_purchased":["Cold Snap","Lantern","ClockworkSouvenir","Tiny Chest","Juzu Bracelet","Self Repair","Capacitor","Incense Burner","Shuriken","Oddly Smooth Stone"],"campfire_rested":4,"item_purchase_floors":[4,25,25,25,25,25,25,37,42,42],"current_hp_per_floor":[73,68,50,50,50,54,54,38,38,75,69,66,51,39,39,16,75,52,52,26,26,9,51,25,35,40,40,18,10,47,42,75,65,75,62,74,74,75,75,75,39,39,44,44,23,23,0],"gold":25,"neow_bonus":"UPGRADE_CARD","is_prod":false,"is_daily":false,"chose_seed":false,"campfire_upgraded":4,"win_rate":0,"timestamp":1545792876,"path_taken":["M","M","?","$","M","E","R","E","T","R","E","M","M","E","R","BOSS","M","?","M","?","?","R","E","$","T","?","E","M","R","E","R","BOSS","M","M","$","?","?","R","E","$","T","R","M","$","M"],"build_version":"2018-12-20","purchased_purges":3,"victory":false,"max_hp_per_floor":[75,75,75,75,75,75,75,75,75,75,75,75,75,75,75,75,75,75,75,75,75,75,75,75,75,75,75,75,75,75,75,75,75,75,75,75,75,75,75,75,75,75,75,75,75,75,75],"card_choices":[{"not_picked":["Coolheaded","Storm"],"picked":"Go for the Eyes","floor":1},{"not_picked":["Turbo","Static Discharge"],"picked":"Compile Driver","floor":2},{"not_picked":["Beam Cell","Coolheaded"],"picked":"Cold Snap","floor":5},{"not_picked":["Steam","Sweeping Beam"],"picked":"Machine Learning","floor":6},{"not_picked":["Compile Driver","Barrage"],"picked":"Loop","floor":8},{"not_picked":["Compile Driver","Sweeping Beam"],"picked":"Redo","floor":11},{"not_picked":["Compile Driver+1","Heatsinks"],"picked":"Conserve Battery","floor":12},{"not_picked":["Force Field","Undo"],"picked":"Cold Snap+1","floor":13},{"not_picked":["Seek","Darkness","Barrage+1"],"picked":"SKIP","floor":14},{"not_picked":["Buffer","Multi-Cast"],"picked":"Creative AI","floor":16},{"not_picked":["Leap","Gash+1"],"picked":"Chill","floor":18},{"not_picked":["Reinforced Body","Scrape+1","Steam Power+1"],"picked":"SKIP","floor":20},{"not_picked":["Beam Cell+1","Coolheaded+1"],"picked":"Seek","floor":24},{"not_picked":["Beam Cell+1","Turbo","Meteor Strike+1"],"picked":"SKIP","floor":28},{"not_picked":["Redo","Streamline+1","Hello World"],"picked":"SKIP","floor":29},{"not_picked":["Rebound+1","Go for the Eyes+1","Stack+1"],"picked":"SKIP","floor":31},{"not_picked":["Reboot","Fission"],"picked":"Rainbow","floor":33},{"not_picked":["Consume","Storm"],"picked":"Hologram+1","floor":34},{"not_picked":["Sweeping Beam+1","Leap"],"picked":"Hologram+1","floor":34},{"not_picked":["Go for the Eyes+1","Double Energy"],"picked":"Ball Lightning+1","floor":34},{"not_picked":["Chill+1","Cold Snap+1","Turbo+1"],"picked":"SKIP","floor":35},{"not_picked":["Barrage+1","Consume","Biased Cognition"],"picked":"SKIP","floor":36},{"not_picked":["Chill","Go for the Eyes+1"],"picked":"Hologram+1","floor":41},{"not_picked":["Barrage+1","Steam","Consume"],"picked":"Force Field","floor":45}],"player_experience":264671,"relics_obtained":[{"floor":6,"key":"Whetstone"},{"floor":8,"key":"MawBank"},{"floor":9,"key":"Regal Pillow"},{"floor":11,"key":"Molten Egg 2"},{"floor":14,"key":"The Courier"},{"floor":22,"key":"Red Mask"},{"floor":24,"key":"Dead Branch"},{"floor":26,"key":"Bag of Preparation"},{"floor":28,"key":"Ginger"},{"floor":31,"key":"Du-Vu Doll"},{"floor":41,"key":"Boot"},{"floor":43,"key":"Question Card"}],"event_choices":[{"damage_healed":0,"gold_gain":0,"player_choice":"Take Damage","damage_taken":18,"relics_obtained":["Golden Idol"],"max_hp_gain":0,"max_hp_loss":0,"event_name":"Golden Idol","floor":3,"gold_loss":0},{"damage_healed":0,"gold_gain":0,"player_choice":"Read","damage_taken":0,"max_hp_gain":0,"max_hp_loss":0,"event_name":"The Library","floor":19,"gold_loss":0,"cards_obtained":["Doom and Gloom"]},{"damage_healed":0,"gold_gain":0,"player_choice":"Gave Idol","damage_taken":0,"relics_obtained":["Bloody Idol"],"max_hp_gain":0,"max_hp_loss":0,"event_name":"Forgotten Altar","floor":21,"relics_lost":["Golden Idol"],"gold_loss":0},{"damage_healed":0,"gold_gain":0,"player_choice":"Fought Bandits","damage_taken":0,"max_hp_gain":0,"max_hp_loss":0,"event_name":"Masked Bandits","floor":22,"gold_loss":0},{"damage_healed":0,"gold_gain":0,"player_choice":"Upgraded","damage_taken":0,"max_hp_gain":0,"max_hp_loss":0,"event_name":"Upgrade Shrine","floor":27,"gold_loss":0,"cards_upgraded":["Chill"]},{"damage_healed":0,"gold_gain":100,"player_choice":"Pray","damage_taken":0,"max_hp_gain":0,"max_hp_loss":0,"event_name":"Golden Shrine","floor":38,"gold_loss":0},{"damage_healed":0,"gold_gain":222,"player_choice":"Wore Mask","damage_taken":0,"max_hp_gain":0,"max_hp_loss":0,"event_name":"Tomb of Lord Red Mask","floor":39,"gold_loss":0}],"is_beta":false,"boss_relics":[{"not_picked":["Runic Dome","Runic Pyramid"],"picked":"Astrolabe"},{"not_picked":["Pandora\u0027s Box","Coffee Dripper"],"picked":"Orrery"}],"items_purged_floors":[4,25,46],"is_endless":false,"potions_floor_spawned":[1,5,8,11,12,28,29,31,41,45],"killed_by":"Transient","ascension_level":2}