{"gold_per_floor":[115,115,115,131,142,142,171,124,124,124,154,164,164,180,180,278,278,289,301,301,156,156,183,195,209,233,233,233,266,266,299,299,395,395,414,426,426,444,107,135,135,169,169,169,181,49,49,75,75,75],"floor_reached":50,"playtime":6379,"items_purged":["Defend_B","Normality"],"score":813,"play_id":"1dd0cdf1-f188-4ed1-bf43-1d08c21f6a99","local_time":"20181224143905","is_ascension_mode":true,"campfire_choices":[{"data":"Zap","floor":6,"key":"SMITH"},{"data":"Double Energy","floor":13,"key":"SMITH"},{"data":"Hologram","floor":15,"key":"SMITH"},{"floor":28,"key":"REST"},{"data":"Blizzard","floor":32,"key":"SMITH"},{"floor":41,"key":"RECALL"},{"floor":44,"key":"REST"},{"floor":49,"key":"REST"}],"neow_cost":"NONE","seed_source_timestamp":229728551201826,"circlet_count":0,"master_deck":["Defend_B","Defend_B","Zap+1","Dualcast","Go for the Eyes","Blizzard+1","Double Energy+1","Hologram+1","Electrodynamics","Hologram+1","Glacier","Bite","Bite","Bite","Bite","Bite","White Noise+1","FTL","Cold Snap","Gash+1","Ghostly","Ghostly","Ghostly","Ghostly","Ghostly","Cold Snap","Thunder Strike","FTL","Skim+1","Cold Snap","Metamorphosis","Capacitor+1","Normality","Defragment","Rainbow"],"relics":["Cracked Core","Kunai","Shuriken","Mercury Hourglass","Anchor","Cursed Key","Incense Burner","Blood Vial","Gremlin Horn","Juzu Bracelet","Fusion Hammer","Bag of Preparation","Smiling Mask","Bag of Marbles","Pantograph","Ornamental Fan"],"potions_floor_usage":[7,7,11,16,16,50,50,50],"damage_taken":[{"damage":7,"enemies":"Small Slimes","floor":1,"turns":4},{"damage":4,"enemies":"Cultist","floor":4,"turns":5},{"damage":6,"enemies":"Jaw Worm","floor":5,"turns":4},{"damage":16,"enemies":"Gremlin Nob","floor":7,"turns":3},{"damage":2,"enemies":"3 Sentries","floor":11,"turns":6},{"damage":0,"enemies":"Large Slime","floor":12,"turns":5},{"damage":1,"enemies":"2 Fungi Beasts","floor":14,"turns":3},{"damage":28,"enemies":"Hexaghost","floor":16,"turns":10},{"damage":17,"enemies":"2 Thieves","floor":18,"turns":4},{"damage":4,"enemies":"3 Byrds","floor":19,"turns":3},{"damage":17,"enemies":"Gremlin Leader","floor":23,"turns":5},{"damage":20,"enemies":"Snecko","floor":24,"turns":4},{"damage":6,"enemies":"Centurion and Healer","floor":25,"turns":5},{"damage":51,"enemies":"Slavers","floor":29,"turns":5},{"damage":1,"enemies":"Book of Stabbing","floor":31,"turns":7},{"damage":0,"enemies":"Collector","floor":33,"turns":10},{"damage":4,"enemies":"3 Darklings","floor":35,"turns":5},{"damage":2,"enemies":"3 Shapes","floor":36,"turns":4},{"damage":3,"enemies":"3 Darklings","floor":38,"turns":3},{"damage":0,"enemies":"Giant Head","floor":40,"turns":9},{"damage":26,"enemies":"Reptomancer","floor":42,"turns":8},{"damage":0,"enemies":"Jaw Worm Horde","floor":45,"turns":5},{"damage":43,"enemies":"Nemesis","floor":48,"turns":7},{"damage":53,"enemies":"Time Eater","floor":50,"turns":8}],"seed_played":"7258670369358272032","potions_obtained":[{"floor":0,"key":"Dexterity Potion"},{"floor":0,"key":"PowerPotion"},{"floor":0,"key":"Swift Potion"},{"floor":7,"key":"FairyPotion"},{"floor":11,"key":"Weak Potion"},{"floor":14,"key":"Strength Potion"},{"floor":19,"key":"Regen Potion"},{"floor":25,"key":"Energy Potion"},{"floor":29,"key":"Dexterity Potion"},{"floor":35,"key":"Strength Potion"},{"floor":48,"key":"FocusPotion"}],"is_trial":false,"path_per_floor":["M","?","?","M","M","R","E","$","T","T","E","M","R","M","R","B",null,"M","M","?","$","?","E","M","M","T","?","R","E","?","E","R","B",null,"M","M","?","M","$","E","R","E","T","R","M","$","?","E","R","B"],"character_chosen":"DEFECT","items_purchased":["Conserve Battery","White Noise","Metamorphosis","Bag of Preparation","Defragment"],"campfire_rested":3,"item_purchase_floors":[8,21,39,39,46],"current_hp_per_floor":[68,73,80,76,70,70,54,54,54,54,52,52,52,51,51,23,80,63,59,56,56,56,47,39,43,43,34,52,17,17,30,30,30,30,26,28,28,27,27,30,30,4,4,13,17,17,17,11,20,0],"gold":75,"neow_bonus":"THREE_SMALL_POTIONS","is_prod":false,"is_daily":false,"chose_seed":false,"campfire_upgraded":4,"win_rate":0,"timestamp":1545683945,"path_taken":["M","?","?","?","M","R","E","$","T","?","E","M","R","M","R","BOSS","M","M","?","$","?","E","M","M","T","?","R","E","?","E","R","BOSS","M","M","?","M","$","E","R","E","T","R","M","$","?","E","R","BOSS"],"build_version":"2018-12-20","purchased_purges":2,"victory":false,"max_hp_per_floor":[75,80,80,80,80,80,80,80,80,80,80,80,80,80,80,80,80,80,80,56,56,56,56,56,56,56,61,61,61,30,30,30,30,30,30,30,30,30,30,30,30,30,30,30,30,30,30,30,30,30],"card_choices":[{"not_picked":["Static Discharge","Scrape"],"picked":"Chill","floor":1},{"not_picked":["Turbo","Steam","Reprogram"],"picked":"SKIP","floor":4},{"not_picked":["Heatsinks","Melter"],"picked":"Go for the Eyes","floor":5},{"not_picked":["Redo","Double Energy"],"picked":"Blizzard","floor":7},{"not_picked":["BootSequence","Sunder","Consume"],"picked":"SKIP","floor":11},{"not_picked":["Heatsinks","Melter"],"picked":"Double Energy","floor":12},{"not_picked":["Rebound","Leap"],"picked":"Hologram","floor":14},{"not_picked":["Buffer","Multi-Cast"],"picked":"Electrodynamics","floor":16},{"not_picked":["Conserve Battery+1","Rebound+1"],"picked":"Hologram+1","floor":18},{"not_picked":["Doom and Gloom","Hologram"],"picked":"Glacier","floor":19},{"not_picked":["Creative AI","Leap"],"picked":"FTL","floor":23},{"not_picked":["Steam","Static Discharge+1"],"picked":"Cold Snap","floor":24},{"not_picked":["Ball Lightning","Rebound","Hologram"],"picked":"SKIP","floor":25},{"not_picked":["Beam Cell","Turbo+1"],"picked":"Gash+1","floor":29},{"not_picked":["Genetic Algorithm+1","Consume+1"],"picked":"Cold Snap","floor":31},{"not_picked":["Amplify","Hyperbeam"],"picked":"Thunder Strike","floor":33},{"not_picked":["Undo+1","Sweeping Beam"],"picked":"FTL","floor":35},{"not_picked":["Force Field+1","BootSequence+1"],"picked":"Skim+1","floor":36},{"not_picked":["Rebound+1","Beam Cell"],"picked":"Cold Snap","floor":38},{"not_picked":["Blizzard+1","Stack"],"picked":"Capacitor+1","floor":40},{"not_picked":["Hello World","Melter+1","Scrape+1"],"picked":"SKIP","floor":42},{"not_picked":["Sweeping Beam","Stack+1","Beam Cell+1"],"picked":"SKIP","floor":45},{"not_picked":["BootSequence","Coolheaded+1"],"picked":"Rainbow","floor":48}],"player_experience":255662,"relics_obtained":[{"floor":7,"key":"Kunai"},{"floor":9,"key":"Shuriken"},{"floor":10,"key":"Mercury Hourglass"},{"floor":11,"key":"Anchor"},{"floor":23,"key":"Incense Burner"},{"floor":26,"key":"Blood Vial"},{"floor":29,"key":"Gremlin Horn"},{"floor":31,"key":"Juzu Bracelet"},{"floor":40,"key":"Smiling Mask"},{"floor":42,"key":"Bag of Marbles"},{"floor":43,"key":"Pantograph"},{"floor":48,"key":"Ornamental Fan"}],"event_choices":[{"damage_healed":0,"gold_gain":0,"player_choice":"Donut","damage_taken":0,"max_hp_gain":5,"max_hp_loss":0,"event_name":"Big Fish","floor":2,"gold_loss":0},{"cards_removed":["Chill"],"damage_healed":7,"gold_gain":0,"player_choice":"Offered Uncommon","damage_taken":0,"max_hp_gain":0,"max_hp_loss":0,"event_name":"Bonfire Elementals","floor":3,"gold_loss":0},{"damage_healed":0,"gold_gain":0,"player_choice":"Became a vampire","damage_taken":0,"max_hp_gain":0,"max_hp_loss":24,"event_name":"Vampires","floor":20,"gold_loss":0,"cards_obtained":["Bite","Bite","Bite","Bite","Bite"]},{"cards_removed":["Defend_B"],"damage_healed":0,"gold_gain":0,"player_choice":"Elegance","damage_taken":0,"max_hp_gain":0,"max_hp_loss":0,"event_name":"Back to Basics","floor":22,"gold_loss":0},{"damage_healed":0,"gold_gain":0,"player_choice":"Shed Blood","damage_taken":14,"max_hp_gain":5,"max_hp_loss":0,"event_name":"Forgotten Altar","floor":27,"gold_loss":0},{"damage_healed":0,"gold_gain":0,"player_choice":"Became a Ghost","damage_taken":0,"max_hp_gain":0,"max_hp_loss":31,"event_name":"Ghosts","floor":30,"gold_loss":0,"cards_obtained":["Ghostly","Ghostly","Ghostly","Ghostly","Ghostly"]},{"damage_healed":0,"gold_gain":0,"player_choice":"Upgraded","damage_taken":0,"max_hp_gain":0,"max_hp_loss":0,"event_name":"Upgrade Shrine","floor":37,"gold_loss":0,"cards_upgraded":["White Noise"]},{"cards_removed":["Conserve Battery"],"damage_healed":0,"gold_gain":0,"player_choice":"Removed Skill","damage_taken":0,"max_hp_gain":0,"max_hp_loss":0,"event_name":"Falling","floor":47,"gold_loss":0}],"is_beta":false,"boss_relics":[{"not_picked":["Ectoplasm","Black Star"],"picked":"Cursed Key"},{"not_picked":["White Beast Statue","Tiny House"],"picked":"Fusion Hammer"}],"items_purged_floors":[21,46],"is_endless":false,"potions_floor_spawned":[7,11,14,19,25,29,31,33,35,36,48],"killed_by":"Time Eater","ascension_level":2}