{"gold_per_floor":[117,117,131,56,74,74,101,113,162,179,179,354,368,384,384,480,480,491,88,88,101,101],"floor_reached":22,"playtime":1121,"items_purged":["Strike_B","Doubt"],"score":267,"play_id":"97e2578e-2064-46e9-845c-c72d2f4465b1","local_time":"20190328194438","is_ascension_mode":true,"campfire_choices":[{"data":"Sunder","floor":6.0,"key":"SMITH"},{"data":"Darkness","floor":11.0,"key":"SMITH"},{"floor":15.0,"key":"REST"}],"neow_cost":"NONE","seed_source_timestamp":0,"circlet_count":0,"master_deck":["AscendersBane","Defend_B","Defend_B","Defend_B","Zap","Dualcast+1","Glacier","Undo+1","Sunder+1","Ball Lightning","Beam Cell","Darkness+1","Reboot","Cold Snap","Buffer","Stack+1","Rip and Tear+1","Hologram+1","Darkness","Skim","Sunder","Master of Strategy","Static Discharge+1"],"special_seed":0,"relics":["Cracked Core","Odd Mushroom","War Paint","Astrolabe","Membership Card"],"potions_floor_usage":[21],"damage_taken":[{"damage":7.0,"enemies":"Jaw Worm","floor":1.0,"turns":3.0},{"damage":1.0,"enemies":"Small Slimes","floor":3.0,"turns":4.0},{"damage":0.0,"enemies":"Cultist","floor":5.0,"turns":6.0},{"damage":8.0,"enemies":"The Mushroom Lair","floor":7.0,"turns":6.0},{"damage":0.0,"enemies":"Exordium Wildlife","floor":8.0,"turns":3.0},{"damage":3.0,"enemies":"Blue Slaver","floor":10.0,"turns":3.0},{"damage":17.0,"enemies":"Exordium Thugs","floor":13.0,"turns":4.0},{"damage":19.0,"enemies":"Gremlin Gang","floor":14.0,"turns":4.0},{"damage":35.0,"enemies":"Slime Boss","floor":16.0,"turns":10.0},{"damage":22,"enemies":"Chosen","floor":18,"turns":8},{"damage":12,"enemies":"Shell Parasite","floor":21,"turns":5},{"damage":35,"enemies":"Sentry and Sphere","floor":22,"turns":5}],"seed_played":"-7772696644155687657","potions_obtained":[{"floor":1.0,"key":"SpeedPotion"},{"floor":8.0,"key":"Fruit Juice"},{"floor":10.0,"key":"PowerPotion"},{"floor":18,"key":"AttackPotion"}],"is_trial":false,"path_per_floor":["M","?","M","$","M","R","?","M","T","M","R","?","M","M","R","B",null,"M","$","?","M","M"],"character_chosen":"DEFECT","items_purchased":["Membership Card","Skim","Sunder","Master of Strategy"],"campfire_rested":1,"item_purchase_floors":[19,19,19,19],"current_hp_per_floor":[68,68,67,67,67,67,59,59,59,56,61,61,44,25,51,16,69,47,47,47,35,0],"gold":101,"neow_bonus":"TEN_PERCENT_HP_BONUS","is_prod":false,"is_daily":false,"chose_seed":false,"campfire_upgraded":2,"win_rate":0,"timestamp":1553816678,"path_taken":["M","?","M","$","M","R","?","M","T","M","R","?","M","?","R","BOSS","M","$","?","M","M"],"build_version":"2019-01-23","purchased_purges":2,"victory":false,"max_hp_per_floor":[82,82,82,82,82,82,82,82,82,82,87,87,87,87,87,87,87,87,87,87,87,87],"card_choices":[{"not_picked":["Barrage","Ball Lightning"],"picked":"Glacier","floor":1.0},{"not_picked":["Recycle","Cold Snap","Hello World"],"picked":"SKIP","floor":3.0},{"not_picked":["Hologram","White Noise"],"picked":"Sunder","floor":5.0},{"not_picked":["Barrage","Steam"],"picked":"Ball Lightning","floor":7.0},{"not_picked":["Barrage","Gash"],"picked":"Beam Cell","floor":8.0},{"not_picked":["Auto Shields","Sweeping Beam"],"picked":"Darkness","floor":10.0},{"not_picked":["Beam Cell","Streamline"],"picked":"Reboot","floor":13.0},{"not_picked":["Turbo","Beam Cell"],"picked":"Cold Snap","floor":14.0},{"not_picked":["Core Surge","All For One"],"picked":"Buffer","floor":16.0},{"not_picked":["Cold Snap","Hologram"],"picked":"Darkness","floor":18},{"not_picked":["Turbo","Recycle"],"picked":"Static Discharge+1","floor":21}],"player_experience":2532493,"relics_obtained":[{"floor":7.0,"key":"Odd Mushroom"},{"floor":9.0,"key":"War Paint"}],"event_choices":[{"damage_healed":0.0,"max_hp_gain":0.0,"max_hp_loss":0.0,"gold_gain":0.0,"cards_transformed":["Strike_B"],"event_name":"Living Wall","player_choice":"Change","floor":2.0,"gold_loss":0.0,"damage_taken":0.0,"cards_obtained":["Undo"]},{"damage_healed":0.0,"max_hp_gain":0.0,"max_hp_loss":0.0,"gold_gain":0.0,"event_name":"Mushrooms","player_choice":"Fought Mushrooms","floor":7.0,"gold_loss":0.0,"damage_taken":0.0},{"damage_healed":0.0,"max_hp_gain":0.0,"max_hp_loss":0.0,"gold_gain":175.0,"event_name":"Liars Game","player_choice":"AGREE","floor":12.0,"gold_loss":0.0,"damage_taken":0.0,"cards_obtained":["Doubt"]},{"damage_healed":0,"gold_gain":0,"player_choice":"Ignored","damage_taken":0,"max_hp_gain":0,"max_hp_loss":0,"event_name":"Ghosts","floor":20,"gold_loss":0}],"is_beta":false,"boss_relics":[{"not_picked":["Black Star","Fusion Hammer"],"picked":"Astrolabe"}],"items_purged_floors":[4,19],"is_endless":false,"potions_floor_spawned":[1,8,10,18],"killed_by":"Sentry and Sphere","ascension_level":10}