{"gold_per_floor":[112,126,126,143,113,113,80,80,80,80,99,124,32,50,50,152,152,165,165,179,179,190,190,190],"floor_reached":24,"playtime":3588,"items_purged":[],"score":228,"play_id":"48872553-8318-4c6b-8cc0-3af58091f962","local_time":"20180916225142","is_ascension_mode":true,"campfire_choices":[{"floor":6.0,"key":"REST"},{"floor":8.0,"key":"REST"},{"data":"Outmaneuver","floor":10.0,"key":"SMITH"},{"floor":15.0,"key":"REST"},{"floor":23.0,"key":"REST"}],"neow_cost":"PERCENT_DAMAGE","seed_source_timestamp":0,"circlet_count":0,"master_deck":["Defend_G","Defend_G","Defend_G","Defend_G","Defend_G","Strike_G","Strike_G","Strike_G","Strike_G","Survivor","Neutralize","Prepared","Backflip","After Image","Backflip","Eviscerate","Outmaneuver+1","Terror","Discovery","Underhanded Strike","Envenom","Leg Sweep","Panacea","Well Laid Plans"],"special_seed":0,"relics":["Ring of the Snake","Tough Bandages","PreservedInsect","Matryoshka","Eternal Feather"],"potions_floor_usage":[],"damage_taken":[{"damage":12.0,"enemies":"Small Slimes","floor":1.0,"turns":5.0},{"damage":6.0,"enemies":"Jaw Worm","floor":2.0,"turns":5.0},{"damage":0.0,"enemies":"Cultist","floor":4.0,"turns":5.0},{"damage":0.0,"enemies":"Looter","floor":5.0,"turns":4.0},{"damage":4.0,"enemies":"Exordium Thugs","floor":7.0,"turns":9.0},{"damage":18.0,"enemies":"Lots of Slimes","floor":11.0,"turns":8.0},{"damage":17.0,"enemies":"Gremlin Nob","floor":12.0,"turns":4.0},{"damage":5.0,"enemies":"Gremlin Gang","floor":14.0,"turns":8.0},{"damage":8.0,"enemies":"Hexaghost","floor":16.0,"turns":13.0},{"damage":33.0,"enemies":"3 Byrds","floor":18.0,"turns":10.0},{"damage":7.0,"enemies":"Spheric Guardian","floor":20.0,"turns":24.0},{"damage":51.0,"enemies":"Centurion and Healer","floor":22.0,"turns":12.0},{"damage":65,"enemies":"3 Cultists","floor":24,"turns":6}],"seed_played":"-1408319526999774696","potions_obtained":[{"floor":1.0,"key":"SkillPotion"},{"floor":4.0,"key":"Weak Potion"},{"floor":11.0,"key":"Ancient Potion"},{"floor":14.0,"key":"Energy Potion"},{"floor":20.0,"key":"Swift Potion"},{"floor":22.0,"key":"Ancient Potion"}],"is_trial":false,"path_per_floor":["M","M","?","M","M","R","M","R","T","R","M","E","$","M","R","B",null,"M","?","M","?","M","R"],"character_chosen":"THE_SILENT","items_purchased":["Discovery"],"campfire_rested":4,"item_purchase_floors":[13],"current_hp_per_floor":[37,31,31,31,31,52,48,69,69,69,51,34,34,29,50,42,70,37,23,16,80,29,65,0],"gold":190,"neow_bonus":"ONE_RARE_RELIC","is_prod":false,"is_daily":false,"chose_seed":false,"campfire_upgraded":1,"win_rate":0,"timestamp":1537152702,"path_taken":["M","M","?","?","M","R","M","R","T","R","M","E","$","M","R","BOSS","M","?","?","?","M","R","M"],"build_version":"2018-09-06","purchased_purges":0,"victory":false,"max_hp_per_floor":[70,70,70,70,70,70,70,70,70,70,70,70,70,70,70,70,70,70,70,70,80,80,80,80],"card_choices":[{"not_picked":["Expertise","Escape Plan"],"picked":"Prepared","floor":1.0},{"not_picked":["Escape Plan","Dodge and Roll"],"picked":"Backflip","floor":2.0},{"not_picked":["Quick Slash","Endless Agony"],"picked":"Backflip","floor":4.0},{"not_picked":["Cloak And Dagger","Choke"],"picked":"Eviscerate","floor":5.0},{"not_picked":["Deadly Poison","Poisoned Stab"],"picked":"Outmaneuver","floor":7.0},{"not_picked":["Reflex","PiercingWail"],"picked":"Terror","floor":11.0},{"not_picked":["Dodge and Roll","Calculated Gamble"],"picked":"Wraith Form v2","floor":12.0},{"not_picked":["Deadly Poison","Outmaneuver"],"picked":"Underhanded Strike","floor":14.0},{"not_picked":["After Image","Doppelganger"],"picked":"Envenom","floor":16.0},{"not_picked":["Expertise","Dagger Spray"],"picked":"Leg Sweep","floor":18.0},{"not_picked":["Poisoned Stab","Flechettes"],"picked":"Well Laid Plans","floor":20.0},{"not_picked":["Backflip","Cloak And Dagger","Acrobatics"],"picked":"SKIP","floor":22.0}],"player_experience":857934,"relics_obtained":[{"floor":9.0,"key":"PreservedInsect"},{"floor":12.0,"key":"Matryoshka"}],"event_choices":[{"event_name":"Living Wall","player_choice":"Change","floor":3.0,"damage_taken":0.0},{"event_name":"Knowing Skull","player_choice":"CARD ","floor":19.0,"damage_taken":0.0},{"event_name":"Bonfire Elementals","player_choice":"RARE","floor":21.0,"damage_taken":0.0}],"is_beta":false,"boss_relics":[{"not_picked":["Calling Bell","WristBlade"],"picked":"Eternal Feather"}],"items_purged_floors":[],"is_endless":false,"potions_floor_spawned":[1,4,11,14,20,22],"killed_by":"3 Cultists","ascension_level":3}