{"gold_per_floor":[113,38,57,70,87,87,114,114,114,114,114,125,138,138,138,138],"floor_reached":16,"playtime":782,"items_purged":["Clumsy"],"score":153,"play_id":"2c81806d-e878-4bb1-8fee-0630639720bb","local_time":"20190105104657","is_ascension_mode":true,"campfire_choices":[{"data":"Bash","floor":6,"key":"SMITH"},{"data":"Rampage","floor":10,"key":"SMITH"},{"floor":15,"key":"REST"}],"neow_cost":"CURSE","seed_source_timestamp":745861184865899,"circlet_count":0,"master_deck":["AscendersBane","Strike_R","Strike_R","Strike_R+1","Strike_R+1","Defend_R","Defend_R","Defend_R","Defend_R","Bash+1","Pommel Strike","Rampage+1","Intimidate","Juggernaut","Cleave","True Grit+1","Regret"],"relics":["Burning Blood","Girya","Happy Flower","Toxic Egg 2","Shuriken"],"potions_floor_usage":[12,12],"damage_taken":[{"damage":10,"enemies":"Cultist","floor":1,"turns":5},{"damage":2,"enemies":"2 Louse","floor":3,"turns":4},{"damage":3,"enemies":"Small Slimes","floor":4,"turns":4},{"damage":17,"enemies":"Exordium Wildlife","floor":5,"turns":6},{"damage":24,"enemies":"Gremlin Nob","floor":7,"turns":4},{"damage":16,"enemies":"Gremlin Gang","floor":12,"turns":4},{"damage":3,"enemies":"2 Fungi Beasts","floor":13,"turns":3},{"damage":56,"enemies":"The Guardian","floor":16,"turns":6}],"seed_played":"1716044710501158852","potions_obtained":[{"floor":4,"key":"LiquidBronze"},{"floor":5,"key":"BloodPotion"}],"is_trial":false,"path_per_floor":["M","$","M","M","M","R","E","?","T","R","?","M","M","?","R","B"],"character_chosen":"IRONCLAD","items_purchased":[],"campfire_rested":1,"item_purchase_floors":[],"current_hp_per_floor":[68,68,72,75,64,64,46,46,46,46,30,28,31,31,55,0],"gold":138,"neow_bonus":"ONE_RARE_RELIC","is_prod":false,"is_daily":false,"chose_seed":false,"campfire_upgraded":2,"win_rate":0,"timestamp":1546703217,"path_taken":["M","$","M","M","?","R","E","?","T","R","?","M","M","?","R","BOSS"],"build_version":"2019-01-03v4","purchased_purges":1,"victory":false,"max_hp_per_floor":[80,80,80,80,80,80,80,80,80,80,80,80,80,80,80,80],"card_choices":[{"not_picked":["Reckless Charge","Heavy Blade"],"picked":"Pommel Strike","floor":1},{"not_picked":["Pummel","Wild Strike","Sword Boomerang"],"picked":"SKIP","floor":3},{"not_picked":["Perfected Strike","Inflame"],"picked":"Rampage","floor":4},{"not_picked":["Sword Boomerang","Feel No Pain"],"picked":"Intimidate","floor":5},{"not_picked":["Battle Trance","Metallicize"],"picked":"Juggernaut","floor":7},{"not_picked":["Entrench+1","Blood for Blood"],"picked":"Cleave","floor":12},{"not_picked":["Body Slam","Warcry+1"],"picked":"True Grit+1","floor":13}],"player_experience":1701444,"relics_obtained":[{"floor":7,"key":"Happy Flower"},{"floor":9,"key":"Toxic Egg 2"}],"event_choices":[{"cards_removed":["Strike_R"],"damage_healed":0,"gold_gain":0,"player_choice":"Forget","damage_taken":0,"max_hp_gain":0,"max_hp_loss":0,"event_name":"Living Wall","floor":8,"gold_loss":0},{"damage_healed":0,"gold_gain":0,"player_choice":"Entered Light","damage_taken":16,"max_hp_gain":0,"max_hp_loss":0,"event_name":"Shining Light","floor":11,"gold_loss":0,"cards_upgraded":["Strike_R","Strike_R"]},{"damage_healed":0,"gold_gain":0,"player_choice":"Box","damage_taken":0,"relics_obtained":["Shuriken"],"max_hp_gain":0,"max_hp_loss":0,"event_name":"Big Fish","floor":14,"gold_loss":0,"cards_obtained":["Regret"]}],"is_beta":false,"boss_relics":[],"items_purged_floors":[2],"is_endless":false,"potions_floor_spawned":[4,5],"killed_by":"The Guardian","ascension_level":10}