{"gold_per_floor":[114,131,148,3,17,17,44,54,80,105,105,123,142,170,170,274,274,288,308,319,67,67,94,94,126,149,176,191,223,168,187,187,284,284,294,294,309,111,111,143,143,171,171,171,206,206,217,236,236,236],"floor_reached":50,"playtime":6161,"items_purged":["Strike_B","Strike_B"],"score":946,"play_id":"b1956965-afeb-42f5-a181-3802f84c4685","local_time":"20190204113857","is_ascension_mode":true,"campfire_choices":[{"data":"Zap","floor":6.0,"key":"SMITH"},{"data":"Dualcast","floor":11.0,"key":"SMITH"},{"floor":15.0,"key":"REST"},{"floor":24.0,"key":"REST"},{"data":"Fission","floor":32.0,"key":"SMITH"},{"floor":41,"key":"DIG"},{"floor":44,"key":"REST"},{"floor":46,"key":"RECALL"},{"floor":49,"key":"DIG"}],"neow_cost":"NONE","seed_source_timestamp":0,"circlet_count":0,"master_deck":["Strike_B","Defend_B","Defend_B","Defend_B","Defend_B","Zap+1","Dualcast+1","Ball Lightning","White Noise","Ball Lightning","Leap","Ball Lightning","Doom and Gloom","Steam","Cold Snap","Genetic Algorithm","Defragment","Fission+1","White Noise","Tempest+1","Chill","Double Energy+1","Conserve Battery+1","Loop+1","Coolheaded+1","Multi-Cast+1","Darkness+1","Hologram+1","Echo Form","Darkness+1","Coolheaded+1","Blizzard"],"special_seed":0,"relics":["FrozenCore","Unceasing Top","Lantern","DataDisk","Regal Pillow","Mummified Hand","Toxic Egg 2","Shovel","Anchor","Gremlin Horn","Bronze Scales","Tiny Chest","Philosopher\u0027s Stone","Pen Nib","Darkstone Periapt","Smiling Mask","Blood Vial","Dodecahedron","PreservedInsect"],"potions_floor_usage":[45,45,50],"damage_taken":[{"damage":1.0,"enemies":"Cultist","floor":1.0,"turns":3.0},{"damage":7.0,"enemies":"Jaw Worm","floor":2.0,"turns":3.0},{"damage":0.0,"enemies":"2 Louse","floor":3.0,"turns":1.0},{"damage":9.0,"enemies":"Large Slime","floor":5.0,"turns":3.0},{"damage":3.0,"enemies":"Gremlin Nob","floor":7.0,"turns":3.0},{"damage":15.0,"enemies":"Lots of Slimes","floor":8.0,"turns":3.0},{"damage":13.0,"enemies":"3 Sentries","floor":10.0,"turns":6.0},{"damage":0.0,"enemies":"Exordium Wildlife","floor":12.0,"turns":3.0},{"damage":0.0,"enemies":"Gremlin Gang","floor":13.0,"turns":3.0},{"damage":18.0,"enemies":"Lagavulin","floor":14.0,"turns":5.0},{"damage":0.0,"enemies":"Slime Boss","floor":16.0,"turns":4.0},{"damage":7.0,"enemies":"2 Thieves","floor":18.0,"turns":3.0},{"damage":0.0,"enemies":"Shell Parasite","floor":19.0,"turns":5.0},{"damage":9.0,"enemies":"Snecko","floor":20.0,"turns":3.0},{"damage":48.0,"enemies":"Slavers","floor":23.0,"turns":6.0},{"damage":10.0,"enemies":"Gremlin Leader","floor":25.0,"turns":6.0},{"damage":8.0,"enemies":"Book of Stabbing","floor":27.0,"turns":3.0},{"damage":0.0,"enemies":"Shelled Parasite and Fungi","floor":28.0,"turns":3.0},{"damage":0.0,"enemies":"Gremlin Leader","floor":29.0,"turns":5.0},{"damage":0.0,"enemies":"Snake Plant","floor":31.0,"turns":3.0},{"damage":40.0,"enemies":"Automaton","floor":33.0,"turns":7.0},{"damage":0,"enemies":"3 Shapes","floor":35,"turns":2},{"damage":5,"enemies":"3 Darklings","floor":37,"turns":4},{"damage":15,"enemies":"Reptomancer","floor":40,"turns":4},{"damage":24,"enemies":"Giant Head","floor":42,"turns":7},{"damage":0,"enemies":"Nemesis","floor":45,"turns":5},{"damage":0,"enemies":"4 Shapes","floor":47,"turns":2},{"damage":0,"enemies":"Maw","floor":48,"turns":5},{"damage":77,"enemies":"Awakened One","floor":50,"turns":13}],"seed_played":"-6447149729697507341","potions_obtained":[{"floor":2.0,"key":"AttackPotion"},{"floor":8.0,"key":"FairyPotion"},{"floor":14.0,"key":"Energy Potion"},{"floor":23.0,"key":"SpeedPotion"},{"floor":25.0,"key":"AttackPotion"},{"floor":27.0,"key":"SkillPotion"},{"floor":28.0,"key":"GamblersBrew"},{"floor":31.0,"key":"Fire Potion"},{"floor":33.0,"key":"Block Potion"},{"floor":40,"key":"PowerPotion"},{"floor":42,"key":"PowerPotion"},{"floor":45,"key":"SteroidPotion"},{"floor":47,"key":"SmokeBomb"}],"is_trial":false,"path_per_floor":["M","M","M","$","M","R","E","M","T","E","R","M","M","E","R","B",null,"M","M","M","$","?","E","R","E","T","E","M","E","?","M","R","B",null,"M","?","M","$","?","E","R","E","T","R","E","R","M","M","R","B"],"character_chosen":"DEFECT","items_purchased":["Leap","Ball Lightning","Mummified Hand","FairyPotion"],"campfire_rested":3,"item_purchase_floors":[4,4,21,38],"current_hp_per_floor":[74,67,67,67,58,58,55,40,40,27,27,27,27,9,46,46,68,61,61,52,52,52,4,41,31,31,23,23,23,23,23,23,7,58,58,58,53,53,53,38,38,14,14,51,53,53,55,57,57,0],"gold":236,"neow_bonus":"REMOVE_CARD","is_prod":false,"is_daily":false,"chose_seed":false,"campfire_upgraded":3,"win_rate":0,"timestamp":1549301937,"path_taken":["M","M","M","$","M","R","E","M","T","E","R","?","M","E","R","BOSS","M","M","M","$","?","E","R","E","T","E","M","E","?","M","R","BOSS","M","?","M","$","?","E","R","E","T","R","E","R","?","M","R","BOSS"],"build_version":"2019-01-23","purchased_purges":2,"victory":false,"max_hp_per_floor":[75,75,75,75,75,75,75,75,75,75,75,75,75,75,75,75,75,75,75,75,75,75,75,75,75,75,75,75,75,75,75,75,75,75,75,75,75,75,75,75,75,75,75,75,75,75,75,75,75,75],"card_choices":[{"not_picked":["Go for the Eyes","Turbo"],"picked":"Ball Lightning","floor":1.0},{"not_picked":["Rebound","Go for the Eyes"],"picked":"White Noise","floor":2.0},{"not_picked":["Cold Snap","Heatsinks"],"picked":"Ball Lightning","floor":3.0},{"not_picked":["Steam","Redo"],"picked":"Cold Snap","floor":5.0},{"not_picked":["Gash","Seek"],"picked":"Doom and Gloom","floor":7.0},{"not_picked":["Barrage","Chaos","Compile Driver"],"picked":"SKIP","floor":8.0},{"not_picked":["Rebound","Streamline"],"picked":"Steam","floor":10.0},{"not_picked":["Ball Lightning","Compile Driver"],"picked":"Cold Snap","floor":12.0},{"not_picked":["Lockon","Turbo"],"picked":"Genetic Algorithm","floor":13.0},{"not_picked":["Loop","Glacier"],"picked":"Defragment","floor":14.0},{"not_picked":["Hyperbeam","Seek"],"picked":"Fission","floor":16.0},{"not_picked":["Beam Cell","Recycle"],"picked":"White Noise","floor":18.0},{"not_picked":["Steam+1","Beam Cell"],"picked":"Tempest+1","floor":19.0},{"not_picked":["Blizzard","Force Field"],"picked":"Chill","floor":20.0},{"not_picked":["Redo+1","Conserve Battery"],"picked":"Double Energy","floor":23.0},{"not_picked":["Beam Cell+1","Aggregate+1","Streamline"],"picked":"SKIP","floor":25.0},{"not_picked":["Lockon","Ball Lightning"],"picked":"Conserve Battery+1","floor":27.0},{"not_picked":["Steam Power+1","Turbo+1","Sweeping Beam"],"picked":"SKIP","floor":28.0},{"not_picked":["Beam Cell","Gash"],"picked":"Loop+1","floor":29.0},{"not_picked":["Leap+1","Hello World"],"picked":"Coolheaded+1","floor":31.0},{"not_picked":["Fission+1","Reboot+1"],"picked":"Multi-Cast+1","floor":33.0},{"not_picked":["Sunder+1","Turbo+1"],"picked":"Darkness+1","floor":35},{"not_picked":["Genetic Algorithm+1","Stack+1"],"picked":"Hologram+1","floor":37},{"not_picked":["Auto Shields+1","Barrage"],"picked":"Echo Form","floor":40},{"not_picked":["Sweeping Beam","Static Discharge"],"picked":"Darkness+1","floor":42},{"not_picked":["Auto Shields+1","Doom and Gloom+1"],"picked":"Coolheaded+1","floor":45},{"not_picked":["Leap+1","Go for the Eyes"],"picked":"Blizzard","floor":47},{"not_picked":["Genetic Algorithm+1","Barrage","Cold Snap+1"],"picked":"SKIP","floor":48}],"player_experience":598014,"relics_obtained":[{"floor":7.0,"key":"Unceasing Top"},{"floor":9.0,"key":"Lantern"},{"floor":10.0,"key":"DataDisk"},{"floor":14.0,"key":"Regal Pillow"},{"floor":23.0,"key":"Toxic Egg 2"},{"floor":25.0,"key":"Shovel"},{"floor":26.0,"key":"Anchor"},{"floor":27.0,"key":"Gremlin Horn"},{"floor":29.0,"key":"Bronze Scales"},{"floor":40,"key":"Darkstone Periapt"},{"floor":41,"key":"Smiling Mask"},{"floor":42,"key":"Blood Vial"},{"floor":45,"key":"Dodecahedron"},{"floor":49,"key":"PreservedInsect"}],"event_choices":[{"damage_healed":0.0,"max_hp_gain":0.0,"max_hp_loss":0.0,"gold_gain":0.0,"event_name":"Vampires","player_choice":"Ignored","floor":22.0,"gold_loss":0.0,"damage_taken":0.0},{"damage_healed":0.0,"max_hp_gain":0.0,"max_hp_loss":0.0,"gold_gain":0.0,"event_name":"Addict","player_choice":"Obtained Relic","floor":30.0,"gold_loss":85.0,"damage_taken":0.0,"relics_obtained":["Tiny Chest"]},{"cards_removed":["Cold Snap"],"damage_healed":0,"gold_gain":0,"player_choice":"Removed Attack","damage_taken":0,"max_hp_gain":0,"max_hp_loss":0,"event_name":"Falling","floor":36,"gold_loss":0},{"damage_healed":0,"gold_gain":0,"player_choice":"Gave Potion","damage_taken":0,"relics_obtained":["Pen Nib"],"max_hp_gain":0,"max_hp_loss":0,"event_name":"WeMeetAgain","floor":39,"gold_loss":0}],"is_beta":false,"boss_relics":[{"not_picked":["Velvet Choker","White Beast Statue"],"picked":"FrozenCore"},{"not_picked":["Empty Cage","Nuclear Battery"],"picked":"Philosopher\u0027s Stone"}],"items_purged_floors":[4,38],"is_endless":false,"potions_floor_spawned":[2,8,14,23,25,27,28,31,33,40,42,45,47],"killed_by":"Awakened One","ascension_level":5}