{"gold_per_floor":[114,289,304,131,146,146,146,76,126,126,141,141,141,141,141,266,266,285,200,200,76,76,76,76,76,151,151,101,101,26,41,41,141,141,156,25,54,54,0,0,0,0,0,0,0,15,30,30,30,30],"floor_reached":51,"playtime":2829,"items_purged":["Strike_B","Pain","Pain","Defend_B"],"score":773,"play_id":"d8f74406-149f-4556-ad4b-3688029b7573","local_time":"20181231142437","daily_mods":["Cursed Run","Flight","Binary"],"is_ascension_mode":false,"campfire_choices":[{"data":"Zap","floor":6.0,"key":"SMITH"},{"data":"Hologram","floor":10.0,"key":"SMITH"},{"data":"Go for the Eyes","floor":12.0,"key":"SMITH"},{"data":"Dualcast","floor":13.0,"key":"SMITH"},{"data":"Loop","floor":15.0,"key":"SMITH"},{"data":"Creative AI","floor":23,"key":"SMITH"},{"data":"Chaos","floor":24,"key":"SMITH"},{"data":"Lockon","floor":25,"key":"SMITH"},{"data":"Static Discharge","floor":27,"key":"SMITH"},{"data":"Self Repair","floor":29,"key":"SMITH"},{"data":"Doom and Gloom","floor":32,"key":"SMITH"},{"data":"Buffer","floor":40,"key":"SMITH"},{"data":"Coolheaded","floor":41,"key":"SMITH"},{"data":"Force Field","floor":42,"key":"SMITH"},{"floor":45,"key":"DIG"},{"floor":49,"key":"DIG"}],"neow_cost":"","seed_source_timestamp":0,"circlet_count":0,"master_deck":["Strike_B","Strike_B","Defend_B","Defend_B","Zap+1","Dualcast+1","Go for the Eyes+1","Doubt","Hologram+1","Cold Snap","Doom and Gloom+1","Coolheaded+1","Loop+1","Decay","Creative AI+1","Chaos+1","Rebound","Force Field+1","Static Discharge+1","Lockon+1","Self Repair+1","Writhe","Doubt","Buffer+1","Self Repair","Redo+1","Pain","Dramatic Entrance+1","HandOfGreed+1","Flash of Steel+1","Self Repair","Sweeping Beam+1","Decay","Writhe"],"special_seed":17896,"relics":["Cursed Key","Darkstone Periapt","Du-Vu Doll","Smiling Mask","Bloody Idol","Orrery","Ornamental Fan","Symbiotic Virus","Cables","Inserter","Shovel","Red Mask","Molten Egg 2","Meat on the Bone","Kunai","Dead Branch"],"potions_floor_usage":[31,31,33,50],"damage_taken":[{"damage":0.0,"enemies":"Small Slimes","floor":1.0,"turns":3.0},{"damage":6.0,"enemies":"Jaw Worm","floor":3.0,"turns":3.0},{"damage":0.0,"enemies":"2 Louse","floor":5.0,"turns":1.0},{"damage":3.0,"enemies":"Looter","floor":11.0,"turns":2.0},{"damage":6.0,"enemies":"The Guardian","floor":16.0,"turns":7.0},{"damage":11,"enemies":"3 Byrds","floor":18,"turns":2},{"damage":24,"enemies":"2 Thieves","floor":31,"turns":3},{"damage":7,"enemies":"Automaton","floor":33,"turns":9},{"damage":30,"enemies":"3 Darklings","floor":35,"turns":4},{"damage":63,"enemies":"2 Orb Walkers","floor":37,"turns":6},{"damage":8,"enemies":"Orb Walker","floor":46,"turns":3},{"damage":41,"enemies":"Writhing Mass","floor":47,"turns":3},{"damage":55,"enemies":"Time Eater","floor":50,"turns":7}],"seed_played":"-1256899049179470920","potions_obtained":[{"floor":3.0,"key":"FocusPotion"},{"floor":5.0,"key":"GamblersBrew"},{"floor":18,"key":"Block Potion"},{"floor":37,"key":"LiquidBronze"}],"is_trial":false,"path_per_floor":["M","?","M","$","M","R","?","$","T","R","M","R","R","?","R","B",null,"M","?","?","$","?","R","R","R","T","R","$","R","?","M","R","B",null,"M","$","?","?","?","R","R","R","T","?","R","M","M","T","R","B",null],"character_chosen":"DEFECT","items_purchased":["Cold Snap","Doom and Gloom","Loop","Self Repair","Self Repair"],"campfire_rested":0,"item_purchase_floors":[4,4,8,21,36],"current_hp_per_floor":[75,81,75,75,75,75,68,68,74,74,71,71,71,71,71,71,87,76,76,76,76,82,82,82,82,93,93,93,93,93,89,89,103,105,90,90,49,92,92,92,92,92,98,88,88,95,76,82,82,62],"gold":30,"neow_bonus":"","is_prod":false,"is_daily":true,"chose_seed":false,"campfire_upgraded":14,"win_rate":0,"timestamp":1546284277,"path_taken":["M","?","M","$","M","R","?","?","T","R","M","R","R","?","R","BOSS","M","?","?","?","?","R","R","R","T","R","$","R","?","M","R","BOSS","M","$","?","?","?","R","R","R","T","?","R","?","M","?","R","BOSS"],"build_version":"2018-12-20","purchased_purges":4,"victory":true,"max_hp_per_floor":[75,81,81,81,81,81,81,81,87,87,87,87,87,81,81,87,87,87,87,87,87,93,93,93,93,99,99,99,99,99,99,99,105,105,105,105,105,92,92,92,92,92,98,98,98,98,98,104,104,110],"card_choices":[{"not_picked":["Compile Driver"],"picked":"Go for the Eyes","floor":1.0},{"not_picked":["Sweeping Beam"],"picked":"Hologram","floor":3.0},{"not_picked":["Cold Snap"],"picked":"Coolheaded","floor":5.0},{"not_picked":["Stack","Lockon"],"picked":"SKIP","floor":11.0},{"not_picked":["Machine Learning"],"picked":"Creative AI","floor":16.0},{"not_picked":["Hologram"],"picked":"Chaos","floor":17},{"not_picked":["Gash"],"picked":"Rebound","floor":17},{"not_picked":["Ball Lightning"],"picked":"Force Field","floor":17},{"not_picked":["Auto Shields"],"picked":"Static Discharge","floor":17},{"not_picked":["Consume"],"picked":"Lockon","floor":18},{"not_picked":["Steam","Hello World"],"picked":"SKIP","floor":31},{"not_picked":["Hyperbeam"],"picked":"Buffer","floor":33},{"not_picked":["Sunder","Force Field"],"picked":"SKIP","floor":35},{"not_picked":["Steam"],"picked":"Redo+1","floor":37},{"not_picked":["Good Instincts"],"picked":"Dramatic Entrance+1","floor":44},{"not_picked":["The Bomb"],"picked":"HandOfGreed+1","floor":44},{"not_picked":["Secret Weapon"],"picked":"Flash of Steel+1","floor":44},{"not_picked":["Rebound+1"],"picked":"Self Repair","floor":46},{"not_picked":["Beam Cell+1"],"picked":"Sweeping Beam+1","floor":47}],"player_experience":192435,"relics_obtained":[{"floor":9.0,"key":"Smiling Mask"},{"floor":26,"key":"Cables"},{"floor":37,"key":"Shovel"},{"floor":43,"key":"Molten Egg 2"},{"floor":45,"key":"Meat on the Bone"},{"floor":48,"key":"Kunai"},{"floor":49,"key":"Dead Branch"}],"event_choices":[{"damage_healed":0.0,"max_hp_gain":0.0,"max_hp_loss":0.0,"gold_gain":175.0,"event_name":"Liars Game","player_choice":"AGREE","floor":2.0,"gold_loss":0.0,"damage_taken":0.0,"cards_obtained":["Doubt"]},{"cards_removed":["Defend_B"],"damage_healed":0.0,"max_hp_gain":0.0,"max_hp_loss":0.0,"gold_gain":0.0,"event_name":"Golden Wing","player_choice":"Card Removal","floor":7.0,"gold_loss":0.0,"damage_taken":7.0},{"damage_healed":0.0,"max_hp_gain":0.0,"max_hp_loss":6.0,"gold_gain":0.0,"event_name":"Golden Idol","player_choice":"Lose Max HP","floor":14.0,"gold_loss":0.0,"damage_taken":0.0,"relics_obtained":["Golden Idol"]},{"damage_healed":0,"gold_gain":0,"player_choice":"Obtained Relic","damage_taken":0,"relics_obtained":["Ornamental Fan"],"max_hp_gain":0,"max_hp_loss":0,"event_name":"Addict","floor":19,"gold_loss":85},{"damage_healed":0,"gold_gain":0,"player_choice":"Gave Idol","damage_taken":0,"relics_obtained":["Bloody Idol"],"max_hp_gain":0,"max_hp_loss":0,"event_name":"Forgotten Altar","floor":20,"relics_lost":["Golden Idol"],"gold_loss":0},{"damage_healed":0,"gold_gain":0,"player_choice":"Opened","damage_taken":0,"relics_obtained":["Symbiotic Virus"],"max_hp_gain":0,"max_hp_loss":0,"event_name":"The Mausoleum","floor":22,"gold_loss":0,"cards_obtained":["Writhe"]},{"cards_removed":["Strike_B"],"damage_healed":0,"gold_gain":0,"player_choice":"Gave Gold","damage_taken":0,"max_hp_gain":0,"max_hp_loss":0,"event_name":"Beggar","floor":30,"gold_loss":75},{"damage_healed":0,"gold_gain":0,"player_choice":"Fight","damage_taken":0,"max_hp_gain":0,"max_hp_loss":0,"event_name":"Mysterious Sphere","floor":37,"gold_loss":0},{"damage_healed":92,"gold_gain":0,"player_choice":"Heal","damage_taken":0,"max_hp_gain":0,"max_hp_loss":13,"event_name":"The Moai Head","floor":38,"gold_loss":0},{"damage_healed":0,"gold_gain":0,"player_choice":"Paid","damage_taken":0,"relics_obtained":["Red Mask"],"max_hp_gain":0,"max_hp_loss":0,"event_name":"Tomb of Lord Red Mask","floor":39,"gold_loss":54},{"damage_healed":0,"gold_gain":0,"player_choice":"Memory 3","damage_taken":10,"max_hp_gain":0,"max_hp_loss":0,"event_name":"SensoryStone","floor":44,"gold_loss":0}],"is_beta":false,"boss_relics":[{"not_picked":["Velvet Choker","Coffee Dripper"],"picked":"Orrery"},{"not_picked":["Tiny House","Lizard Tail"],"picked":"Inserter"}],"items_purged_floors":[4,21,28,36],"is_endless":false,"potions_floor_spawned":[3,5,18,37,47],"ascension_level":0}