{"gold_per_floor":[115,40,40,40,40,40,50,70,95,95,109,9,9,25,25,128,128,140,150,161,36,36,36,36],"floor_reached":24,"playtime":692,"items_purged":["Defend_R","Strike_R","Defend_R"],"score":279,"play_id":"2aaa7b6c-aee3-4a7e-860c-df5672dd916e","local_time":"20180727012648","is_ascension_mode":true,"campfire_choices":[{"data":"Cleave","floor":6,"key":"SMITH"},{"data":"Rage","floor":15,"key":"SMITH"},{"floor":23,"key":"REST"}],"neow_cost":"NONE","seed_source_timestamp":3470227387170524,"circlet_count":0,"master_deck":["Strike_R","Strike_R","Defend_R","Defend_R","Bash","AscendersBane","Cleave+1","Rampage","Rage+1","Juggernaut","Clash","Ghostly Armor+1"],"relics":["Burning Blood","Pantograph","Orichalcum","Black Star"],"potions_floor_usage":[16,18,20,24],"damage_taken":[{"damage":13,"enemies":"Jaw Worm","floor":1,"turns":4},{"damage":8,"enemies":"2 Louse","floor":7,"turns":2},{"damage":0,"enemies":"Small Slimes","floor":8,"turns":3},{"damage":11,"enemies":"Looter","floor":11,"turns":3},{"damage":0,"enemies":"Large Slime","floor":14,"turns":4},{"damage":33,"enemies":"Slime Boss","floor":16,"turns":7},{"damage":36,"enemies":"2 Thieves","floor":18,"turns":4},{"damage":19,"enemies":"Chosen","floor":19,"turns":7},{"damage":29,"enemies":"Centurion and Healer","floor":20,"turns":4},{"damage":35,"enemies":"Book of Stabbing","floor":24,"turns":5}],"seed_played":"7287220315229673574","potions_obtained":[{"floor":1,"key":"Fire Potion"},{"floor":7,"key":"FearPotion"},{"floor":18,"key":"Fire Potion"},{"floor":20,"key":"Weak Potion"}],"is_trial":false,"path_per_floor":["M","$","?","?","?","R","M","M","T","$","M","$","?","M","R","B",null,"M","M","M","$","?","R"],"character_chosen":"IRONCLAD","items_purchased":[],"campfire_rested":1,"item_purchase_floors":[],"current_hp_per_floor":[65,65,58,63,45,45,43,49,49,49,44,44,44,50,50,48,76,46,33,10,10,10,35,0],"gold":36,"neow_bonus":"TRANSFORM_CARD","is_prod":false,"is_daily":false,"chose_seed":false,"campfire_upgraded":2,"win_rate":0,"timestamp":1532647608,"path_taken":["M","$","?","?","?","R","M","M","T","$","?","$","?","M","R","BOSS","M","M","?","$","?","R","E"],"build_version":"2018-07-19v2","purchased_purges":3,"victory":false,"max_hp_per_floor":[80,80,80,85,85,85,85,85,85,85,85,85,85,85,85,85,85,85,85,85,85,85,85,85],"card_choices":[{"not_picked":["Dropkick","Twin Strike","Burning Pact"],"picked":"SKIP","floor":1},{"not_picked":["Burning Pact","Intimidate"],"picked":"Rampage","floor":7},{"not_picked":["Ghostly Armor","Sentinel","Flex"],"picked":"SKIP","floor":8},{"not_picked":["Sentinel","Evolve","Cleave"],"picked":"SKIP","floor":11},{"not_picked":["Perfected Strike","Armaments"],"picked":"Rage","floor":14},{"not_picked":["Fiend Fire","Bludgeon"],"picked":"Juggernaut","floor":16},{"not_picked":["Pommel Strike","Twin Strike"],"picked":"Clash","floor":18},{"not_picked":["Carnage","Flame Barrier","Searing Blow"],"picked":"SKIP","floor":19},{"not_picked":["Sever Soul+1","Warcry"],"picked":"Ghostly Armor+1","floor":20}],"player_experience":387579,"relics_obtained":[{"floor":9,"key":"Orichalcum"}],"event_choices":[{"event_name":"Golden Wing","player_choice":"Card Removal","floor":3,"damage_taken":0},{"event_name":"Big Fish","player_choice":"Donut","floor":4,"damage_taken":0},{"event_name":"Scrap Ooze","player_choice":"success","floor":5,"damage_taken":18},{"event_name":"The Cleric","player_choice":"Leave","floor":13,"damage_taken":0},{"event_name":"Cursed Tome","player_choice":"Ignored","floor":22,"damage_taken":0}],"is_beta":false,"boss_relics":[{"not_picked":["Lizard Tail","White Beast Statue"],"picked":"Black Star"}],"items_purged_floors":[2,12,21],"is_endless":false,"potions_floor_spawned":[1,7,18,20],"killed_by":"Book of Stabbing","ascension_level":10}