{"gold_per_floor":[119,138,63,83,83,111,122,122,149,176,187,187,222,172,172,267,267,284,296,6,6,18,18,18,18,70,95,45,45,64,19,19,118,118,131,145,20,74,74],"floor_reached":39,"playtime":3646,"items_purged":["Strike_G","Strike_G","Strike_G","Defend_G"],"score":563,"play_id":"283fd116-bba5-41e3-be6e-658cd132636f","local_time":"20190101152350","is_ascension_mode":true,"campfire_choices":[{"data":"Footwork","floor":8,"key":"SMITH"},{"floor":12,"key":"REST"},{"data":"Malaise","floor":15,"key":"SMITH"},{"floor":23,"key":"REST"},{"floor":29,"key":"REST"},{"floor":32,"key":"REST"}],"neow_cost":"NONE","seed_source_timestamp":351718388017729,"circlet_count":0,"master_deck":["Defend_G+1","Defend_G+1","Defend_G","Defend_G","Survivor","Neutralize+1","Poisoned Stab","Quick Slash","Footwork+1","Quick Slash","Malaise+1","Predator","Envenom","Poisoned Stab","Infinite Blades","Flash of Steel","Dagger Spray","Riddle With Holes+1","Backflip","Cloak And Dagger","Deflect+1","Infinite Blades"],"relics":["Ring of the Snake","Potion Belt","Bronze Scales","Smiling Mask","Shuriken","Vajra","Black Star","Snake Skull","War Paint","Letter Opener","Regal Pillow","Busted Crown","Incense Burner"],"potions_floor_usage":[16,33,33,38,38,38,39],"damage_taken":[{"damage":0,"enemies":"Jaw Worm","floor":1,"turns":5},{"damage":0,"enemies":"Cultist","floor":2,"turns":3},{"damage":0,"enemies":"2 Louse","floor":4,"turns":3},{"damage":14,"enemies":"Gremlin Nob","floor":6,"turns":5},{"damage":4,"enemies":"Looter","floor":7,"turns":3},{"damage":12,"enemies":"3 Sentries","floor":10,"turns":8},{"damage":7,"enemies":"Exordium Wildlife","floor":11,"turns":5},{"damage":9,"enemies":"Gremlin Nob","floor":13,"turns":4},{"damage":12,"enemies":"The Guardian","floor":16,"turns":11},{"damage":6,"enemies":"3 Byrds","floor":18,"turns":4},{"damage":16,"enemies":"Spheric Guardian","floor":19,"turns":7},{"damage":24,"enemies":"Shelled Parasite and Fungi","floor":22,"turns":8},{"damage":27,"enemies":"Book of Stabbing","floor":27,"turns":6},{"damage":18,"enemies":"Snake Plant","floor":30,"turns":6},{"damage":5,"enemies":"Champ","floor":33,"turns":9},{"damage":4,"enemies":"Orb Walker","floor":35,"turns":4},{"damage":11,"enemies":"3 Shapes","floor":36,"turns":5},{"damage":12,"enemies":"2 Orb Walkers","floor":38,"turns":5},{"damage":40,"enemies":"Writhing Mass","floor":39,"turns":4}],"seed_played":"-713869153146547544","potions_obtained":[{"floor":4,"key":"Ancient Potion"},{"floor":6,"key":"Dexterity Potion"},{"floor":13,"key":"SpeedPotion"},{"floor":16,"key":"Explosive Potion"},{"floor":18,"key":"Swift Potion"},{"floor":27,"key":"AttackPotion"},{"floor":33,"key":"Weak Potion"},{"floor":36,"key":"Dexterity Potion"}],"is_trial":false,"path_per_floor":["M","M","$","M","?","E","M","R","T","E","M","R","E","?","R","B",null,"M","M","$","?","M","R","?","$","T","E","$","R","M","$","R","B",null,"M","M","$","?","M"],"character_chosen":"THE_SILENT","items_purchased":["Snake Skull","Flash of Steel","Backflip","Infinite Blades"],"campfire_rested":4,"item_purchase_floors":[20,20,31,37],"current_hp_per_floor":[63,63,63,63,63,49,45,45,45,33,26,47,38,38,38,26,59,53,37,37,37,13,34,34,34,34,7,7,43,25,25,61,56,67,63,52,52,40,0],"gold":74,"neow_bonus":"UPGRADE_CARD","is_prod":false,"is_daily":false,"chose_seed":false,"campfire_upgraded":2,"win_rate":0,"timestamp":1546377830,"path_taken":["M","M","$","M","?","E","M","R","T","E","?","R","E","?","R","BOSS","M","M","$","?","M","R","?","$","T","E","?","R","?","$","R","BOSS","M","M","$","?","M"],"build_version":"2018-12-20","purchased_purges":4,"victory":false,"max_hp_per_floor":[70,70,70,70,70,70,70,70,70,70,70,70,70,70,70,70,70,70,70,70,70,70,70,70,70,70,70,70,70,70,70,70,70,70,70,70,70,70,70],"card_choices":[{"not_picked":["Deflect","Backflip"],"picked":"Poisoned Stab","floor":1},{"not_picked":["Underhanded Strike","PiercingWail"],"picked":"Quick Slash","floor":2},{"not_picked":["Backflip","Sucker Punch"],"picked":"Footwork","floor":4},{"not_picked":["Prepared","Flying Knee","Heel Hook"],"picked":"SKIP","floor":6},{"not_picked":["Bane","Outmaneuver"],"picked":"Quick Slash","floor":7},{"not_picked":["Deadly Poison","Flying Knee"],"picked":"Malaise","floor":10},{"not_picked":["Expertise","Tactician","Blur"],"picked":"SKIP","floor":11},{"not_picked":["Outmaneuver","Bouncing Flask"],"picked":"Predator","floor":13},{"not_picked":["Adrenaline","Malaise"],"picked":"Envenom","floor":16},{"not_picked":["Prepared","Underhanded Strike"],"picked":"Poisoned Stab","floor":18},{"not_picked":["Noxious Fumes","Riddle With Holes"],"picked":"Infinite Blades","floor":19},{"not_picked":["Quick Slash","Prepared+1"],"picked":"Dagger Spray","floor":22},{"not_picked":["Outmaneuver","Dagger Spray"],"picked":"Riddle With Holes+1","floor":27},{"not_picked":["Prepared","Dagger Throw","Doppelganger"],"picked":"SKIP","floor":30},{"not_picked":[],"picked":"Cloak And Dagger","floor":35},{"not_picked":[],"picked":"Deflect+1","floor":36}],"player_experience":400252,"relics_obtained":[{"floor":6,"key":"Bronze Scales"},{"floor":9,"key":"Smiling Mask"},{"floor":10,"key":"Shuriken"},{"floor":13,"key":"Vajra"},{"floor":26,"key":"War Paint"},{"floor":27,"key":"Letter Opener"},{"floor":27,"key":"Regal Pillow"},{"floor":38,"key":"Incense Burner"}],"event_choices":[{"damage_healed":0,"gold_gain":0,"player_choice":"Gave Potion","damage_taken":0,"relics_obtained":["Potion Belt"],"max_hp_gain":0,"max_hp_loss":0,"event_name":"WeMeetAgain","floor":5,"gold_loss":0},{"cards_removed":["Strike_G"],"damage_healed":0,"gold_gain":0,"player_choice":"Card Removal","damage_taken":0,"max_hp_gain":0,"max_hp_loss":0,"event_name":"The Cleric","floor":14,"gold_loss":50},{"cards_removed":["Strike_G"],"damage_healed":0,"gold_gain":0,"player_choice":"Elegance","damage_taken":0,"max_hp_gain":0,"max_hp_loss":0,"event_name":"Back to Basics","floor":21,"gold_loss":0},{"damage_healed":0,"gold_gain":0,"player_choice":"Ignored","damage_taken":0,"max_hp_gain":0,"max_hp_loss":0,"event_name":"Beggar","floor":24,"gold_loss":0},{"damage_healed":0,"gold_gain":0,"player_choice":"Fight","damage_taken":0,"max_hp_gain":0,"max_hp_loss":0,"event_name":"Mysterious Sphere","floor":38,"gold_loss":0}],"is_beta":false,"boss_relics":[{"not_picked":["Calling Bell","White Beast Statue"],"picked":"Black Star"},{"not_picked":["Coffee Dripper","Lizard Tail"],"picked":"Busted Crown"}],"items_purged_floors":[3,20,28,37],"is_endless":false,"potions_floor_spawned":[4,6,13,16,18,27,33,36],"killed_by":"Writhing Mass","ascension_level":7}