{"gold_per_floor":[116,44,44,44,44,44,79,79,79,100,100,115,115,131,131,131],"floor_reached":16,"playtime":517,"items_purged":[],"score":167,"play_id":"97cebd5b-763f-4cbe-8d5c-2e2608ef37c5","local_time":"20190409214311","is_ascension_mode":true,"campfire_choices":[{"floor":6,"key":"REST"},{"data":"White Noise","floor":8,"key":"SMITH"},{"floor":13,"key":"REST"},{"data":"Storm","floor":15,"key":"SMITH"}],"neow_cost":"NONE","seed_source_timestamp":596600028450500,"circlet_count":0,"master_deck":["AscendersBane","Strike_B","Strike_B","Strike_B","Strike_B","Defend_B","Defend_B+1","Defend_B","Defend_B","Zap","Dualcast+1","White Noise+1","Storm+1","Regret","Conserve Battery","Coolheaded"],"relics":["Cracked Core","Golden Idol","PreservedInsect","Centennial Puzzle","Matryoshka","Dodecahedron"],"potions_floor_usage":[7,12],"damage_taken":[{"damage":1,"enemies":"Cultist","floor":1,"turns":3},{"damage":16,"enemies":"Lagavulin","floor":7,"turns":5},{"damage":3,"enemies":"Small Slimes","floor":10,"turns":2},{"damage":2,"enemies":"2 Louse","floor":12,"turns":3},{"damage":7,"enemies":"Large Slime","floor":14,"turns":6},{"damage":50,"enemies":"Slime Boss","floor":16,"turns":9}],"seed_played":"4183332163159949353","potions_obtained":[{"floor":1,"key":"Weak Potion"},{"floor":12,"key":"Fruit Juice"},{"floor":14,"key":"SteroidPotion"}],"is_trial":false,"path_per_floor":["M","$","?","?","?","R","E","R","T","M","?","M","R","M","R","B"],"character_chosen":"DEFECT","items_purchased":["Storm"],"campfire_rested":2,"item_purchase_floors":[2],"current_hp_per_floor":[70,70,51,35,35,58,42,42,42,39,27,30,54,47,47,0],"gold":131,"neow_bonus":"TEN_PERCENT_HP_BONUS","is_prod":false,"is_daily":false,"chose_seed":false,"campfire_upgraded":2,"win_rate":0,"timestamp":1554860591,"path_taken":["M","$","?","?","?","R","E","R","T","M","?","M","R","?","R","BOSS"],"build_version":"2019-01-23","purchased_purges":0,"victory":false,"max_hp_per_floor":[78,78,78,78,78,78,78,78,78,78,78,83,83,83,83,83],"card_choices":[{"not_picked":["Coolheaded","Rebound"],"picked":"White Noise","floor":1},{"not_picked":["Double Energy","Recycle"],"picked":"Conserve Battery","floor":7},{"not_picked":["Stack","Streamline","Beam Cell"],"picked":"SKIP","floor":10},{"not_picked":["Recycle","Rebound","Streamline"],"picked":"SKIP","floor":12},{"not_picked":["Stack","Steam"],"picked":"Coolheaded","floor":14}],"player_experience":2630281,"relics_obtained":[{"floor":7,"key":"Centennial Puzzle"},{"floor":9,"key":"Matryoshka"}],"event_choices":[{"damage_healed":0,"gold_gain":0,"player_choice":"Take Damage","damage_taken":19,"relics_obtained":["Golden Idol"],"max_hp_gain":0,"max_hp_loss":0,"event_name":"Golden Idol","floor":3,"gold_loss":0},{"damage_healed":0,"gold_gain":0,"player_choice":"Entered Light","damage_taken":16,"max_hp_gain":0,"max_hp_loss":0,"event_name":"Shining Light","floor":4,"gold_loss":0,"cards_upgraded":["Defend_B","Dualcast"]},{"damage_healed":0,"gold_gain":0,"player_choice":"Box","damage_taken":0,"relics_obtained":["PreservedInsect"],"max_hp_gain":0,"max_hp_loss":0,"event_name":"Big Fish","floor":5,"gold_loss":0,"cards_obtained":["Regret"]},{"damage_healed":0,"gold_gain":0,"player_choice":"Success","damage_taken":12,"relics_obtained":["Dodecahedron"],"max_hp_gain":0,"max_hp_loss":0,"event_name":"Scrap Ooze","floor":11,"gold_loss":0}],"is_beta":false,"boss_relics":[],"items_purged_floors":[],"is_endless":false,"potions_floor_spawned":[1,12,14],"killed_by":"Slime Boss","ascension_level":14}