{"gold_per_floor":[109,34,46,63,63,80,98,98,98,127,143,143,153,153,153,255,255,266,279,279,298,298],"floor_reached":22,"playtime":25149,"items_purged":["Strike_R"],"score":190,"play_id":"806bce4c-e277-4fb8-83b1-ac8b13036a3d","local_time":"20180712224049","is_ascension_mode":false,"campfire_choices":[{"data":"Flex","floor":8,"key":"SMITH"},{"floor":15,"key":"REST"}],"neow_cost":"NONE","seed_source_timestamp":49009098778296,"circlet_count":0,"master_deck":["Strike_R","Strike_R","Strike_R","Strike_R","Defend_R","Defend_R","Defend_R","Bash","Reaper","Shrug It Off","Fire Breathing","Flex+1","Demon Form+1","Heavy Blade","Metallicize+1","Limit Break","Infernal Blade","Perfected Strike"],"relics":["Burning Blood","Smiling Mask","Omamori","Nloth\u0027s Gift"],"potions_floor_usage":[13,16,16],"damage_taken":[{"damage":13,"enemies":"2 Louse","floor":1,"turns":3},{"damage":5,"enemies":"Jaw Worm","floor":3,"turns":5},{"damage":6,"enemies":"Small Slimes","floor":4,"turns":3},{"damage":5,"enemies":"2 Fungi Beasts","floor":6,"turns":4},{"damage":11,"enemies":"3 Louse","floor":7,"turns":5},{"damage":36,"enemies":"3 Sentries","floor":10,"turns":11},{"damage":0,"enemies":"Large Slime","floor":11,"turns":5},{"damage":2,"enemies":"Looter","floor":13,"turns":5},{"damage":44,"enemies":"Hexaghost","floor":16,"turns":9},{"damage":14,"enemies":"Chosen","floor":18,"turns":5},{"damage":29,"enemies":"3 Byrds","floor":19,"turns":5},{"damage":56,"enemies":"Snake Plant","floor":21,"turns":7},{"damage":12,"enemies":"3 Cultists","floor":22,"turns":2}],"seed_played":"-7975784547710748671","potions_obtained":[{"floor":4,"key":"Dexterity Potion"},{"floor":7,"key":"Weak Potion"},{"floor":10,"key":"LiquidBronze"},{"floor":13,"key":"FearPotion"},{"floor":16,"key":"Strength Potion"},{"floor":21,"key":"Weak Potion"}],"is_trial":false,"path_per_floor":["M","$","M","M","$","M","M","R","T","E","M","?","M","?","R","B",null,"M","M","?","M"],"character_chosen":"IRONCLAD","items_purchased":[],"campfire_rested":1,"item_purchase_floors":[],"current_hp_per_floor":[73,73,74,80,80,80,76,76,76,46,52,52,56,40,64,30,80,72,55,55,9,0],"gold":298,"neow_bonus":"ONE_RANDOM_RARE_CARD","is_prod":false,"is_daily":false,"chose_seed":false,"campfire_upgraded":1,"win_rate":0,"timestamp":1531449649,"path_taken":["M","$","M","M","$","M","M","R","T","E","M","?","M","?","R","BOSS","M","M","?","M","M"],"build_version":"2018-07-05","purchased_purges":1,"victory":false,"max_hp_per_floor":[80,80,80,80,80,80,80,80,80,80,80,80,80,80,80,80,80,80,80,80,80,80],"card_choices":[{"not_picked":["Clash","Sword Boomerang"],"picked":"Shrug It Off","floor":1},{"not_picked":["Perfected Strike","Havoc"],"picked":"Fire Breathing","floor":3},{"not_picked":["Sentinel","Whirlwind","Warcry"],"picked":"SKIP","floor":4},{"not_picked":["Sentinel","Havoc"],"picked":"Flex","floor":6},{"not_picked":["Evolve","Havoc"],"picked":"Demon Form","floor":7},{"not_picked":["True Grit","Iron Wave"],"picked":"Heavy Blade","floor":10},{"not_picked":["Armaments","Wild Strike"],"picked":"Metallicize","floor":11},{"not_picked":["Uppercut","Clash","Combust"],"picked":"SKIP","floor":13},{"not_picked":["Demon Form","Brutality"],"picked":"Limit Break","floor":16},{"not_picked":["Disarm","Body Slam"],"picked":"Infernal Blade","floor":18},{"not_picked":["Shrug It Off","Fire Breathing"],"picked":"Perfected Strike","floor":19},{"not_picked":["Clothesline","Twin Strike","Heavy Blade"],"picked":"SKIP","floor":21}],"player_experience":229003,"relics_obtained":[{"floor":9,"key":"Smiling Mask"},{"floor":10,"key":"Omamori"}],"event_choices":[{"event_name":"Living Wall","player_choice":"Forget","floor":12,"damage_taken":0},{"event_name":"Shining Light","player_choice":"Entered Light","floor":14,"damage_taken":0},{"event_name":"N\u0027loth","player_choice":"Traded a Sozu","floor":20,"damage_taken":0}],"boss_relics":[{"not_picked":["Ectoplasm","Snecko Eye"],"picked":"Sozu"}],"items_purged_floors":[2],"is_endless":false,"potions_floor_spawned":[4,7,10,11,13,16,21],"killed_by":"3 Cultists","ascension_level":0}