{"gold_per_floor":[116,116,135,135,160,200,200,240,266,266,334,284,284,299,299,428,428,442,458,458,470,395,234,234,268,268,268,288,288,45,78,78,78],"floor_reached":33,"playtime":3472,"items_purged":["Strike_G","Strike_G"],"score":375,"play_id":"718d4ac9-67dc-4f28-9e1e-1ba5d207e329","local_time":"20181222232702","is_ascension_mode":true,"campfire_choices":[{"floor":7,"key":"REST"},{"floor":10,"key":"REST"},{"data":"Flechettes","floor":15,"key":"SMITH"},{"data":"Noxious Fumes","floor":24,"key":"SMITH"},{"floor":27,"key":"REST"},{"floor":29,"key":"REST"},{"data":"A Thousand Cuts","floor":32,"key":"SMITH"}],"neow_cost":"NONE","seed_source_timestamp":91498039933580,"circlet_count":0,"master_deck":["Defend_G","Defend_G","Defend_G","Defend_G","Defend_G","Survivor","Neutralize+1","Unload","Dagger Spray","Deflect","Blur","Flechettes+1","After Image","Deflect","Adrenaline","Dodge and Roll","Quick Slash","Quick Slash","Deflect+1","A Thousand Cuts+1","Noxious Fumes+1","Backflip","Escape Plan","Dodge and Roll","Noxious Fumes"],"relics":["Ring of the Snake","Bloody Idol","Pen Nib","Regal Pillow","Lantern","Tiny Chest","Orrery","Mummified Hand","Ninja Scroll","Vajra","Juzu Bracelet"],"potions_floor_usage":[6,8,14,16,25],"damage_taken":[{"damage":0,"enemies":"Small Slimes","floor":1,"turns":4},{"damage":1,"enemies":"Jaw Worm","floor":3,"turns":3},{"damage":0,"enemies":"Cultist","floor":5,"turns":3},{"damage":30,"enemies":"Gremlin Nob","floor":6,"turns":4},{"damage":31,"enemies":"Lagavulin","floor":8,"turns":9},{"damage":15,"enemies":"3 Sentries","floor":11,"turns":9},{"damage":0,"enemies":"2 Fungi Beasts","floor":14,"turns":1},{"damage":26,"enemies":"The Guardian","floor":16,"turns":13},{"damage":0,"enemies":"3 Byrds","floor":18,"turns":5},{"damage":10,"enemies":"2 Thieves","floor":19,"turns":4},{"damage":19,"enemies":"Snake Plant","floor":21,"turns":5},{"damage":43,"enemies":"Slavers","floor":25,"turns":6},{"damage":7,"enemies":"3 Cultists","floor":28,"turns":5},{"damage":0,"enemies":"Gremlin Leader","floor":31,"turns":5},{"damage":73,"enemies":"Champ","floor":33,"turns":12}],"seed_played":"2049939335755353686","potions_obtained":[{"floor":5,"key":"Regen Potion"},{"floor":6,"key":"Weak Potion"},{"floor":11,"key":"SteroidPotion"},{"floor":14,"key":"PowerPotion"},{"floor":19,"key":"EssenceOfSteel"},{"floor":31,"key":"Ancient Potion"}],"is_trial":false,"path_per_floor":["M","?","M","?","M","E","R","E","T","R","E","?","?","M","R","B",null,"M","M","?","M","?","$","R","E","T","R","M","R","$","E","R","B"],"character_chosen":"THE_SILENT","items_purchased":["Noxious Fumes","Backflip","Vajra"],"campfire_rested":4,"item_purchase_floors":[23,23,30],"current_hp_per_floor":[70,53,52,52,52,34,55,24,24,60,45,45,45,45,45,19,70,70,60,60,46,46,46,46,8,8,44,42,70,70,70,70,0],"gold":78,"neow_bonus":"UPGRADE_CARD","is_prod":false,"is_daily":false,"chose_seed":false,"campfire_upgraded":3,"win_rate":0,"timestamp":1545542822,"path_taken":["M","?","M","?","M","E","R","E","T","R","E","?","?","M","R","BOSS","M","?","?","M","?","$","R","E","T","R","M","R","$","E","R","BOSS"],"build_version":"2018-12-20","purchased_purges":2,"victory":false,"max_hp_per_floor":[70,70,70,70,70,70,70,70,70,70,70,70,70,70,70,70,70,70,70,70,70,70,70,70,70,70,70,70,70,70,70,70,70],"card_choices":[{"not_picked":["Blade Dance","Prepared","Eviscerate"],"picked":"SKIP","floor":1},{"not_picked":["Calculated Gamble","Acrobatics"],"picked":"Unload","floor":3},{"not_picked":["Dodge and Roll","Dagger Throw"],"picked":"Dagger Spray","floor":5},{"not_picked":["Terror","Masterful Stab"],"picked":"Deflect","floor":6},{"not_picked":["Calculated Gamble","Distraction"],"picked":"Blur","floor":8},{"not_picked":["Sucker Punch","Eviscerate"],"picked":"Flechettes","floor":11},{"not_picked":["PiercingWail","Dagger Spray"],"picked":"Deflect","floor":14},{"not_picked":["Storm of Steel","Night Terror"],"picked":"Adrenaline","floor":16},{"not_picked":["Outmaneuver","Sucker Punch"],"picked":"Dodge and Roll","floor":17},{"not_picked":["Outmaneuver","Bane"],"picked":"Quick Slash","floor":17},{"not_picked":["Acrobatics","Tactician"],"picked":"Quick Slash","floor":17},{"not_picked":["Dagger Throw","Prepared"],"picked":"Deflect+1","floor":18},{"not_picked":["Slice","Heel Hook"],"picked":"A Thousand Cuts","floor":19},{"not_picked":["Sucker Punch","PiercingWail","Flying Knee+1"],"picked":"SKIP","floor":21},{"not_picked":["Dodge and Roll","Outmaneuver"],"picked":"Escape Plan","floor":25},{"not_picked":["Dagger Spray","PiercingWail+1"],"picked":"Dodge and Roll","floor":28},{"not_picked":["Setup","Poisoned Stab+1"],"picked":"Noxious Fumes","floor":31}],"player_experience":203004,"relics_obtained":[{"floor":6,"key":"Pen Nib"},{"floor":8,"key":"Regal Pillow"},{"floor":9,"key":"Lantern"},{"floor":11,"key":"Tiny Chest"},{"floor":25,"key":"Mummified Hand"},{"floor":26,"key":"Ninja Scroll"},{"floor":31,"key":"Juzu Bracelet"}],"event_choices":[{"damage_healed":0,"gold_gain":0,"player_choice":"Take Damage","damage_taken":17,"relics_obtained":["Golden Idol"],"max_hp_gain":0,"max_hp_loss":0,"event_name":"Golden Idol","floor":2,"gold_loss":0},{"cards_removed":["Strike_G"],"damage_healed":0,"gold_gain":0,"player_choice":"Forget","damage_taken":0,"max_hp_gain":0,"max_hp_loss":0,"event_name":"Living Wall","floor":4,"gold_loss":0},{"cards_removed":["Strike_G"],"damage_healed":0,"gold_gain":0,"player_choice":"Card Removal","damage_taken":0,"max_hp_gain":0,"max_hp_loss":0,"event_name":"The Cleric","floor":12,"gold_loss":50},{"damage_healed":0,"gold_gain":0,"player_choice":"1 cards matched","damage_taken":0,"max_hp_gain":0,"max_hp_loss":0,"event_name":"Match and Keep!","floor":13,"gold_loss":0,"cards_obtained":["After Image"]},{"damage_healed":0,"gold_gain":0,"player_choice":"Gave Idol","damage_taken":0,"relics_obtained":["Bloody Idol"],"max_hp_gain":0,"max_hp_loss":0,"event_name":"Forgotten Altar","floor":20,"relics_lost":["Golden Idol"],"gold_loss":0},{"cards_removed":["Strike_G"],"damage_healed":0,"gold_gain":0,"player_choice":"Gave Gold","damage_taken":0,"max_hp_gain":0,"max_hp_loss":0,"event_name":"Beggar","floor":22,"gold_loss":75}],"is_beta":false,"boss_relics":[{"not_picked":["Philosopher\u0027s Stone","Coffee Dripper"],"picked":"Orrery"}],"items_purged_floors":[23,30],"is_endless":false,"potions_floor_spawned":[5,6,11,14,19,31],"killed_by":"Champ","ascension_level":3}