{"path_per_floor":["M","$","?","?","?","R","E","R","T","?","M","M","E","$","R","B",null,"M","$","?","M","M","?","R","M","T","M","R","E","?","M","R"],"character_chosen":"IRONCLAD","items_purchased":["Toxic Egg 2","Inflame","Sentinel"],"gold_per_floor":[118,43,43,143,218,218,246,246,246,421,439,454,509,12,12,114,114,131,6,39,54,67,67,67,80,155,165,165,194,194,212,212,212],"floor_reached":33,"campfire_rested":2,"playtime":1941,"item_purchase_floors":[14,14,14],"current_hp_per_floor":[72,72,72,72,61,61,37,37,37,37,42,38,24,24,24,30,72,63,63,57,43,14,14,35,41,41,42,42,8,8,10,31,0],"items_purged":["Strike_R","Defend_R","Doubt"],"gold":212,"score":371,"play_id":"811f96b6-9b5e-43ca-be36-4de10dee1ed1","local_time":"20180607001056","is_prod":false,"is_daily":false,"chose_seed":false,"is_ascension_mode":true,"campfire_upgraded":4,"win_rate":0,"timestamp":1528323056,"campfire_choices":[{"data":"Double Tap","floor":6,"key":"SMITH"},{"data":"Pummel","floor":8,"key":"SMITH"},{"data":"Fiend Fire","floor":15,"key":"SMITH"},{"floor":24,"key":"REST"},{"data":"Inflame","floor":28,"key":"SMITH"},{"floor":32,"key":"REST"}],"path_taken":["M","$","?","?","?","R","E","R","T","?","M","M","E","?","R","BOSS","M","$","?","?","M","?","R","M","T","?","R","E","?","M","R","BOSS"],"build_version":"2018-05-31","seed_source_timestamp":1821417535093166,"purchased_purges":3,"victory":false,"master_deck":["Strike_R","Strike_R+1","Strike_R","Defend_R","Defend_R","Defend_R","Bash+1","Double Tap+1","Seeing Red","Feel No Pain+1","Pummel+1","Fiend Fire+1","Inflame+1","Sentinel+1","Exhume+1","Spot Weakness+1","True Grit+1","Power Through+1","Armaments+1","Offering+1","Infernal Blade+1","Warcry+1"],"max_hp_per_floor":[72,72,72,72,72,72,72,72,72,72,72,72,72,72,72,72,72,72,72,72,72,72,72,72,72,72,72,72,72,72,72,72,72],"relics":["Burning Blood","Boot","Whetstone","Tiny Chest","Toxic Egg 2","Sozu","Red Mask","Gremlin Horn","Smiling Mask"],"card_choices":[{"not_picked":["Offering","Brutality"],"picked":"Double Tap","floor":0},{"not_picked":["Sentinel","Disarm"],"picked":"Seeing Red","floor":1},{"not_picked":["Whirlwind","Headbutt"],"picked":"Pummel","floor":7},{"not_picked":["Headbutt","Combust","Anger"],"picked":"SKIP","floor":11},{"not_picked":["Headbutt","Body Slam","Wild Strike"],"picked":"SKIP","floor":12},{"not_picked":["Metallicize","Perfected Strike"],"picked":"Fiend Fire","floor":13},{"not_picked":["Fiend Fire","Brutality"],"picked":"Exhume+1","floor":16},{"not_picked":["Wild Strike","Searing Blow+1"],"picked":"Spot Weakness+1","floor":18},{"not_picked":["Havoc+1","Perfected Strike"],"picked":"True Grit+1","floor":21},{"not_picked":["Whirlwind","Entrench+1"],"picked":"Power Through+1","floor":22},{"not_picked":["Sentinel+1","Body Slam"],"picked":"Armaments+1","floor":25},{"not_picked":["Spot Weakness+1","Flame Barrier+1"],"picked":"Offering+1","floor":27},{"not_picked":["Spot Weakness+1","Sentinel+1"],"picked":"Infernal Blade+1","floor":29},{"not_picked":["Sever Soul+1","Pommel Strike"],"picked":"Warcry+1","floor":31}],"player_experience":219752,"potions_floor_usage":[16,22,29],"damage_taken":[{"damage":2,"enemies":"2 Louse","floor":1,"turns":3},{"damage":30,"enemies":"Gremlin Nob","floor":7,"turns":4},{"damage":1,"enemies":"Cultist","floor":11,"turns":3},{"damage":10,"enemies":"Small Slimes","floor":12,"turns":3},{"damage":20,"enemies":"3 Sentries","floor":13,"turns":13},{"damage":0,"enemies":"Slime Boss","floor":16,"turns":3},{"damage":15,"enemies":"Chosen","floor":18,"turns":3},{"damage":12,"enemies":"Masked Bandits","floor":20,"turns":3},{"damage":20,"enemies":"2 Thieves","floor":21,"turns":3},{"damage":42,"enemies":"3 Cultists","floor":22,"turns":7},{"damage":0,"enemies":"Centurion and Healer","floor":25,"turns":6},{"damage":5,"enemies":"Snake Plant","floor":27,"turns":3},{"damage":47,"enemies":"Slavers","floor":29,"turns":6},{"damage":4,"enemies":"Sentry and Sphere","floor":31,"turns":3},{"damage":68,"enemies":"Automaton","floor":33,"turns":6}],"relics_obtained":[{"floor":7,"key":"Boot"},{"floor":9,"key":"Whetstone"},{"floor":13,"key":"Tiny Chest"},{"floor":20,"key":"Red Mask"},{"floor":26,"key":"Gremlin Horn"},{"floor":29,"key":"Smiling Mask"}],"event_choices":[{"event_name":"Living Wall","player_choice":"Change","floor":3,"damage_taken":0},{"event_name":"Golden Shrine","player_choice":"Pray","floor":4,"damage_taken":0},{"event_name":"World of Goop","player_choice":"Gather Gold","floor":5,"damage_taken":0},{"event_name":"Liars Game","player_choice":"agreed","floor":10,"damage_taken":0},{"event_name":"Masked Bandits","player_choice":"Fought over 6 gold","floor":20,"damage_taken":0},{"event_name":"Beggar","player_choice":"Ignored","floor":23,"damage_taken":0},{"event_name":"Upgrade Shrine","player_choice":"Upgraded","floor":30,"damage_taken":0}],"boss_relics":[{"not_picked":["Runic Cube","Mark of Pain"],"picked":"Sozu"}],"items_purged_floors":[2,14,19],"potions_floor_spawned":[1,7,12,20,21,27],"seed_played":"-3607010279106162328","killed_by":"Automaton","ascension_level":3,"potions_obtained":[{"floor":1,"key":"BloodPotion"},{"floor":7,"key":"BloodPotion"},{"floor":12,"key":"Fire Potion"}],"is_trial":false}