{"gold_per_floor":[109,109,124,4,4,4,20,49,49,59,92,111,111,124,124,223,223,235,150,165,65,82,82,116,130,156,156,31,31,61,72,72,175,175,185,197,212,62,62,88,100,112,124,136,148,160,220,57,57,57],"floor_reached":51,"playtime":2349,"items_purged":["Strike_R","Strike_R","Defend_R","Strike_R","Feed"],"score":1112,"play_id":"84ce8465-c73b-4556-9b5b-f0adbbe4ce30","local_time":"20180727002306","is_ascension_mode":true,"campfire_choices":[{"data":"Defend_R","floor":6,"key":"SMITH"},{"data":"Inflame","floor":15,"key":"SMITH"},{"floor":23,"key":"REST"},{"floor":27,"key":"REST"},{"data":"Heavy Blade","floor":29,"key":"SMITH"},{"floor":32,"key":"REST"},{"floor":41,"key":"REST"},{"floor":44,"key":"DIG"},{"floor":49,"key":"REST"}],"neow_cost":"TEN_PERCENT_HP_LOSS","seed_source_timestamp":3464736211872016,"circlet_count":0,"master_deck":["Strike_R","Strike_R","Defend_R+1","Bash+1","Clash+1","Inflame+1","Shrug It Off+1","Clash","Limit Break+1","True Grit+1","Heavy Blade+1","Inflame+1","Master of Strategy+1","Sword Boomerang"],"relics":["Burning Blood","Toxic Egg 2","Bottled Flame","Anchor","Ancient Tea Set","Runic Cube","Bag of Marbles","Juzu Bracelet","Pen Nib","Matryoshka","Empty Cage","MawBank","Lantern","Shovel","Boot","Torii"],"potions_floor_usage":[11,16,16,18,24,24,30,50,50],"damage_taken":[{"damage":10,"enemies":"2 Louse","floor":1,"turns":4},{"damage":1,"enemies":"Cultist","floor":3,"turns":4},{"damage":0,"enemies":"Small Slimes","floor":7,"turns":3},{"damage":15,"enemies":"3 Sentries","floor":8,"turns":10},{"damage":15,"enemies":"Looter","floor":10,"turns":4},{"damage":20,"enemies":"Gremlin Nob","floor":11,"turns":4},{"damage":10,"enemies":"Lots of Slimes","floor":12,"turns":4},{"damage":0,"enemies":"2 Fungi Beasts","floor":14,"turns":3},{"damage":25,"enemies":"The Guardian","floor":16,"turns":9},{"damage":65,"enemies":"3 Byrds","floor":18,"turns":6},{"damage":14,"enemies":"Shell Parasite","floor":20,"turns":6},{"damage":15,"enemies":"Chosen and Byrds","floor":22,"turns":5},{"damage":20,"enemies":"Book of Stabbing","floor":24,"turns":6},{"damage":6,"enemies":"Snake Plant","floor":25,"turns":4},{"damage":20,"enemies":"Slavers","floor":30,"turns":4},{"damage":3,"enemies":"Slaver and Parasite","floor":31,"turns":4},{"damage":48,"enemies":"Automaton","floor":33,"turns":8},{"damage":0,"enemies":"Orb Walker","floor":35,"turns":2},{"damage":13,"enemies":"3 Shapes","floor":36,"turns":5},{"damage":27,"enemies":"Maw","floor":37,"turns":5},{"damage":61,"enemies":"2 Orb Walkers","floor":40,"turns":5},{"damage":9,"floor":47,"turns":4},{"damage":56,"enemies":"Time Eater","floor":50,"turns":5}],"seed_played":"-1674443958884476964","potions_obtained":[{"floor":3,"key":"Swift Potion"},{"floor":7,"key":"Block Potion"},{"floor":12,"key":"Poison Potion"},{"floor":14,"key":"EssenceOfSteel"},{"floor":16,"key":"EssenceOfSteel"},{"floor":22,"key":"Block Potion"},{"floor":25,"key":"Swift Potion"},{"floor":33,"key":"SmokeBomb"},{"floor":35,"key":"BloodPotion"},{"floor":40,"key":"Strength Potion"},{"floor":47,"key":"Dexterity Potion"}],"is_trial":false,"path_per_floor":["M","?","M","$","?","R","M","E","T","M","E","M","?","M","R","B",null,"M","?","M","$","M","R","E","M","T","R","$","R","E","M","R","B",null,"M","M","M","$","?","E","R","?","T","R","?","$","?","$","R","B"],"character_chosen":"IRONCLAD","items_purchased":["Clash"],"campfire_rested":5,"item_purchase_floors":[4],"current_hp_per_floor":[71,71,79,79,63,63,73,68,68,63,53,53,50,60,60,41,88,33,33,29,29,20,53,39,39,39,72,72,72,62,69,104,66,109,118,115,98,98,98,43,83,83,83,83,83,83,83,83,124,74],"gold":57,"neow_bonus":"THREE_RARE_CARDS","is_prod":false,"is_daily":false,"chose_seed":false,"campfire_upgraded":3,"win_rate":0,"timestamp":1532643786,"path_taken":["M","?","M","$","?","R","?","E","T","M","E","M","?","?","R","BOSS","M","?","M","$","M","R","E","M","T","R","$","R","E","M","R","BOSS","M","M","M","$","?","E","R","?","T","R","?","$","?","$","R","BOSS"],"build_version":"2018-07-19v2","purchased_purges":5,"victory":true,"max_hp_per_floor":[75,75,79,79,79,79,83,87,87,91,95,99,99,103,103,103,103,107,107,111,111,111,111,111,111,111,111,111,111,115,119,119,123,123,126,130,134,134,134,134,134,134,134,134,134,134,137,137,137,137],"card_choices":[{"not_picked":["Double Tap","Barricade"],"picked":"Feed","floor":0},{"not_picked":["Body Slam","Burning Pact","Perfected Strike"],"picked":"SKIP","floor":1},{"not_picked":["Perfected Strike","Uppercut","Dropkick"],"picked":"SKIP","floor":3},{"not_picked":["Seeing Red","Evolve"],"picked":"Inflame","floor":7},{"not_picked":["Power Through","Blood for Blood","Iron Wave"],"picked":"SKIP","floor":8},{"not_picked":["Flame Barrier+1","Heavy Blade"],"picked":"Shrug It Off+1","floor":10},{"not_picked":["Headbutt","Perfected Strike","Cleave"],"picked":"SKIP","floor":11},{"not_picked":["Twin Strike","Iron Wave"],"picked":"Clash","floor":12},{"not_picked":["Body Slam","Perfected Strike","Rupture"],"picked":"SKIP","floor":14},{"not_picked":["Immolate","Reaper"],"picked":"Limit Break+1","floor":16},{"not_picked":["Havoc+1","Sever Soul"],"picked":"True Grit+1","floor":18},{"not_picked":["Fire Breathing","Combust+1","Shockwave+1"],"picked":"SKIP","floor":20},{"not_picked":["Carnage","Rupture+1"],"picked":"Heavy Blade","floor":22},{"not_picked":["Armaments+1","Clothesline","Twin Strike"],"picked":"SKIP","floor":24},{"not_picked":["Anger+1","Pommel Strike+1","Bludgeon"],"picked":"SKIP","floor":25},{"not_picked":["Uppercut","Bloodletting+1","Clash"],"picked":"SKIP","floor":30},{"not_picked":["Wild Strike+1","Twin Strike","True Grit+1"],"picked":"SKIP","floor":31},{"not_picked":["Offering+1","Berserk"],"picked":"Feed","floor":33},{"not_picked":["Blood for Blood","Thunderclap+1","Havoc+1"],"picked":"SKIP","floor":35},{"not_picked":["Flex+1","Bloodletting+1"],"picked":"Inflame+1","floor":36},{"not_picked":["Twin Strike+1","True Grit+1","Flex+1"],"picked":"SKIP","floor":37},{"not_picked":["Dramatic Entrance","Good Instincts+1"],"picked":"Master of Strategy+1","floor":39},{"not_picked":["Armaments+1","Headbutt","Wild Strike"],"picked":"SKIP","floor":40}],"player_experience":382838,"relics_obtained":[{"floor":8,"key":"Toxic Egg 2"},{"floor":9,"key":"Bottled Flame"},{"floor":11,"key":"Anchor"},{"floor":24,"key":"Juzu Bracelet"},{"floor":26,"key":"Pen Nib"},{"floor":30,"key":"Matryoshka"},{"floor":40,"key":"MawBank"},{"floor":43,"key":"Lantern"},{"floor":43,"key":"Shovel"},{"floor":44,"key":"Boot"},{"floor":47,"key":"Torii"}],"event_choices":[{"event_name":"Accursed Blacksmith","player_choice":"Forge","floor":2,"damage_taken":0},{"event_name":"Shining Light","player_choice":"Entered Light","floor":5,"damage_taken":0},{"event_name":"Scrap Ooze","player_choice":"success","floor":13,"damage_taken":3},{"event_name":"Addict","player_choice":"Obtained Relic","floor":19,"damage_taken":0},{"event_name":"SensoryStone","player_choice":"Memory 1","floor":39,"damage_taken":0},{"event_name":"Match and Keep!","player_choice":"1 cards matched","floor":42,"damage_taken":0},{"event_name":"Falling","player_choice":"Removed Attack","floor":45,"damage_taken":0},{"event_name":"Mysterious Sphere","player_choice":"Fight","floor":47,"damage_taken":0}],"is_beta":false,"boss_relics":[{"not_picked":["Fusion Hammer","Snecko Eye"],"picked":"Runic Cube"},{"not_picked":["Eternal Feather","Runic Pyramid"],"picked":"Empty Cage"}],"items_purged_floors":[4,21,28,38,48],"is_endless":false,"potions_floor_spawned":[3,7,12,14,16,22,25,33,35,40,47],"ascension_level":9}