{"gold_per_floor":[119,119,65,78,78,78,107,117,117,117,150,150,180,191,191,191],"floor_reached":16,"playtime":618,"items_purged":[],"score":236,"play_id":"d5a00fba-6f10-4099-9ec6-dff5a9729b1f","local_time":"20190519164839","is_ascension_mode":true,"campfire_choices":[{"data":"Sweeping Beam","floor":6.0,"key":"SMITH"},{"floor":10.0,"key":"REST"},{"floor":12.0,"key":"REST"},{"floor":15.0,"key":"REST"}],"neow_cost":"NONE","seed_source_timestamp":105928833559642,"circlet_count":0,"master_deck":["AscendersBane","Strike_B","Strike_B","Strike_B","Strike_B","Defend_B","Defend_B","Defend_B","Defend_B","Zap","Dualcast","Fission+1","Sweeping Beam+1","Cold Snap","Capacitor","Coolheaded","Seek","Undo","Streamline"],"special_seed":0,"relics":["Cracked Core","Blue Candle","Bottled Flame","Oddly Smooth Stone","Vajra","Bag of Marbles"],"potions_floor_usage":[16],"damage_taken":[{"damage":0.0,"enemies":"2 Louse","floor":1.0,"turns":3.0},{"damage":0.0,"enemies":"Small Slimes","floor":4.0,"turns":3.0},{"damage":26.0,"enemies":"Lagavulin","floor":7.0,"turns":8.0},{"damage":2.0,"enemies":"Jaw Worm","floor":8.0,"turns":2.0},{"damage":10.0,"enemies":"3 Sentries","floor":11.0,"turns":3.0},{"damage":42.0,"enemies":"Gremlin Nob","floor":13.0,"turns":4.0},{"damage":0.0,"enemies":"Blue Slaver","floor":14.0,"turns":1.0},{"damage":33,"enemies":"Slime Boss","floor":16,"turns":9}],"seed_played":"8228534955410918607","potions_obtained":[{"floor":4.0,"key":"Explosive Potion"},{"floor":8.0,"key":"Explosive Potion"},{"floor":14.0,"key":"SpeedPotion"}],"is_trial":false,"path_per_floor":["M","?","$","M","?","R","E","M","T","R","E","R","E","M","R","B"],"character_chosen":"DEFECT","items_purchased":["FearPotion"],"campfire_rested":3,"item_purchase_floors":[3],"current_hp_per_floor":[64,46,46,46,46,46,20,18,18,39,29,50,8,8,29,0],"gold":191,"neow_bonus":"ONE_RANDOM_RARE_CARD","is_prod":false,"is_daily":false,"chose_seed":false,"campfire_upgraded":1,"win_rate":0,"timestamp":1558309719,"path_taken":["M","?","$","M","?","R","E","M","T","R","E","R","E","M","R","BOSS"],"build_version":"2019-05-07","purchased_purges":0,"victory":false,"max_hp_per_floor":[71,71,71,71,71,71,71,71,71,71,71,71,71,71,71,71],"card_choices":[{"not_picked":["Gash","Aggregate"],"picked":"Sweeping Beam","floor":1.0},{"not_picked":["Steam Power","Static Discharge"],"picked":"Cold Snap","floor":4.0},{"not_picked":["Coolheaded","Heatsinks"],"picked":"Capacitor","floor":7.0},{"not_picked":["Steam","Chaos"],"picked":"Coolheaded","floor":8.0},{"not_picked":["Melter","Cold Snap"],"picked":"Seek","floor":11.0},{"not_picked":["Tempest","Steam"],"picked":"Undo","floor":13.0},{"not_picked":["BootSequence","Reprogram"],"picked":"Streamline","floor":14.0}],"player_experience":1553691,"relics_obtained":[{"floor":7.0,"key":"Bottled Flame"},{"floor":9.0,"key":"Oddly Smooth Stone"},{"floor":11.0,"key":"Vajra"},{"floor":13.0,"key":"Bag of Marbles"}],"event_choices":[{"damage_healed":0.0,"max_hp_gain":0.0,"max_hp_loss":0.0,"gold_gain":0.0,"event_name":"Scrap Ooze","player_choice":"Success","floor":2.0,"gold_loss":0.0,"damage_taken":18.0,"relics_obtained":["Blue Candle"]},{"damage_healed":0.0,"max_hp_gain":0.0,"max_hp_loss":0.0,"gold_gain":0.0,"event_name":"Living Wall","player_choice":"Grow","floor":5.0,"gold_loss":0.0,"damage_taken":0.0,"cards_upgraded":["Fission"]}],"is_beta":true,"boss_relics":[],"items_purged_floors":[],"is_endless":false,"potions_floor_spawned":[4,8,14],"killed_by":"Slime Boss","ascension_level":20}