{"path_per_floor":["M","$","?","M","?","R","M","R","T","R","M","M","M","$","R","B",null,"M","M","$","?","M","R","E","R","T","M","R","M","M","M","R","B",null,"M","?","M","$","M","R","E","$","T","M","?","?","?","M","R"],"character_chosen":"THE_SILENT","items_purchased":["Predator","Skewer+1","Malaise"],"gold_per_floor":[114,5,5,19,19,19,31,31,31,31,42,59,71,35,35,134,134,153,167,67,67,80,80,105,105,131,150,150,167,180,198,198,298,298,318,318,330,205,217,217,243,56,81,93,93,93,93,111,111,111],"floor_reached":50,"campfire_rested":0,"playtime":2663,"item_purchase_floors":[2,14,42],"current_hp_per_floor":[63,63,63,63,49,49,49,49,49,49,49,49,44,44,44,39,62,50,50,50,50,45,45,8,8,8,8,8,4,6,8,8,6,64,64,64,66,66,55,55,9,9,16,18,98,86,86,88,88,0],"items_purged":["Strike_G","Strike_G","Strike_G","Strike_G"],"gold":111,"score":803,"play_id":"4be33f0f-8fbe-4697-9775-8aab0cc67be9","local_time":"20180622004721","is_prod":false,"is_daily":false,"chose_seed":false,"is_ascension_mode":true,"campfire_upgraded":10,"win_rate":0,"timestamp":1529621241,"campfire_choices":[{"data":"Skewer","floor":6,"key":"SMITH"},{"data":"Predator","floor":8,"key":"SMITH"},{"data":"Backflip","floor":10,"key":"SMITH"},{"data":"Blur","floor":15,"key":"SMITH"},{"data":"Defend_G","floor":23,"key":"SMITH"},{"data":"Defend_G","floor":25,"key":"SMITH"},{"data":"Blur","floor":28,"key":"SMITH"},{"data":"Defend_G","floor":32,"key":"SMITH"},{"data":"Defend_G","floor":40,"key":"SMITH"},{"data":"Malaise","floor":49,"key":"SMITH"}],"path_taken":["M","?","?","M","?","R","?","R","T","R","M","M","M","$","R","BOSS","M","?","$","?","M","R","E","R","T","M","R","M","M","?","R","BOSS","M","?","M","$","M","R","E","?","T","M","?","?","?","M","R","BOSS"],"build_version":"2018-06-14v2","seed_source_timestamp":441884328070738,"purchased_purges":4,"victory":false,"master_deck":["Defend_G+1","Defend_G+1","Defend_G+1","Defend_G+1","Defend_G+1","Strike_G","Survivor","Neutralize+1","AscendersBane","Backflip+1","Predator+1","Skewer+1","Dash+1","Blur+1","Skewer+1","Die Die Die+1","Crippling Poison","Die Die Die+1","Blur+1","Die Die Die+1","Predator+1","Madness","Malaise+1","Doubt","Madness","Madness"],"max_hp_per_floor":[70,70,70,70,70,70,70,70,70,70,70,70,70,70,70,70,70,70,70,70,70,70,70,77,77,77,77,77,79,81,83,83,83,83,83,83,85,85,87,87,89,89,96,98,98,98,98,100,100,100],"relics":["Velvet Choker","Molten Egg 2","Coffee Dripper","Singing Bowl","Oddly Smooth Stone","Sozu","Happy Flower","Strawberry"],"card_choices":[{"not_picked":["Infinite Blades","Endless Agony"],"picked":"Backflip","floor":1},{"not_picked":["Reflex","Flying Knee"],"picked":"Skewer","floor":4},{"not_picked":["Dagger Throw","Deadly Poison","Deflect"],"picked":"SKIP","floor":7},{"not_picked":["Poisoned Stab+1","Dagger Throw+1"],"picked":"Dash+1","floor":11},{"not_picked":["Underhanded Strike+1","Catalyst","Escape Plan"],"picked":"SKIP","floor":12},{"not_picked":["Outmaneuver","Venomology"],"picked":"Blur","floor":13},{"not_picked":["Doppelganger","Corpse Explosion+1"],"picked":"Die Die Die+1","floor":16},{"not_picked":["Dagger Spray+1","Cloak And Dagger","Expertise"],"picked":"SKIP","floor":18},{"not_picked":["Terror+1","Backflip"],"picked":"Crippling Poison","floor":19},{"not_picked":["Underhanded Strike+1","Endless Agony+1","Dagger Spray+1"],"picked":"SKIP","floor":22},{"not_picked":["Setup","Flying Knee+1","A Thousand Cuts"],"picked":"Singing Bowl","floor":24},{"not_picked":["Poisoned Stab+1","Choke+1"],"picked":"Blur","floor":27},{"not_picked":["Blur","Backflip","Cloak And Dagger"],"picked":"Singing Bowl","floor":29},{"not_picked":["A Thousand Cuts","Underhanded Strike+1","Crippling Poison"],"picked":"Singing Bowl","floor":30},{"not_picked":["Underhanded Strike+1","Dodge and Roll","Deadly Poison"],"picked":"Singing Bowl","floor":31},{"not_picked":["Tactician","Grand Finale+1"],"picked":"Die Die Die+1","floor":33},{"not_picked":["Acrobatics","Caltrops+1"],"picked":"Predator+1","floor":35},{"not_picked":["Apotheosis","Master of Strategy"],"picked":"Madness","floor":36},{"not_picked":["Sucker Punch+1","Acrobatics","Prepared"],"picked":"Singing Bowl","floor":37},{"not_picked":["Dagger Throw+1","Flechettes+1","Predator+1"],"picked":"Singing Bowl","floor":39},{"not_picked":["Reflex","Underhanded Strike+1","Deflect+1"],"picked":"Singing Bowl","floor":41},{"not_picked":["Quick Slash+1","Underhanded Strike+1","Prepared"],"picked":"Singing Bowl","floor":44},{"not_picked":["Poisoned Stab+1","Bullet Time","Underhanded Strike+1"],"picked":"Singing Bowl","floor":48}],"player_experience":343900,"potions_floor_usage":[16,16,18,19,24,30,39],"damage_taken":[{"damage":0,"enemies":"Cultist","floor":1,"turns":4},{"damage":0,"enemies":"Small Slimes","floor":4,"turns":4},{"damage":0,"enemies":"2 Louse","floor":7,"turns":2},{"damage":0,"enemies":"Looter","floor":11,"turns":2},{"damage":0,"enemies":"2 Fungi Beasts","floor":12,"turns":3},{"damage":5,"enemies":"Exordium Wildlife","floor":13,"turns":4},{"damage":5,"enemies":"Slime Boss","floor":16,"turns":5},{"damage":12,"enemies":"2 Thieves","floor":18,"turns":3},{"damage":0,"enemies":"Shell Parasite","floor":19,"turns":3},{"damage":5,"enemies":"Snecko","floor":22,"turns":4},{"damage":44,"enemies":"Gremlin Leader","floor":24,"turns":10},{"damage":0,"enemies":"Snake Plant","floor":27,"turns":4},{"damage":6,"enemies":"Centurion and Healer","floor":29,"turns":3},{"damage":0,"enemies":"Snecko","floor":30,"turns":5},{"damage":0,"enemies":"Cultist and Chosen","floor":31,"turns":7},{"damage":2,"enemies":"Automaton","floor":33,"turns":18},{"damage":0,"enemies":"Orb Walker","floor":35,"turns":4},{"damage":0,"enemies":"3 Darklings","floor":37,"turns":4},{"damage":13,"enemies":"4 Shapes","floor":39,"turns":3},{"damage":48,"enemies":"Giant Head","floor":41,"turns":13},{"damage":0,"enemies":"Sphere and 2 Shapes","floor":44,"turns":3},{"damage":0,"enemies":"3 Darklings","floor":48,"turns":3},{"damage":94,"enemies":"Donu and Deca","floor":50,"turns":10}],"relics_obtained":[{"floor":9,"key":"Molten Egg 2"},{"floor":24,"key":"Singing Bowl"},{"floor":26,"key":"Oddly Smooth Stone"},{"floor":41,"key":"Happy Flower"},{"floor":43,"key":"Strawberry"}],"event_choices":[{"event_name":"The Cleric","player_choice":"Leave","floor":3,"damage_taken":0},{"event_name":"Shining Light","player_choice":"Entered Light","floor":5,"damage_taken":0},{"event_name":"Match and Keep!","player_choice":"1 cards matched","floor":21,"damage_taken":0},{"event_name":"SensoryStone","player_choice":"Memory 1","floor":36,"damage_taken":0},{"event_name":"MindBloom","player_choice":"Heal","floor":45,"damage_taken":0},{"event_name":"Winding Halls","player_choice":"Embrace Madness","floor":46,"damage_taken":0},{"event_name":"The Lab","player_choice":"Got Potions","floor":47,"damage_taken":0}],"boss_relics":[{"not_picked":["Snecko Eye","White Beast Statue"],"picked":"Coffee Dripper"},{"not_picked":["Black Star","Orrery"],"picked":"Sozu"}],"items_purged_floors":[2,20,38,42],"is_endless":false,"potions_floor_spawned":[1,4,13,16,18,22,24,33,35,41,44],"seed_played":"-7863846900079333068","killed_by":"Donu and Deca","ascension_level":11,"potions_obtained":[{"floor":1,"key":"LiquidBronze"},{"floor":4,"key":"FearPotion"},{"floor":13,"key":"AttackPotion"},{"floor":16,"key":"GamblersBrew"},{"floor":18,"key":"GamblersBrew"},{"floor":22,"key":"Fruit Juice"},{"floor":24,"key":"Ancient Potion"},{"floor":33,"key":"SneckoOil"}],"is_trial":false}