{"gold_per_floor":[119,119,139,214,214,252,252,252,252,276,312,333,333,508,508,632,632,657,237,312,333,29,72,91,112,112,36,36,49,49,70,70,194,194,209,209,222,222],"floor_reached":38,"playtime":6763,"items_purged":["Doubt","Pain"],"score":540,"play_id":"d3786b08-8174-4488-8822-30bc616f1b02","local_time":"20181225230439","is_ascension_mode":true,"campfire_choices":[{"data":"Neutralize","floor":8,"key":"SMITH"},{"data":"Dodge and Roll","floor":13,"key":"SMITH"},{"floor":15,"key":"REST"},{"data":"Envenom","floor":30,"key":"SMITH"},{"floor":32,"key":"REST"}],"neow_cost":"NONE","seed_source_timestamp":346085158312570,"circlet_count":0,"master_deck":["Neutralize+1","Deflect","Dodge and Roll+1","Dash","Deflect","Dagger Spray","Envenom+1","Dagger Spray","Backstab","Outmaneuver","Dash","Deflect","Terror","Infinite Blades","Skewer","Backflip","Well Laid Plans","Escape Plan","Backflip","Deflect","Slice","Infinite Blades","Deflect","Well Laid Plans","Distraction+1","Setup+1","Envenom","Catalyst+1","Endless Agony"],"relics":["Ring of the Snake","NeowsBlessing","Golden Idol","Calipers","Blue Candle","WarpedTongs","Meat on the Bone","Sundial","Pandora\u0027s Box","Snake Skull","Omamori","Strawberry","Toxic Egg 2","Question Card","Empty Cage"],"potions_floor_usage":[16,16,33,33,37],"damage_taken":[{"damage":0,"enemies":"2 Louse","floor":1,"turns":1},{"damage":0,"enemies":"Small Slimes","floor":3,"turns":1},{"damage":0,"enemies":"Gremlin Nob","floor":6,"turns":1},{"damage":3,"enemies":"Jaw Worm","floor":10,"turns":4},{"damage":12,"enemies":"Lagavulin","floor":11,"turns":10},{"damage":6,"enemies":"2 Fungi Beasts","floor":12,"turns":4},{"damage":22,"enemies":"Hexaghost","floor":16,"turns":15},{"damage":26,"enemies":"Spheric Guardian","floor":18,"turns":6},{"damage":6,"enemies":"2 Thieves","floor":21,"turns":4},{"damage":38,"enemies":"Gremlin Leader","floor":23,"turns":5},{"damage":10,"enemies":"Snake Plant","floor":24,"turns":4},{"damage":11,"enemies":"Centurion and Healer","floor":25,"turns":6},{"damage":7,"enemies":"Cultist and Chosen","floor":29,"turns":5},{"damage":25,"enemies":"Snecko","floor":31,"turns":4},{"damage":35,"enemies":"Collector","floor":33,"turns":8},{"damage":31,"enemies":"3 Shapes","floor":35,"turns":6},{"damage":41,"enemies":"3 Darklings","floor":37,"turns":5},{"damage":17,"enemies":"Sphere and 2 Shapes","floor":38,"turns":3}],"seed_played":"-6703038923587147746","potions_obtained":[{"floor":1,"key":"LiquidBronze"},{"floor":10,"key":"Block Potion"},{"floor":21,"key":"Explosive Potion"},{"floor":25,"key":"LiquidBronze"},{"floor":31,"key":"LiquidBronze"},{"floor":33,"key":"Block Potion"},{"floor":35,"key":"FearPotion"}],"is_trial":false,"path_per_floor":["M","?","M","?","T","E","?","R","T","M","E","M","R","?","R","B",null,"M","$","?","M","$","E","M","M","T","$","?","M","R","M","R","B",null,"M","?","M","M"],"character_chosen":"THE_SILENT","items_purchased":["Snake Skull","Well Laid Plans","Escape Plan","Backflip","Omamori","Slice","Well Laid Plans"],"campfire_rested":2,"item_purchase_floors":[19,19,19,19,22,22,27],"current_hp_per_floor":[70,53,53,42,42,42,42,42,42,39,39,45,45,45,66,44,70,44,44,37,43,43,24,26,27,27,27,27,32,32,19,42,19,77,46,46,17,0],"gold":222,"neow_bonus":"THREE_ENEMY_KILL","is_prod":false,"is_daily":false,"chose_seed":false,"campfire_upgraded":3,"win_rate":0,"timestamp":1545800679,"path_taken":["M","?","M","?","?","E","?","R","T","M","E","?","R","?","R","BOSS","M","$","?","?","$","E","M","M","T","$","?","M","R","M","R","BOSS","M","?","?","M"],"build_version":"2018-12-20","purchased_purges":2,"victory":false,"max_hp_per_floor":[70,70,70,70,70,70,70,70,70,70,70,70,70,70,70,70,70,70,70,70,70,70,77,77,77,77,77,77,77,77,77,77,77,77,77,77,77,77],"card_choices":[{"not_picked":["Accuracy","Outmaneuver"],"picked":"Deflect","floor":1},{"not_picked":["Choke","PiercingWail"],"picked":"Dodge and Roll","floor":3},{"not_picked":["Terror","Bane"],"picked":"Dash","floor":6},{"not_picked":["Sucker Punch","Blade Dance"],"picked":"Deflect","floor":10},{"not_picked":["Acrobatics","Flying Knee","Prepared"],"picked":"SKIP","floor":11},{"not_picked":["Prepared","Crippling Poison"],"picked":"Dagger Spray","floor":12},{"not_picked":["Storm of Steel","Bullet Time"],"picked":"Envenom","floor":16},{"not_picked":["Acrobatics+1","Backstab"],"picked":"Backflip","floor":18},{"not_picked":["Deadly Poison","Flying Knee"],"picked":"Deflect","floor":21},{"not_picked":["Slice","Caltrops"],"picked":"Infinite Blades","floor":23},{"not_picked":["Heel Hook","Acrobatics","Dagger Spray"],"picked":"SKIP","floor":24},{"not_picked":["Prepared","Flying Knee+1"],"picked":"Deflect","floor":25},{"not_picked":["Bane","Underhanded Strike+1","Caltrops"],"picked":"Distraction+1","floor":29},{"not_picked":["All Out Attack","Eviscerate","Outmaneuver+1"],"picked":"Setup+1","floor":31},{"not_picked":["Unload","After Image","Storm of Steel+1"],"picked":"Envenom","floor":33},{"not_picked":["PiercingWail+1","Flying Knee+1","Blade Dance+1"],"picked":"Catalyst+1","floor":35},{"not_picked":["Poisoned Stab","PiercingWail+1","Choke","Skewer+1"],"picked":"SKIP","floor":37}],"player_experience":296724,"relics_obtained":[{"floor":5,"key":"Calipers"},{"floor":6,"key":"Blue Candle"},{"floor":9,"key":"Meat on the Bone"},{"floor":11,"key":"Sundial"},{"floor":23,"key":"Strawberry"},{"floor":26,"key":"Toxic Egg 2"}],"event_choices":[{"damage_healed":0,"gold_gain":0,"player_choice":"Take Damage","damage_taken":17,"relics_obtained":["Golden Idol"],"max_hp_gain":0,"max_hp_loss":0,"event_name":"Golden Idol","floor":2,"gold_loss":0},{"damage_healed":0,"gold_gain":75,"player_choice":"Gather Gold","damage_taken":11,"max_hp_gain":0,"max_hp_loss":0,"event_name":"World of Goop","floor":4,"gold_loss":0},{"damage_healed":0,"gold_gain":0,"player_choice":"Rummage","damage_taken":0,"relics_obtained":["WarpedTongs"],"max_hp_gain":0,"max_hp_loss":0,"event_name":"Accursed Blacksmith","floor":7,"gold_loss":0,"cards_obtained":["Pain"]},{"damage_healed":0,"gold_gain":175,"player_choice":"AGREE","damage_taken":0,"max_hp_gain":0,"max_hp_loss":0,"event_name":"Liars Game","floor":14,"gold_loss":0,"cards_obtained":["Doubt"]},{"damage_healed":0,"gold_gain":75,"player_choice":"Touch","damage_taken":7,"max_hp_gain":0,"max_hp_loss":0,"event_name":"FaceTrader","floor":20,"gold_loss":0},{"damage_healed":0,"gold_gain":0,"player_choice":"Gave Potion","damage_taken":0,"relics_obtained":["Question Card"],"max_hp_gain":0,"max_hp_loss":0,"event_name":"WeMeetAgain","floor":28,"gold_loss":0},{"damage_healed":0,"gold_gain":0,"cards_transformed":["Survivor"],"player_choice":"Transformed","damage_taken":0,"max_hp_gain":0,"max_hp_loss":0,"event_name":"Transmorgrifier","floor":36,"gold_loss":0,"cards_obtained":["Endless Agony"]}],"is_beta":false,"boss_relics":[{"not_picked":["Philosopher\u0027s Stone","Runic Dome"],"picked":"Pandora\u0027s Box"},{"not_picked":["Astrolabe","HoveringKite"],"picked":"Empty Cage"}],"items_purged_floors":[19,22],"is_endless":false,"potions_floor_spawned":[1,10,21,25,31,33,35],"killed_by":"Sphere and 2 Shapes","ascension_level":4}