{"path_per_floor":["M","?","?","?","$","R","E","R","T","M","M","E","M","$","R","B",null,"M","?","$","M","T","R","M","E","T","$","M","R","M","M","R"],"character_chosen":"THE_SILENT","items_purchased":["Infinite Blades"],"gold_per_floor":[117,117,117,117,42,42,70,70,70,84,100,131,142,7,7,103,103,103,103,103,119,119,119,138,163,189,139,149,149,166,180,180,180],"floor_reached":33,"campfire_rested":3,"playtime":2114,"item_purchase_floors":[],"current_hp_per_floor":[70,67,53,53,53,53,33,33,33,29,29,16,16,16,37,25,70,70,70,70,53,53,53,53,45,45,45,10,30,12,12,32,0],"items_purged":["Strike_G","Strike_G","Doubt"],"gold":180,"score":316,"play_id":"e77187b3-17b4-488b-a554-65c9570b554e","local_time":"20180606171359","is_prod":false,"is_daily":false,"chose_seed":false,"is_ascension_mode":true,"campfire_upgraded":0,"win_rate":0,"timestamp":1528298039,"campfire_choices":[{"data":"1","floor":6.0,"key":"LIFT"},{"data":"2","floor":8.0,"key":"LIFT"},{"floor":15.0,"key":"REST"},{"data":"Parasite","floor":23.0,"key":"PURGE"},{"floor":29.0,"key":"REST"},{"floor":32,"key":"REST"}],"path_taken":["M","?","?","?","$","R","E","R","T","?","M","E","M","$","R","BOSS","M","?","$","M","?","R","M","E","T","$","?","R","M","M","R","BOSS"],"build_version":"2018-05-31","seed_source_timestamp":0,"purchased_purges":3,"victory":false,"master_deck":["Defend_G","Defend_G","Defend_G","Defend_G","Strike_G","Strike_G","Strike_G+1","Survivor","Neutralize+1","Poisoned Stab","Envenom","Backstab","Dagger Spray","Dagger Spray","Backflip","Cloak And Dagger","Infinite Blades","Envenom","Noxious Fumes","Deflect","Catalyst","Cloak And Dagger"],"max_hp_per_floor":[70,70,70,70,70,70,70,70,70,70,70,70,70,70,70,70,70,70,70,70,70,70,67,67,67,67,67,67,67,67,67,67,67],"relics":["Ring of the Snake","Girya","Centennial Puzzle","Bottled Tornado","Peace Pipe","Cursed Key","Smiling Mask","Vajra","Art of War"],"card_choices":[{"not_picked":["Escape Plan","Catalyst"],"picked":"Poisoned Stab","floor":1.0},{"not_picked":["Prepared","Venomology"],"picked":"Dagger Spray","floor":7.0},{"not_picked":["Sucker Punch","Dodge and Roll","Dagger Throw"],"picked":"SKIP","floor":10.0},{"not_picked":["PiercingWail","Quick Slash"],"picked":"Dagger Spray","floor":11.0},{"not_picked":["Slice","Quick Slash"],"picked":"Backflip","floor":12.0},{"not_picked":["Bouncing Flask","Terror"],"picked":"Cloak And Dagger","floor":13.0},{"not_picked":["Grand Finale","Wraith Form v2"],"picked":"Envenom","floor":16.0},{"not_picked":["Deadly Poison","Acrobatics"],"picked":"Deflect","floor":21.0},{"not_picked":["Poisoned Stab","Outmaneuver","Dagger Throw"],"picked":"SKIP","floor":24.0},{"not_picked":["Crippling Poison","Well Laid Plans","Reflex"],"picked":"SKIP","floor":25.0},{"not_picked":["Backflip","Malaise","Dodge and Roll"],"picked":"SKIP","floor":28.0},{"not_picked":["Deflect","Dodge and Roll"],"picked":"Catalyst","floor":30},{"not_picked":["Quick Slash","PiercingWail"],"picked":"Cloak And Dagger","floor":31}],"player_experience":204788,"potions_floor_usage":[31,31,33],"damage_taken":[{"damage":0.0,"enemies":"2 Louse","floor":1.0,"turns":3.0},{"damage":20.0,"enemies":"Lagavulin","floor":7.0,"turns":7.0},{"damage":4.0,"enemies":"Jaw Worm","floor":10.0,"turns":2.0},{"damage":0.0,"enemies":"Small Slimes","floor":11.0,"turns":3.0},{"damage":13.0,"enemies":"Gremlin Nob","floor":12.0,"turns":3.0},{"damage":0.0,"enemies":"3 Louse","floor":13.0,"turns":1.0},{"damage":12.0,"enemies":"The Guardian","floor":16.0,"turns":10.0},{"damage":0.0,"enemies":"Chosen","floor":18.0,"turns":3.0},{"damage":17.0,"enemies":"2 Thieves","floor":21.0,"turns":3.0},{"damage":0.0,"enemies":"Centurion and Healer","floor":24.0,"turns":6.0},{"damage":8.0,"enemies":"Book of Stabbing","floor":25.0,"turns":5.0},{"damage":35.0,"enemies":"Snake Plant","floor":28.0,"turns":5.0},{"damage":18.0,"enemies":"Slaver and Parasite","floor":30.0,"turns":4.0},{"damage":0,"enemies":"Cultist and Chosen","floor":31,"turns":4},{"damage":36,"enemies":"Champ","floor":33,"turns":7}],"relics_obtained":[{"floor":7.0,"key":"Centennial Puzzle"},{"floor":9.0,"key":"Bottled Tornado"},{"floor":12.0,"key":"Peace Pipe"},{"floor":22.0,"key":"Smiling Mask"},{"floor":25.0,"key":"Vajra"},{"floor":26.0,"key":"Art of War"}],"event_choices":[{"event_name":"Scrap Ooze","player_choice":"success","floor":2.0,"damage_taken":3.0},{"event_name":"Shining Light","player_choice":"Entered Light","floor":3.0,"damage_taken":0.0},{"event_name":"Match and Keep!","player_choice":"2 cards matched","floor":4.0,"damage_taken":0.0},{"event_name":"The Library","player_choice":"Read","floor":19.0,"damage_taken":0.0}],"boss_relics":[],"items_purged_floors":[],"potions_floor_spawned":[1,11,13,24,25,30,31],"seed_played":"-3957662674811086482","killed_by":"Champ","ascension_level":3,"potions_obtained":[{"floor":1.0,"key":"SpeedPotion"},{"floor":11.0,"key":"Poison Potion"},{"floor":13.0,"key":"SmokeBomb"},{"floor":24.0,"key":"GhostInAJar"},{"floor":25.0,"key":"GhostInAJar"},{"floor":30,"key":"FearPotion"},{"floor":31,"key":"Poison Potion"}],"is_trial":false}