{"gold_per_floor":[116,116,129,52,52,52,66,66,66,76,76,101,117,132,132,233,233,246,345,345,273,286,297,310,310,334,360,360],"floor_reached":28,"playtime":3460,"items_purged":[],"score":348,"play_id":"8dfd9dfe-d96a-4d54-99b1-df7b3bd35ded","local_time":"20190203183438","is_ascension_mode":true,"campfire_choices":[{"data":"A Thousand Cuts","floor":6,"key":"SMITH"},{"data":"Endless Agony","floor":8,"key":"SMITH"},{"data":"Neutralize","floor":11,"key":"SMITH"},{"data":"Neutralize","floor":15,"key":"SMITH"},{"floor":25,"key":"REST"}],"neow_cost":"NONE","seed_source_timestamp":89416235699161,"circlet_count":0,"master_deck":["Defend_G","Defend_G","Defend_G","Defend_G","Defend_G","Strike_G","Strike_G","Strike_G","Strike_G","Survivor","Neutralize+1","Sucker Punch","A Thousand Cuts+1","Finisher","Endless Agony+1","Neutralize+1","Infinite Blades","All Out Attack","Glass Knife","Acrobatics","Infinite Blades","Storm of Steel","Blade Dance","Terror","Backflip","PiercingWail","Injury","Envenom"],"relics":["Ring of the Snake","Pocketwatch","Question Card","Cursed Key","Anchor","Ginger"],"potions_floor_usage":[22,27],"damage_taken":[{"damage":2,"enemies":"2 Louse","floor":1,"turns":3},{"damage":0,"enemies":"Cultist","floor":3,"turns":4},{"damage":7,"enemies":"Jaw Worm","floor":7,"turns":3},{"damage":4,"enemies":"Exordium Thugs","floor":10,"turns":4},{"damage":10,"enemies":"Lagavulin","floor":12,"turns":6},{"damage":2,"enemies":"Blue Slaver","floor":13,"turns":3},{"damage":5,"enemies":"2 Fungi Beasts","floor":14,"turns":3},{"damage":0,"enemies":"Slime Boss","floor":16,"turns":5},{"damage":9,"enemies":"Shell Parasite","floor":18,"turns":4},{"damage":26,"enemies":"2 Thieves","floor":22,"turns":3},{"damage":12,"enemies":"Centurion and Healer","floor":23,"turns":5},{"damage":3,"enemies":"Snake Plant","floor":24,"turns":4},{"damage":36,"enemies":"Gremlin Leader","floor":27,"turns":6},{"damage":16,"enemies":"Sentry and Sphere","floor":28,"turns":3}],"seed_played":"8612452952019802379","potions_obtained":[{"floor":1,"key":"SteroidPotion"},{"floor":12,"key":"FearPotion"},{"floor":13,"key":"Swift Potion"},{"floor":22,"key":"Strength Potion"},{"floor":24,"key":"Block Potion"}],"is_trial":false,"path_per_floor":["M","?","M","$","?","R","M","R","T","M","R","E","M","M","R","B",null,"M","?","?","$","M","M","M","R","T","E","M"],"character_chosen":"THE_SILENT","items_purchased":["Endless Agony","Terror"],"campfire_rested":1,"item_purchase_floors":[4,21],"current_hp_per_floor":[75,75,75,75,75,75,68,68,68,64,64,54,52,47,47,47,77,68,68,68,68,42,30,27,50,50,14,0],"gold":360,"neow_bonus":"TEN_PERCENT_HP_BONUS","is_prod":false,"is_daily":false,"chose_seed":false,"campfire_upgraded":4,"win_rate":0,"timestamp":1549236878,"path_taken":["M","?","?","?","?","R","M","R","T","M","R","E","M","?","R","BOSS","M","?","?","$","M","?","M","R","T","E","M"],"build_version":"2019-01-23","purchased_purges":0,"victory":false,"max_hp_per_floor":[77,77,77,77,77,77,77,77,77,77,77,77,77,77,77,77,77,77,77,77,77,77,77,77,77,77,77,77],"card_choices":[{"not_picked":["Dodge and Roll","Flying Knee"],"picked":"Sucker Punch","floor":1},{"not_picked":["Calculated Gamble","Crippling Poison"],"picked":"Finisher","floor":3},{"not_picked":["Dagger Spray","PiercingWail"],"picked":"Infinite Blades","floor":7},{"not_picked":["Outmaneuver","Choke"],"picked":"All Out Attack","floor":10},{"not_picked":["Acrobatics","Blur"],"picked":"Glass Knife","floor":12},{"not_picked":["Finisher","Bane","Deadly Poison"],"picked":"Acrobatics","floor":13},{"not_picked":["Glass Knife","Setup","Deflect"],"picked":"Infinite Blades","floor":14},{"not_picked":["Burst","Corpse Explosion","Bullet Time"],"picked":"Storm of Steel","floor":16},{"not_picked":["Dagger Spray","Noxious Fumes","Escape Plan"],"picked":"Blade Dance","floor":18},{"not_picked":["Deflect","Eviscerate","Flying Knee"],"picked":"Backflip","floor":22},{"not_picked":["Flying Knee+1","Dagger Spray","Deadly Poison+1"],"picked":"PiercingWail","floor":23},{"not_picked":["Escape Plan","Dagger Throw","Heel Hook","Masterful Stab"],"picked":"SKIP","floor":24},{"not_picked":["Sucker Punch+1","Cloak And Dagger+1","Bane+1"],"picked":"Envenom","floor":27}],"player_experience":2085007,"relics_obtained":[{"floor":9,"key":"Pocketwatch"},{"floor":12,"key":"Question Card"},{"floor":26,"key":"Anchor"},{"floor":27,"key":"Ginger"}],"event_choices":[{"damage_healed":0,"gold_gain":0,"cards_transformed":["Strike_G"],"player_choice":"Transformed","damage_taken":0,"max_hp_gain":0,"max_hp_loss":0,"event_name":"Transmorgrifier","floor":2,"gold_loss":0,"cards_obtained":["A Thousand Cuts"]},{"damage_healed":0,"gold_gain":0,"player_choice":"1 cards matched","damage_taken":0,"max_hp_gain":0,"max_hp_loss":0,"event_name":"Match and Keep!","floor":5,"gold_loss":0,"cards_obtained":["Neutralize"]},{"damage_healed":0,"gold_gain":99,"player_choice":"Stole From Cult","damage_taken":0,"max_hp_gain":0,"max_hp_loss":0,"event_name":"Nest","floor":19,"gold_loss":0},{"damage_healed":0,"gold_gain":0,"player_choice":"Bought 0 Potions","damage_taken":0,"max_hp_gain":0,"max_hp_loss":0,"event_name":"The Woman in Blue","floor":20,"gold_loss":0}],"is_beta":false,"boss_relics":[{"not_picked":["Runic Pyramid","Philosopher\u0027s Stone"],"picked":"Cursed Key"}],"items_purged_floors":[],"is_endless":false,"potions_floor_spawned":[1,12,13,14,18,22,24],"killed_by":"Sentry and Sphere","ascension_level":4}