{"path_per_floor":["M","M","M","M","?","R","M","R","T","M","E","M","$","?","R","B",null,"M","$","M","M","?","E","R","E","T","M","?","R","?","M","R","B",null,"M","M","?","T","?","R","M","E","T","M","M","M","M","$","R","B"],"character_chosen":"IRONCLAD","items_purchased":["Sever Soul","Apotheosis","Pear"],"gold_per_floor":[116,135,153,170,170,170,184,184,184,203,228,248,173,173,173,269,269,289,121,133,152,152,177,177,204,204,216,216,216,216,228,228,331,331,344,359,459,484,530,530,541,568,568,584,600,617,636,77,77,77],"floor_reached":51,"campfire_rested":4,"playtime":4360,"item_purchase_floors":[19,48,48],"current_hp_per_floor":[70,76,80,80,80,80,76,76,76,47,27,18,18,18,42,31,80,77,77,80,67,72,56,56,45,45,25,25,55,55,39,60,31,70,70,70,70,70,43,43,38,13,13,20,19,43,46,56,80,17],"items_purged":["Defend_R","Defend_R","Defend_R"],"gold":77,"score":698,"play_id":"095387b7-51b6-41ea-8b49-246d1fbeb626","local_time":"20180529131924","is_prod":false,"is_daily":false,"chose_seed":false,"is_ascension_mode":false,"campfire_upgraded":4,"win_rate":0,"timestamp":1527592764,"campfire_choices":[{"data":"Warcry","floor":6,"key":"SMITH"},{"data":"Shrug It Off","floor":8,"key":"SMITH"},{"floor":15,"key":"REST"},{"data":"Limit Break","floor":24,"key":"SMITH"},{"floor":29,"key":"REST"},{"floor":32,"key":"REST"},{"data":"Demon Form","floor":40,"key":"SMITH"},{"floor":49,"key":"REST"}],"path_taken":["M","M","M","M","?","R","?","R","T","M","E","M","$","?","R","BOSS","M","$","M","M","?","E","R","E","T","M","?","R","?","M","R","BOSS","M","M","?","?","?","R","M","E","T","M","M","M","M","$","R","BOSS"],"build_version":"2018-05-24","seed_source_timestamp":1088709388445912,"purchased_purges":3,"victory":true,"master_deck":["Defend_R","Bash","Shrug It Off+1","Warcry+1","Power Through","Feel No Pain","Bash","Demon Form+1","Warcry","Cleave","Limit Break+1","Reaper","Iron Wave","Sever Soul","Rage","Cleave","Iron Wave","Power Through","Infernal Blade","Second Wind","Bite","Bite","Bite","Bite","Bite","Pummel","Berserk","Sever Soul","Power Through","Blood for Blood","Brutality","Metallicize","Thunderclap+1","Apotheosis"],"max_hp_per_floor":[80,80,80,80,80,80,80,80,80,80,80,80,80,80,80,80,80,80,80,80,80,80,94,94,101,101,101,101,101,70,70,70,70,70,70,70,70,70,70,70,70,70,70,70,70,70,70,80,80,80],"relics":["Burning Blood","Darkstone Periapt","Bottled Tornado","Sozu","Mango","Strawberry","Sundial","Runic Dome","Blood Vial","Shovel","Charon\u0027s Ashes","Shuriken","Pear"],"card_choices":[{"not_picked":["Flex","Battle Trance"],"picked":"Shrug It Off","floor":1},{"not_picked":["Twin Strike","Spot Weakness"],"picked":"Warcry","floor":2},{"not_picked":["Second Wind","Perfected Strike"],"picked":"Power Through","floor":3},{"not_picked":["Bloodletting","True Grit"],"picked":"Feel No Pain","floor":4},{"not_picked":["Iron Wave","Clash"],"picked":"Warcry","floor":7},{"not_picked":["Dual Wield","Carnage"],"picked":"Cleave","floor":10},{"not_picked":["Iron Wave","Burning Pact"],"picked":"Limit Break","floor":11},{"not_picked":["Wild Strike","Bloodletting"],"picked":"Armaments","floor":12},{"not_picked":["Dark Embrace","Berserk"],"picked":"Reaper","floor":16},{"not_picked":["Heavy Blade","Armaments"],"picked":"Iron Wave","floor":18},{"not_picked":["Clothesline","Fire Breathing"],"picked":"Rage","floor":20},{"not_picked":["Reckless Charge+1","Body Slam"],"picked":"Cleave","floor":21},{"not_picked":["Cleave","Sword Boomerang"],"picked":"Iron Wave","floor":23},{"not_picked":["Offering","Anger"],"picked":"Power Through","floor":25},{"not_picked":["Clash","Ghostly Armor"],"picked":"Infernal Blade","floor":27},{"not_picked":["Entrench+1","Clothesline"],"picked":"Pummel","floor":31},{"not_picked":["Brutality","Feed"],"picked":"Berserk","floor":33},{"not_picked":["Uppercut","Disarm","Sword Boomerang+1"],"picked":"SKIP","floor":35},{"not_picked":["Flex+1","Second Wind"],"picked":"Sever Soul","floor":36},{"not_picked":["Armaments","Warcry"],"picked":"Power Through","floor":41},{"not_picked":["Clash","Anger"],"picked":"Blood for Blood","floor":42},{"not_picked":["Combust","Feel No Pain"],"picked":"Brutality","floor":44},{"not_picked":["Wild Strike","Clash+1"],"picked":"Metallicize","floor":45},{"not_picked":["Headbutt","Clash+1"],"picked":"Thunderclap+1","floor":46},{"not_picked":["Bloodletting+1","Clash+1","Sword Boomerang"],"picked":"SKIP","floor":47}],"player_experience":15795,"potions_floor_usage":[44],"damage_taken":[{"damage":16,"enemies":"Jaw Worm","floor":1,"turns":5},{"damage":0,"enemies":"Cultist","floor":2,"turns":3},{"damage":1,"enemies":"2 Louse","floor":3,"turns":3},{"damage":0,"enemies":"Looter","floor":4,"turns":5},{"damage":10,"enemies":"Exordium Thugs","floor":7,"turns":5},{"damage":35,"enemies":"Lots of Slimes","floor":10,"turns":6},{"damage":26,"enemies":"Lagavulin","floor":11,"turns":9},{"damage":15,"enemies":"3 Louse","floor":12,"turns":5},{"damage":17,"enemies":"Hexaghost","floor":16,"turns":9},{"damage":12,"enemies":"Shell Parasite","floor":18,"turns":6},{"damage":27,"enemies":"Chosen","floor":20,"turns":4},{"damage":19,"enemies":"3 Cultists","floor":21,"turns":5},{"damage":46,"enemies":"Book of Stabbing","floor":23,"turns":7},{"damage":48,"enemies":"Slavers","floor":25,"turns":5},{"damage":26,"enemies":"Cultist and Chosen","floor":27,"turns":6},{"damage":36,"enemies":"Snake Plant","floor":31,"turns":5},{"damage":59,"enemies":"Collector","floor":33,"turns":8},{"damage":5,"enemies":"Orb Walker","floor":35,"turns":4},{"damage":6,"enemies":"3 Darklings","floor":36,"turns":5},{"damage":67,"enemies":"Mysterious Sphere","floor":39,"turns":4},{"damage":19,"enemies":"4 Shapes","floor":41,"turns":3},{"damage":55,"enemies":"Giant Head","floor":42,"turns":7},{"damage":23,"enemies":"Maw","floor":44,"turns":6},{"damage":22,"enemies":"Sphere and 2 Shapes","floor":45,"turns":4},{"damage":19,"enemies":"4 Shapes","floor":46,"turns":4},{"damage":11,"enemies":"3 Darklings","floor":47,"turns":4},{"damage":83,"enemies":"Donu and Deca","floor":50,"turns":6}],"relics_obtained":[{"floor":9,"key":"Darkstone Periapt"},{"floor":11,"key":"Bottled Tornado"},{"floor":23,"key":"Mango"},{"floor":25,"key":"Strawberry"},{"floor":26,"key":"Sundial"},{"floor":38,"key":"Blood Vial"},{"floor":39,"key":"Shovel"},{"floor":42,"key":"Charon\u0027s Ashes"},{"floor":43,"key":"Shuriken"}],"event_choices":[{"event_name":"Match and Keep!","player_choice":"2 cards matched","floor":5,"damage_taken":0},{"event_name":"Living Wall","player_choice":"Forget","floor":14,"damage_taken":0},{"event_name":"Bonfire Elementals","player_choice":"COMMON","floor":22,"damage_taken":0},{"event_name":"The Library","player_choice":"Read","floor":28,"damage_taken":0},{"event_name":"Vampires","player_choice":"Became a vampire","floor":30,"damage_taken":0},{"event_name":"Golden Shrine","player_choice":"Pray","floor":37,"damage_taken":0},{"event_name":"Mysterious Sphere","player_choice":"Fight","floor":39,"damage_taken":0}],"boss_relics":[{"not_picked":["Lizard Tail","Velvet Choker"],"picked":"Sozu"},{"not_picked":["Eternal Feather","Runic Cube"],"picked":"Runic Dome"}],"items_purged_floors":[13,19,48],"potions_floor_spawned":[3,10,18,23,25,31,36,39,45,47],"seed_played":"8575193045582982513","ascension_level":0,"potions_obtained":[{"floor":3,"key":"Strength Potion"},{"floor":10,"key":"FairyPotion"}],"is_trial":false}