{"gold_per_floor":[109,109,120,132,42,73,73,73,73,38,56,26,26,41,41,140,140,156,156,156,81,81,111,111,128,208,102,118,118],"floor_reached":29,"playtime":1325,"items_purged":["Regret"],"score":319,"play_id":"6ca3ee2a-0b00-4cff-a284-9e24219a9ef0","local_time":"20190202124754","is_ascension_mode":true,"campfire_choices":[{"floor":7,"key":"REST"},{"data":"Bouncing Flask","floor":13,"key":"SMITH"},{"data":"Caltrops","floor":15,"key":"SMITH"},{"floor":24,"key":"REST"}],"neow_cost":"NONE","seed_source_timestamp":30908687768500,"circlet_count":0,"master_deck":["Defend_G","Defend_G","Defend_G","Defend_G","Defend_G","Strike_G","Strike_G","Strike_G","Strike_G","Survivor","Neutralize","Finesse","Bouncing Flask+1","Deflect","Concentrate","Bandage Up","Backflip","Caltrops+1","Underhanded Strike","Acrobatics","Corpse Explosion","Writhe","Catalyst","Setup","Predator+1","Catalyst","Blur","Dodge and Roll+1"],"relics":["Ring of the Snake","Girya","Darkstone Periapt","Incense Burner","WristBlade","Bag of Preparation","MutagenicStrength","Vajra","Paper Crane"],"potions_floor_usage":[6,23,23,25],"damage_taken":[{"damage":5,"enemies":"Jaw Worm","floor":1,"turns":7},{"damage":14,"enemies":"Small Slimes","floor":3,"turns":4},{"damage":4,"enemies":"2 Louse","floor":4,"turns":3},{"damage":34,"enemies":"Gremlin Nob","floor":6,"turns":4},{"damage":12,"enemies":"Blue Slaver","floor":11,"turns":5},{"damage":0,"enemies":"Looter","floor":12,"turns":4},{"damage":4,"enemies":"2 Fungi Beasts","floor":14,"turns":4},{"damage":28,"enemies":"Hexaghost","floor":16,"turns":9},{"damage":3,"enemies":"Spheric Guardian","floor":18,"turns":3},{"damage":62,"enemies":"Gremlin Leader","floor":23,"turns":7},{"damage":22,"enemies":"2 Thieves","floor":25,"turns":3},{"damage":18,"enemies":"Snecko","floor":28,"turns":3},{"damage":9,"enemies":"Snake Plant","floor":29,"turns":3}],"seed_played":"8326526074664216237","potions_obtained":[{"floor":3,"key":"SkillPotion"},{"floor":6,"key":"Block Potion"},{"floor":16,"key":"Poison Potion"},{"floor":23,"key":"Energy Potion"},{"floor":25,"key":"FearPotion"}],"is_trial":false,"path_per_floor":["M","?","M","M","$","E","R","?","T","?","M","M","R","M","R","B",null,"M","?","?","$","?","E","R","M","T","$","M","M"],"character_chosen":"THE_SILENT","items_purchased":["Bandage Up","Catalyst","Blur"],"campfire_rested":2,"item_purchase_floors":[5,27,27],"current_hp_per_floor":[65,65,51,47,47,17,38,31,31,48,40,44,44,44,44,20,70,67,73,73,73,73,14,36,18,18,18,4,0],"gold":118,"neow_bonus":"RANDOM_COLORLESS","is_prod":false,"is_daily":false,"chose_seed":false,"campfire_upgraded":2,"win_rate":0,"timestamp":1549129674,"path_taken":["M","?","M","M","$","E","R","?","T","?","M","M","R","M","R","BOSS","M","?","?","$","?","E","R","M","T","$","M","M"],"build_version":"2019-01-23","purchased_purges":1,"victory":false,"max_hp_per_floor":[70,70,70,70,70,70,70,70,70,70,70,70,70,70,70,70,70,70,76,76,76,76,76,76,76,76,76,76,76],"card_choices":[{"not_picked":["Flying Knee","Deflect"],"picked":"Bouncing Flask","floor":1},{"not_picked":["Endless Agony","Dodge and Roll"],"picked":"Deflect","floor":3},{"not_picked":["Unload","Blade Dance"],"picked":"Concentrate","floor":4},{"not_picked":["Malaise","Expertise"],"picked":"Backflip","floor":6},{"not_picked":["Poisoned Stab","Distraction"],"picked":"Caltrops","floor":11},{"not_picked":["Deflect","Blade Dance"],"picked":"Underhanded Strike","floor":12},{"not_picked":["Choke","Cloak And Dagger"],"picked":"Acrobatics","floor":14},{"not_picked":["Glass Knife","Bullet Time"],"picked":"Corpse Explosion","floor":16},{"not_picked":["Dodge and Roll","Backflip","Cloak And Dagger"],"picked":"SKIP","floor":18},{"not_picked":["Outmaneuver","All Out Attack"],"picked":"Setup","floor":23},{"not_picked":["Expertise","All Out Attack"],"picked":"Predator+1","floor":25},{"not_picked":["Acrobatics","Sucker Punch"],"picked":"Dodge and Roll+1","floor":28}],"player_experience":2076848,"relics_obtained":[{"floor":6,"key":"Darkstone Periapt"},{"floor":9,"key":"Incense Burner"},{"floor":23,"key":"Vajra"},{"floor":26,"key":"Paper Crane"}],"event_choices":[{"damage_healed":0,"gold_gain":0,"player_choice":"Box","damage_taken":0,"relics_obtained":["Girya"],"max_hp_gain":0,"max_hp_loss":0,"event_name":"Big Fish","floor":2,"gold_loss":0,"cards_obtained":["Regret"]},{"cards_removed":["Strike_G"],"damage_healed":0,"gold_gain":0,"player_choice":"Card Removal","damage_taken":7,"max_hp_gain":0,"max_hp_loss":0,"event_name":"Golden Wing","floor":8,"gold_loss":0},{"damage_healed":17,"gold_gain":0,"player_choice":"Healed","damage_taken":0,"max_hp_gain":0,"max_hp_loss":0,"event_name":"The Cleric","floor":10,"gold_loss":35},{"damage_healed":0,"gold_gain":0,"player_choice":"Opened","damage_taken":0,"relics_obtained":["Bag of Preparation"],"max_hp_gain":0,"max_hp_loss":0,"event_name":"The Mausoleum","floor":19,"gold_loss":0,"cards_obtained":["Writhe"]},{"damage_healed":0,"gold_gain":0,"player_choice":"Read","damage_taken":0,"max_hp_gain":0,"max_hp_loss":0,"event_name":"The Library","floor":20,"gold_loss":0,"cards_obtained":["Catalyst"]},{"damage_healed":0,"gold_gain":0,"player_choice":"Inject Mutagens","damage_taken":0,"relics_obtained":["MutagenicStrength"],"max_hp_gain":0,"max_hp_loss":0,"event_name":"Drug Dealer","floor":22,"gold_loss":0}],"is_beta":false,"boss_relics":[{"not_picked":["Snecko Eye","Velvet Choker"],"picked":"WristBlade"}],"items_purged_floors":[21],"is_endless":false,"potions_floor_spawned":[3,6,16,23,25],"killed_by":"Snake Plant","ascension_level":4}