{"gold_per_floor":[113,113,113,26,26,60,60,72,123,152,169,169,169,189,189,266,266,225,19,19,34,34,34,34,34,58,58,58,91,15,15],"floor_reached":31,"playtime":1362,"items_purged":["Strike_G"],"score":568,"play_id":"66d06d35-92d9-425c-8bdf-875f31cef556","local_time":"20190520222636","is_ascension_mode":true,"campfire_choices":[{"data":"Catalyst","floor":7,"key":"SMITH"},{"data":"Poisoned Stab","floor":13,"key":"SMITH"},{"data":"Poisoned Stab","floor":15,"key":"SMITH"},{"floor":23,"key":"REST"},{"floor":25,"key":"REST"},{"data":"Bouncing Flask","floor":27,"key":"SMITH"}],"neow_cost":"NONE","seed_source_timestamp":13392086322287,"circlet_count":0,"master_deck":["AscendersBane","Defend_G+1","Defend_G","Defend_G","Defend_G","Defend_G","Strike_G+1","Strike_G","Survivor","Neutralize","Catalyst+1","Noxious Fumes+1","Deflect","Poisoned Stab+1","Poisoned Stab+1","Escape Plan","Envenom+1","Blur","PiercingWail","Bouncing Flask+1","Choke","Deadly Poison","Ghostly","Ghostly","Ghostly","Infinite Blades","Bouncing Flask"],"relics":["Ring of the Snake","NeowsBlessing","Sundial","Boot","Juzu Bracelet","Sozu","Bronze Scales","Pantograph"],"potions_floor_usage":[10,14,16,16],"damage_taken":[{"damage":0,"enemies":"Small Slimes","floor":1,"turns":1},{"damage":0,"enemies":"3 Sentries","floor":6,"turns":2},{"damage":0,"enemies":"2 Louse","floor":8,"turns":1},{"damage":0,"enemies":"Gremlin Nob","floor":10,"turns":2},{"damage":0,"enemies":"Cultist","floor":11,"turns":3},{"damage":9,"enemies":"Gremlin Gang","floor":14,"turns":4},{"damage":12,"enemies":"Hexaghost","floor":16,"turns":8},{"damage":19,"enemies":"2 Thieves","floor":18,"turns":5},{"damage":20,"enemies":"Shell Parasite","floor":21,"turns":5},{"damage":16,"enemies":"Colosseum Slavers","floor":22,"turns":4},{"damage":16,"enemies":"Slavers","floor":29,"turns":7},{"damage":19,"enemies":"Centurion and Healer","floor":31,"turns":2}],"seed_played":"4797752029645144037","potions_obtained":[{"floor":6,"key":"Poison Potion"},{"floor":8,"key":"GhostInAJar"},{"floor":11,"key":"Fire Potion"},{"floor":14,"key":"Regen Potion"}],"is_trial":false,"path_per_floor":["M","?","?","$","?","E","R","M","T","E","M","?","R","M","R","B",null,"M","$","?","M","?","R","?","R","T","R","?","E","$","M"],"character_chosen":"THE_SILENT","items_purchased":["Noxious Fumes","Deflect","PiercingWail","Bouncing Flask","Bouncing Flask"],"campfire_rested":2,"item_purchase_floors":[4,4,19,19,30],"current_hp_per_floor":[59,64,64,64,64,64,64,64,64,64,64,43,43,34,34,37,63,44,44,44,24,8,29,29,50,50,50,35,19,19,0],"gold":15,"neow_bonus":"THREE_ENEMY_KILL","is_prod":false,"is_daily":false,"chose_seed":false,"campfire_upgraded":4,"win_rate":0,"timestamp":1558409196,"path_taken":["M","?","?","$","?","E","R","?","T","E","M","?","R","M","R","BOSS","M","$","?","M","?","R","?","R","T","R","?","E","$","M"],"build_version":"2019-01-23","purchased_purges":1,"victory":false,"max_hp_per_floor":[66,71,71,71,71,71,71,71,71,71,71,71,71,71,71,71,71,71,71,71,71,71,71,71,71,71,71,35,35,35,35],"card_choices":[{"not_picked":["Slice","Blade Dance"],"picked":"Catalyst","floor":1},{"not_picked":["Backflip","Outmaneuver"],"picked":"Poisoned Stab","floor":6},{"not_picked":["Skewer","Dodge and Roll"],"picked":"Poisoned Stab","floor":8},{"not_picked":["Heel Hook","Deflect"],"picked":"Escape Plan","floor":10},{"not_picked":["Flying Knee","Heel Hook","Skewer"],"picked":"SKIP","floor":11},{"not_picked":["Quick Slash","Blade Dance","Underhanded Strike"],"picked":"SKIP","floor":14},{"not_picked":["Glass Knife","Doppelganger"],"picked":"Envenom","floor":16},{"not_picked":["Eviscerate","Dagger Throw+1"],"picked":"Blur","floor":18},{"not_picked":["Terror","All Out Attack","Bane"],"picked":"SKIP","floor":21},{"not_picked":["Terror+1","Setup"],"picked":"Infinite Blades","floor":29}],"player_experience":696113,"relics_obtained":[{"floor":6,"key":"Sundial"},{"floor":9,"key":"Boot"},{"floor":10,"key":"Juzu Bracelet"},{"floor":26,"key":"Bronze Scales"},{"floor":29,"key":"Pantograph"}],"event_choices":[{"damage_healed":0,"gold_gain":0,"player_choice":"Donut","damage_taken":0,"max_hp_gain":5,"max_hp_loss":0,"event_name":"Big Fish","floor":2,"gold_loss":0},{"damage_healed":0,"gold_gain":0,"player_choice":"Ignored","damage_taken":0,"max_hp_gain":0,"max_hp_loss":0,"event_name":"Liars Game","floor":3,"gold_loss":0},{"damage_healed":0,"gold_gain":0,"player_choice":"Upgraded","damage_taken":0,"max_hp_gain":0,"max_hp_loss":0,"event_name":"Upgrade Shrine","floor":5,"gold_loss":0,"cards_upgraded":["Noxious Fumes"]},{"damage_healed":0,"gold_gain":0,"player_choice":"Entered Light","damage_taken":21,"max_hp_gain":0,"max_hp_loss":0,"event_name":"Shining Light","floor":12,"gold_loss":0,"cards_upgraded":["Strike_G","Defend_G"]},{"damage_healed":0,"gold_gain":0,"player_choice":"Upgraded","damage_taken":0,"max_hp_gain":0,"max_hp_loss":0,"event_name":"Upgrade Shrine","floor":20,"gold_loss":0,"cards_upgraded":["Envenom"]},{"damage_healed":0,"gold_gain":0,"player_choice":"Fight","damage_taken":0,"max_hp_gain":0,"max_hp_loss":0,"event_name":"Colosseum","floor":22,"gold_loss":0},{"damage_healed":0,"gold_gain":0,"player_choice":"Fled From Nobs","damage_taken":0,"max_hp_gain":0,"max_hp_loss":0,"event_name":"Colosseum","floor":22,"gold_loss":0},{"damage_healed":0,"gold_gain":0,"cards_transformed":["Strike_G","Strike_G"],"player_choice":"Became Test Subject","damage_taken":0,"max_hp_gain":0,"max_hp_loss":0,"event_name":"Drug Dealer","floor":24,"gold_loss":0,"cards_obtained":["Choke","Deadly Poison"]},{"damage_healed":0,"gold_gain":0,"player_choice":"Became a Ghost","damage_taken":0,"max_hp_gain":0,"max_hp_loss":36,"event_name":"Ghosts","floor":28,"gold_loss":0,"cards_obtained":["Ghostly","Ghostly","Ghostly"]}],"is_beta":false,"boss_relics":[{"not_picked":["Coffee Dripper","Velvet Choker"],"picked":"Sozu"}],"items_purged_floors":[19],"is_endless":false,"potions_floor_spawned":[6,8,11,14,18,21],"killed_by":"Centurion and Healer","ascension_level":17}