{"gold_per_floor":[117,117,117,42,42,42,61,87,87,101,116,132,143,143,143,242,242,254,265,364,264,264,296,316,316,399,418,98,98,98,109,109,207,257,277,277,277,127,127,127,144,169,169,169,169],"floor_reached":45,"playtime":1360,"items_purged":["Strike_R","Strike_R","Strike_R","Defend_R"],"score":696,"play_id":"7a1a8bd5-7b0a-4bbf-a854-52374d3bb081","local_time":"20180726234328","is_ascension_mode":true,"campfire_choices":[{"data":"Armaments","floor":6,"key":"SMITH"},{"data":"Bash","floor":15,"key":"SMITH"},{"data":"Defend_R","floor":25,"key":"SMITH"},{"data":"Double Tap","floor":29,"key":"SMITH"},{"data":"Defend_R","floor":32,"key":"SMITH"},{"data":"Demon Form","floor":40,"key":"SMITH"},{"data":"Rage","floor":44,"key":"SMITH"}],"neow_cost":"NONE","seed_source_timestamp":3463363599385685,"circlet_count":0,"master_deck":["Strike_R+1","Defend_R+1","Defend_R+1","Bash+1","Bludgeon+1","Armaments+1","Clash+1","Double Tap+1","Demon Form+1","Rage+1","Madness","Madness"],"relics":["Burning Blood","Blood Vial","Bag of Marbles","Coffee Dripper","Red Skull","Tiny Chest","Lee\u0027s Waffle","Tiny House","Regal Pillow","Bronze Scales","Pantograph"],"potions_floor_usage":[18,23,23,27,33,33,36,42,42],"damage_taken":[{"damage":2,"enemies":"Jaw Worm","floor":1,"turns":3},{"damage":5,"enemies":"2 Louse","floor":7,"turns":3},{"damage":35,"enemies":"Lagavulin","floor":8,"turns":4},{"damage":0,"enemies":"Cultist","floor":10,"turns":2},{"damage":0,"enemies":"Large Slime","floor":11,"turns":2},{"damage":8,"enemies":"2 Fungi Beasts","floor":12,"turns":4},{"damage":0,"enemies":"Red Slaver","floor":13,"turns":1},{"damage":42,"enemies":"The Guardian","floor":16,"turns":9},{"damage":0,"enemies":"Shell Parasite","floor":18,"turns":1},{"damage":6,"enemies":"2 Thieves","floor":19,"turns":3},{"damage":33,"enemies":"Book of Stabbing","floor":23,"turns":4},{"damage":19,"enemies":"Snake Plant","floor":24,"turns":2},{"damage":18,"enemies":"Snecko","floor":27,"turns":4},{"damage":0,"enemies":"Cultist and Chosen","floor":31,"turns":1},{"damage":89,"enemies":"Champ","floor":33,"turns":12},{"damage":0,"enemies":"Orb Walker","floor":35,"turns":2},{"damage":0,"enemies":"3 Shapes","floor":36,"turns":1},{"damage":42,"enemies":"Transient","floor":41,"turns":5},{"damage":45,"enemies":"2 Orb Walkers","floor":42,"turns":4},{"damage":21,"enemies":"Spire Growth","floor":45,"turns":2}],"seed_played":"3829615510500073398","potions_obtained":[{"floor":1,"key":"Dexterity Potion"},{"floor":7,"key":"AttackPotion"},{"floor":11,"key":"Poison Potion"},{"floor":19,"key":"Swift Potion"},{"floor":23,"key":"Dexterity Potion"},{"floor":31,"key":"SkillPotion"},{"floor":33,"key":"SmokeBomb"},{"floor":34,"key":"FearPotion"},{"floor":35,"key":"Strength Potion"}],"is_trial":false,"path_per_floor":["M","?","?","$","?","R","M","E","T","M","M","M","M","?","R","B",null,"M","M","?","$","?","E","M","R","T","M","$","R","$","M","R","B",null,"M","M","?","$","T","R","M","E","T","R"],"character_chosen":"IRONCLAD","items_purchased":["Lee\u0027s Waffle"],"campfire_rested":0,"item_purchase_floors":[28],"current_hp_per_floor":[76,76,76,76,76,76,77,48,48,56,64,64,72,65,65,31,68,76,78,78,78,63,38,27,27,27,17,92,92,92,92,92,9,76,84,92,80,80,80,80,46,9,9,9,0],"gold":169,"neow_bonus":"ONE_RANDOM_RARE_CARD","is_prod":false,"is_daily":false,"chose_seed":false,"campfire_upgraded":7,"win_rate":0,"timestamp":1532641408,"path_taken":["M","?","?","$","?","R","M","E","T","M","?","?","?","?","R","BOSS","M","M","?","$","?","E","M","R","T","?","$","R","?","M","R","BOSS","M","M","?","$","?","R","M","E","T","R","?"],"build_version":"2018-07-19v2","purchased_purges":4,"victory":false,"max_hp_per_floor":[80,80,80,80,80,80,80,80,80,80,80,80,80,80,80,80,80,80,80,80,80,85,85,85,85,85,85,92,92,92,92,92,92,97,97,97,97,97,97,97,97,97,97,97,97],"card_choices":[{"not_picked":["Shockwave","Carnage"],"picked":"Armaments","floor":1},{"not_picked":["Anger","Carnage","Flex"],"picked":"SKIP","floor":7},{"not_picked":["Thunderclap","Sentinel","Havoc"],"picked":"SKIP","floor":8},{"not_picked":["Exhume","Clothesline","Carnage"],"picked":"SKIP","floor":10},{"not_picked":["Uppercut","Shrug It Off","Clothesline"],"picked":"SKIP","floor":11},{"not_picked":["Reckless Charge","Bloodletting","Second Wind"],"picked":"SKIP","floor":12},{"not_picked":["Perfected Strike","Cleave","True Grit"],"picked":"SKIP","floor":13},{"not_picked":["Entrench","Anger","Heavy Blade+1"],"picked":"SKIP","floor":18},{"not_picked":["Anger+1","Havoc+1"],"picked":"Clash+1","floor":19},{"not_picked":["Cleave","Heavy Blade","Iron Wave+1"],"picked":"SKIP","floor":23},{"not_picked":["Feel No Pain","Anger","Rampage+1"],"picked":"SKIP","floor":24},{"not_picked":["Flex+1","Corruption+1"],"picked":"Double Tap","floor":27},{"not_picked":["Cleave","True Grit","Thunderclap"],"picked":"SKIP","floor":31},{"not_picked":["Juggernaut","Immolate"],"picked":"Demon Form","floor":33},{"not_picked":["Thunderclap+1","Sword Boomerang"],"picked":"Rage","floor":34},{"not_picked":["Body Slam","Perfected Strike","Shrug It Off+1"],"picked":"SKIP","floor":35},{"not_picked":["Heavy Blade","Sentinel+1","Clothesline"],"picked":"SKIP","floor":41},{"not_picked":["Sword Boomerang+1","Double Tap","Rupture+1"],"picked":"SKIP","floor":42}],"player_experience":381478,"relics_obtained":[{"floor":8,"key":"Blood Vial"},{"floor":9,"key":"Bag of Marbles"},{"floor":23,"key":"Red Skull"},{"floor":26,"key":"Tiny Chest"},{"floor":39,"key":"Regal Pillow"},{"floor":42,"key":"Bronze Scales"},{"floor":43,"key":"Pantograph"}],"event_choices":[{"event_name":"Liars Game","player_choice":"disagreed","floor":2,"damage_taken":0},{"event_name":"Upgrade Shrine","player_choice":"Upgraded","floor":3,"damage_taken":0},{"event_name":"Living Wall","player_choice":"Forget","floor":5,"damage_taken":0},{"event_name":"Golden Wing","player_choice":"Card Removal","floor":14,"damage_taken":0},{"event_name":"Nest","player_choice":"Stole From Cult","floor":20,"damage_taken":0},{"event_name":"Forgotten Altar","player_choice":"Shed Blood","floor":22,"damage_taken":0},{"event_name":"Winding Halls","player_choice":"Embrace Madness","floor":37,"damage_taken":0}],"is_beta":false,"boss_relics":[{"not_picked":["Mark of Pain","Lizard Tail"],"picked":"Coffee Dripper"},{"not_picked":["Black Star","Pandora\u0027s Box"],"picked":"Tiny House"}],"items_purged_floors":[4,21,28,38],"is_endless":false,"potions_floor_spawned":[1,7,11,12,19,23,31,33,35],"killed_by":"Spire Growth","ascension_level":9}