{"gold_per_floor":[19,19,19,31,31,31,51,51,75,94,94,124,124,199,199,303,303,323,323,338,338,338,338,338],"floor_reached":24,"playtime":1136,"items_purged":[],"score":307,"play_id":"248d0463-218f-4b3d-87ee-880643abf873","local_time":"20190521122607","is_ascension_mode":true,"campfire_choices":[{"data":"Zap","floor":6,"key":"SMITH"},{"data":"Dualcast","floor":8,"key":"SMITH"},{"data":"Conserve Battery","floor":11,"key":"SMITH"},{"data":"White Noise","floor":13,"key":"SMITH"},{"data":"Undo","floor":15,"key":"SMITH"},{"floor":23,"key":"REST"}],"neow_cost":"NO_GOLD","seed_source_timestamp":63992870749119,"circlet_count":0,"master_deck":["Strike_B","Strike_B","Strike_B","Strike_B+1","Defend_B","Defend_B+1","Defend_B","Defend_B","Zap+1","Dualcast+1","Sweeping Beam","Undo+1","Conserve Battery+1","Undo","White Noise+1","Creative AI","Coolheaded+1","Skim","Writhe"],"relics":["Cracked Core","Boot","Thread and Needle","Snecko Eye","Calipers"],"potions_floor_usage":[12,12,16],"damage_taken":[{"damage":4,"enemies":"2 Louse","floor":1,"turns":2},{"damage":8,"enemies":"Small Slimes","floor":4,"turns":4},{"damage":2,"enemies":"Jaw Worm","floor":7,"turns":2},{"damage":4,"enemies":"Looter","floor":10,"turns":3},{"damage":0,"enemies":"3 Sentries","floor":12,"turns":2},{"damage":10,"enemies":"Hexaghost","floor":16,"turns":12},{"damage":27,"enemies":"3 Byrds","floor":18,"turns":6},{"damage":0,"enemies":"Chosen","floor":20,"turns":4},{"damage":59,"enemies":"Book of Stabbing","floor":24,"turns":7}],"seed_played":"8710812702482725857","potions_obtained":[{"floor":4,"key":"Strength Potion"},{"floor":7,"key":"Ancient Potion"},{"floor":10,"key":"AttackPotion"},{"floor":12,"key":"GamblersBrew"},{"floor":20,"key":"SneckoOil"}],"is_trial":false,"path_per_floor":["M","$","?","M","$","R","M","R","T","M","R","E","R","?","R","B",null,"M","?","M","?","?","R","E"],"character_chosen":"DEFECT","items_purchased":[],"campfire_rested":1,"item_purchase_floors":[],"current_hp_per_floor":[78,78,60,52,52,52,50,50,50,46,46,46,46,35,35,25,73,46,46,46,29,29,57,0],"gold":338,"neow_bonus":"TWENTY_PERCENT_HP_BONUS","is_prod":false,"is_daily":false,"chose_seed":false,"campfire_upgraded":5,"win_rate":0,"timestamp":1558459567,"path_taken":["M","$","?","M","$","R","M","R","T","M","R","E","R","?","R","BOSS","M","?","M","?","?","R","E"],"build_version":"2019-01-23","purchased_purges":0,"victory":false,"max_hp_per_floor":[89,89,89,89,89,89,89,89,89,89,89,89,89,89,89,89,89,89,89,89,94,94,94,94],"card_choices":[{"not_picked":["Leap","Tempest"],"picked":"Sweeping Beam","floor":1},{"not_picked":["Gash","Barrage"],"picked":"Undo","floor":4},{"not_picked":["Barrage","Storm"],"picked":"Conserve Battery","floor":7},{"not_picked":["Lockon","Reinforced Body"],"picked":"Undo","floor":10},{"not_picked":["Leap","Storm"],"picked":"White Noise","floor":12},{"not_picked":["Biased Cognition","Reboot"],"picked":"Creative AI","floor":16},{"not_picked":["Redo+1","Hologram+1"],"picked":"Coolheaded+1","floor":18},{"not_picked":["Rebound","Go for the Eyes"],"picked":"Skim","floor":20}],"player_experience":716331,"relics_obtained":[{"floor":9,"key":"Boot"},{"floor":12,"key":"Thread and Needle"}],"event_choices":[{"damage_healed":0,"gold_gain":0,"player_choice":"Entered Light","damage_taken":18,"max_hp_gain":0,"max_hp_loss":0,"event_name":"Shining Light","floor":3,"gold_loss":0,"cards_upgraded":["Strike_B","Defend_B"]},{"damage_healed":0,"gold_gain":75,"player_choice":"Gather Gold","damage_taken":11,"max_hp_gain":0,"max_hp_loss":0,"event_name":"World of Goop","floor":14,"gold_loss":0},{"damage_healed":0,"gold_gain":0,"player_choice":"Ignored","damage_taken":0,"max_hp_gain":0,"max_hp_loss":0,"event_name":"Ghosts","floor":19,"gold_loss":0},{"damage_healed":0,"gold_gain":0,"player_choice":"Shed Blood","damage_taken":22,"max_hp_gain":5,"max_hp_loss":0,"event_name":"Forgotten Altar","floor":21,"gold_loss":0},{"damage_healed":0,"gold_gain":0,"player_choice":"Opened","damage_taken":0,"relics_obtained":["Calipers"],"max_hp_gain":0,"max_hp_loss":0,"event_name":"The Mausoleum","floor":22,"gold_loss":0,"cards_obtained":["Writhe"]}],"is_beta":false,"boss_relics":[{"not_picked":["Philosopher\u0027s Stone","Busted Crown"],"picked":"Snecko Eye"}],"items_purged_floors":[],"is_endless":false,"potions_floor_spawned":[4,7,10,12,20],"killed_by":"Book of Stabbing","ascension_level":6}