{"gold_per_floor":[115,132,207,207,227,227,557,568,568,585,604,631,631,643,643,740,740,756,766,866,866,866,879,879,914,914,946,962,977,977,993,993,1088,1088,1108,986,998,1014,1028,1061,1080,1099,1099,1129,1129,0,0,14,14,14],"floor_reached":51,"playtime":3350,"items_purged":["Strike_R+1"],"score":915,"play_id":"a40b5c1e-b80f-4b2f-94c1-7b676028233b","local_time":"20190521080811","is_ascension_mode":false,"campfire_choices":[{"data":"Bash","floor":6.0,"key":"SMITH"},{"data":"Armaments","floor":13.0,"key":"SMITH"},{"data":"Disarm","floor":15.0,"key":"SMITH"},{"data":"Inflame","floor":24,"key":"SMITH"},{"data":"Clothesline","floor":30,"key":"SMITH"},{"floor":32,"key":"DIG"},{"data":"Limit Break","floor":45,"key":"SMITH"},{"floor":47,"key":"DIG"},{"floor":49,"key":"DIG"}],"neow_cost":"NONE","seed_source_timestamp":42984922925600,"circlet_count":0,"master_deck":["Strike_R+1","Strike_R+1","Defend_R+1","Defend_R+1","Defend_R+1","Defend_R+1","Bash+1","Headbutt","Iron Wave","Shrug It Off","Disarm+1","Clothesline+1","Armaments+1","Power Through","Intimidate","Feed","Armaments+1","Evolve+1","Cleave","Bloodletting","Inflame+1","Clothesline+1","Feel No Pain","Headbutt","Heavy Blade+1","Limit Break+1","Headbutt","Pommel Strike+1","Pommel Strike+1","Whirlwind+1"],"special_seed":0,"relics":["Burning Blood","Mercury Hourglass","Old Coin","Shovel","Shuriken","Mark of Pain","Pocketwatch","Self Forming Clay","Matryoshka","Gremlin Horn","Bronze Scales","Meat on the Bone","Dream Catcher","Busted Crown","Blood Vial","Pen Nib","Calipers","Charon\u0027s Ashes","Red Mask","Art of War","Blue Candle"],"potions_floor_usage":[20,38,50,50],"damage_taken":[{"damage":1.0,"enemies":"Cultist","floor":1.0,"turns":5.0},{"damage":0.0,"enemies":"2 Louse","floor":2.0,"turns":2.0},{"damage":0.0,"enemies":"Small Slimes","floor":5.0,"turns":3.0},{"damage":8.0,"enemies":"3 Sentries","floor":7.0,"turns":6.0},{"damage":1.0,"enemies":"2 Fungi Beasts","floor":8.0,"turns":3.0},{"damage":5.0,"enemies":"Looter","floor":10.0,"turns":3.0},{"damage":13.0,"enemies":"Lots of Slimes","floor":11.0,"turns":3.0},{"damage":13.0,"enemies":"Lagavulin","floor":12.0,"turns":6.0},{"damage":0.0,"enemies":"Large Slime","floor":14.0,"turns":5.0},{"damage":0.0,"enemies":"The Guardian","floor":16.0,"turns":14.0},{"damage":12.0,"enemies":"2 Thieves","floor":18.0,"turns":4.0},{"damage":1.0,"enemies":"Shell Parasite","floor":19.0,"turns":6.0},{"damage":16,"enemies":"Colosseum Slavers","floor":20,"turns":5},{"damage":12,"enemies":"Colosseum Nobs","floor":20,"turns":6},{"damage":2,"enemies":"Chosen and Byrds","floor":23,"turns":5},{"damage":3,"enemies":"Gremlin Leader","floor":25,"turns":6},{"damage":19,"enemies":"Slavers","floor":27,"turns":6},{"damage":15,"enemies":"Snake Plant","floor":28,"turns":4},{"damage":1,"enemies":"Snecko","floor":29,"turns":6},{"damage":0,"enemies":"Chosen and Byrds","floor":31,"turns":7},{"damage":13,"enemies":"Automaton","floor":33,"turns":10},{"damage":9,"enemies":"3 Shapes","floor":35,"turns":3},{"damage":5,"enemies":"3 Darklings","floor":37,"turns":4},{"damage":0,"enemies":"Jaw Worm Horde","floor":38,"turns":4},{"damage":10,"enemies":"4 Shapes","floor":39,"turns":6},{"damage":47,"enemies":"Nemesis","floor":40,"turns":8},{"damage":2,"enemies":"Sphere and 2 Shapes","floor":41,"turns":8},{"damage":8,"enemies":"Writhing Mass","floor":42,"turns":6},{"damage":23,"enemies":"Giant Head","floor":44,"turns":6},{"damage":15,"enemies":"Spire Growth","floor":48,"turns":4},{"damage":25,"enemies":"Time Eater","floor":50,"turns":11}],"seed_played":"7194141996713728085","potions_obtained":[{"floor":2.0,"key":"Fire Potion"},{"floor":10.0,"key":"Dexterity Potion"},{"floor":12.0,"key":"AttackPotion"},{"floor":14.0,"key":"EssenceOfSteel"},{"floor":18.0,"key":"SkillPotion"},{"floor":19,"key":"Fire Potion"},{"floor":29,"key":"EssenceOfSteel"},{"floor":33,"key":"FearPotion"},{"floor":37,"key":"Fire Potion"},{"floor":39,"key":"BloodPotion"},{"floor":40,"key":"PowerPotion"}],"is_trial":false,"path_per_floor":["M","M","?","?","M","R","E","M","T","M","M","E","R","M","R","B",null,"M","M","?","?","?","M","R","E","T","E","M","M","R","M","R","B",null,"M","$","M","M","M","E","M","M","T","E","R","?","R","M","R","B",null],"character_chosen":"IRONCLAD","items_purchased":["Headbutt"],"campfire_rested":0,"item_purchase_floors":[36],"current_hp_per_floor":[80,80,69,69,75,75,73,78,78,79,72,65,65,71,71,77,80,77,85,76,76,76,84,84,91,91,78,69,78,78,88,88,84,112,112,112,117,122,121,80,90,93,93,78,78,78,78,83,83,82],"gold":14,"neow_bonus":"REMOVE_CARD","is_prod":false,"is_daily":false,"chose_seed":false,"campfire_upgraded":6,"win_rate":1,"timestamp":1558451291,"path_taken":["M","M","?","?","M","R","E","M","T","M","M","E","R","M","R","BOSS","M","?","?","?","?","M","R","E","T","E","M","M","R","M","R","BOSS","M","$","M","?","M","E","M","M","T","E","R","?","R","M","R","BOSS"],"build_version":"2019-01-23","purchased_purges":1,"victory":true,"max_hp_per_floor":[80,80,80,80,80,80,80,80,80,80,80,80,80,80,80,80,80,83,86,93,93,93,97,97,101,101,101,101,105,105,109,109,112,112,115,115,119,122,125,125,129,132,132,132,132,132,132,132,132,136],"card_choices":[{"not_picked":["True Grit","Feel No Pain"],"picked":"Headbutt","floor":1.0},{"not_picked":["Havoc","Fire Breathing"],"picked":"Cleave","floor":2.0},{"not_picked":["Heavy Blade","Burning Pact"],"picked":"Iron Wave","floor":5.0},{"not_picked":["Sword Boomerang","Warcry"],"picked":"Shrug It Off","floor":7.0},{"not_picked":["Intimidate","Sword Boomerang"],"picked":"Disarm","floor":8.0},{"not_picked":["Thunderclap","Body Slam"],"picked":"Clothesline","floor":10.0},{"not_picked":["Pommel Strike","Seeing Red"],"picked":"Armaments","floor":11.0},{"not_picked":["Sentinel","Armaments"],"picked":"Power Through","floor":12.0},{"not_picked":["Twin Strike","Iron Wave"],"picked":"Intimidate","floor":14.0},{"not_picked":["Juggernaut","Double Tap"],"picked":"Feed","floor":16.0},{"not_picked":["Clash","Heavy Blade"],"picked":"Armaments+1","floor":18.0},{"not_picked":["Ghostly Armor","Seeing Red"],"picked":"Evolve+1","floor":19},{"not_picked":["Pommel Strike","Perfected Strike+1"],"picked":"Cleave","floor":20},{"not_picked":["Shrug It Off","Uppercut"],"picked":"Inflame","floor":23},{"not_picked":["Brutality","Burning Pact","Iron Wave"],"picked":"SKIP","floor":25},{"not_picked":["Shrug It Off","Sword Boomerang"],"picked":"Clothesline+1","floor":27},{"not_picked":["Rage","Havoc"],"picked":"Feel No Pain","floor":28},{"not_picked":["Havoc","Intimidate"],"picked":"Headbutt","floor":29},{"not_picked":["Warcry","Clothesline"],"picked":"Heavy Blade+1","floor":31},{"not_picked":["Reaper","Juggernaut"],"picked":"Limit Break","floor":33},{"not_picked":["Clash+1"],"picked":"SKIP","floor":35},{"not_picked":["Fire Breathing+1"],"picked":"SKIP","floor":37},{"not_picked":[],"picked":"Pommel Strike+1","floor":38},{"not_picked":["Anger+1"],"picked":"SKIP","floor":39},{"not_picked":[],"picked":"Pommel Strike+1","floor":40},{"not_picked":["Heavy Blade"],"picked":"SKIP","floor":41},{"not_picked":[],"picked":"Whirlwind+1","floor":42},{"not_picked":["Dark Embrace"],"picked":"SKIP","floor":44},{"not_picked":["Cleave+1"],"picked":"SKIP","floor":48}],"player_experience":836459,"relics_obtained":[{"floor":7.0,"key":"Old Coin"},{"floor":9.0,"key":"Shovel"},{"floor":12.0,"key":"Shuriken"},{"floor":20,"key":"Pocketwatch"},{"floor":20,"key":"Self Forming Clay"},{"floor":25,"key":"Matryoshka"},{"floor":26,"key":"Gremlin Horn"},{"floor":26,"key":"Bronze Scales"},{"floor":27,"key":"Meat on the Bone"},{"floor":32,"key":"Dream Catcher"},{"floor":40,"key":"Blood Vial"},{"floor":43,"key":"Pen Nib"},{"floor":43,"key":"Calipers"},{"floor":44,"key":"Charon\u0027s Ashes"},{"floor":47,"key":"Art of War"},{"floor":49,"key":"Blue Candle"}],"event_choices":[{"damage_healed":0.0,"max_hp_gain":0.0,"max_hp_loss":0.0,"gold_gain":75.0,"event_name":"World of Goop","player_choice":"Gather Gold","floor":3.0,"gold_loss":0.0,"damage_taken":11.0},{"cards_removed":["Cleave"],"damage_healed":0.0,"max_hp_gain":0.0,"max_hp_loss":0.0,"gold_gain":0.0,"event_name":"WeMeetAgain","player_choice":"Gave Card","floor":4.0,"gold_loss":0.0,"damage_taken":0.0,"relics_obtained":["Mercury Hourglass"]},{"damage_healed":0,"gold_gain":0,"player_choice":"Fight","damage_taken":0,"max_hp_gain":0,"max_hp_loss":0,"event_name":"Colosseum","floor":20,"gold_loss":0},{"damage_healed":0,"gold_gain":0,"player_choice":"Fought Nobs","damage_taken":0,"max_hp_gain":0,"max_hp_loss":0,"event_name":"Colosseum","floor":20,"gold_loss":0},{"damage_healed":0,"gold_gain":0,"player_choice":"Simplicity","damage_taken":0,"max_hp_gain":0,"max_hp_loss":0,"event_name":"Back to Basics","floor":21,"gold_loss":0,"cards_upgraded":["Strike_R","Strike_R","Strike_R","Strike_R","Defend_R","Defend_R","Defend_R","Defend_R"]},{"damage_healed":0,"gold_gain":0,"cards_transformed":["Strike_R"],"player_choice":"Transformed","damage_taken":0,"max_hp_gain":0,"max_hp_loss":0,"event_name":"Transmorgrifier","floor":22,"gold_loss":0,"cards_obtained":["Bloodletting"]},{"damage_healed":0,"gold_gain":0,"player_choice":"Paid","damage_taken":0,"relics_obtained":["Red Mask"],"max_hp_gain":0,"max_hp_loss":0,"event_name":"Tomb of Lord Red Mask","floor":46,"gold_loss":1129}],"is_beta":false,"boss_relics":[{"not_picked":["Runic Dome","Pandora\u0027s Box"],"picked":"Mark of Pain"},{"not_picked":["Eternal Feather","White Beast Statue"],"picked":"Busted Crown"}],"items_purged_floors":[36],"is_endless":false,"potions_floor_spawned":[2,10,12,14,18,19,29,33,37,39,40,44],"ascension_level":0}