{"gold_per_floor":[113,113,129,141,66,101,101,101,101,176,351,18,36,67,67,171,171,188,206,35,46,81,81,110,110,159,74,74,86,86,106,106,203,203,214,436,436,536,536,536],"floor_reached":40,"playtime":5263,"items_purged":["Strike_G","Doubt"],"score":497,"play_id":"980608ed-3713-43c5-9934-b9ee4db3194b","local_time":"20181223194146","is_ascension_mode":true,"campfire_choices":[{"floor":8,"key":"REST"},{"data":"Footwork","floor":15,"key":"SMITH"},{"floor":23,"key":"REST"},{"floor":25,"key":"REST"},{"data":"Envenom","floor":30,"key":"SMITH"},{"floor":32,"key":"REST"}],"neow_cost":"NONE","seed_source_timestamp":162598190444488,"circlet_count":0,"master_deck":["Defend_G","Defend_G","Defend_G","Defend_G","Defend_G","Strike_G","Strike_G","Survivor","Neutralize","Slice","Endless Agony","Dagger Spray","Dodge and Roll","Infinite Blades","Footwork+1","Infinite Blades","Envenom+1","Decay","Regret","Decay","Cloak And Dagger","Adrenaline","Dodge and Roll","Cloak And Dagger","Noxious Fumes+1","Well Laid Plans","Night Terror","Backflip","Madness","Madness","Deflect+1","Bouncing Flask"],"relics":["Ring of the Snake","NeowsBlessing","Calipers","Du-Vu Doll","Singing Bowl","Shuriken","Bottled Lightning","Calling Bell","Centennial Puzzle","Ninja Scroll","StoneCalendar","Red Mask","Sundial","Potion Belt","Gambling Chip","Eternal Feather","Prayer Wheel"],"potions_floor_usage":[6,16,22,24,31,33,33,33],"damage_taken":[{"damage":0,"enemies":"2 Louse","floor":1,"turns":1},{"damage":0,"enemies":"Cultist","floor":3,"turns":1},{"damage":0,"enemies":"Small Slimes","floor":4,"turns":1},{"damage":32,"enemies":"Gremlin Nob","floor":6,"turns":5},{"damage":6,"enemies":"3 Louse","floor":13,"turns":2},{"damage":7,"enemies":"Lagavulin","floor":14,"turns":5},{"damage":33,"enemies":"The Guardian","floor":16,"turns":10},{"damage":2,"enemies":"3 Byrds","floor":18,"turns":3},{"damage":12,"enemies":"Shell Parasite","floor":19,"turns":3},{"damage":7,"enemies":"Centurion and Healer","floor":21,"turns":7},{"damage":6,"enemies":"Masked Bandits","floor":22,"turns":3},{"damage":37,"enemies":"Slavers","floor":24,"turns":4},{"damage":5,"enemies":"Snecko","floor":29,"turns":3},{"damage":16,"enemies":"Shelled Parasite and Fungi","floor":31,"turns":3},{"damage":23,"enemies":"Collector","floor":33,"turns":7},{"damage":30,"enemies":"3 Shapes","floor":35,"turns":4},{"damage":25,"enemies":"Mind Bloom Boss Battle","floor":38,"turns":7},{"damage":39,"enemies":"Nemesis","floor":40,"turns":3}],"seed_played":"1163094035216656305","potions_obtained":[{"floor":4,"key":"Strength Potion"},{"floor":6,"key":"Ancient Potion"},{"floor":18,"key":"SkillPotion"},{"floor":22,"key":"EntropicBrew"},{"floor":24,"key":"SkillPotion"},{"floor":31,"key":"Block Potion"}],"is_trial":false,"path_per_floor":["M","?","M","M","$","E","T","R","T","?","?","$","M","E","R","B",null,"M","M","$","M","?","R","E","R","T","?","$","M","R","M","R","B",null,"M","?","?","?","?","E"],"character_chosen":"THE_SILENT","items_purchased":["Shuriken","Footwork","Adrenaline"],"campfire_rested":4,"item_purchase_floors":[12,12,20],"current_hp_per_floor":[70,70,70,70,70,38,38,59,59,48,48,48,44,37,37,4,72,72,60,60,53,47,69,32,54,54,54,54,51,51,35,57,34,76,46,46,36,11,11,0],"gold":536,"neow_bonus":"THREE_ENEMY_KILL","is_prod":false,"is_daily":false,"chose_seed":false,"campfire_upgraded":2,"win_rate":0,"timestamp":1545615706,"path_taken":["M","?","?","M","$","E","?","R","T","?","?","?","M","E","R","BOSS","M","M","$","M","?","R","E","R","T","?","$","M","R","M","R","BOSS","M","?","?","?","?","E"],"build_version":"2018-12-20","purchased_purges":2,"victory":false,"max_hp_per_floor":[70,70,70,70,70,70,70,70,70,70,70,70,72,72,72,72,72,74,74,74,74,74,74,74,74,74,74,74,76,76,76,76,76,76,76,76,76,76,76,76],"card_choices":[{"not_picked":["Dodge and Roll","Predator"],"picked":"Slice","floor":1},{"not_picked":["Blur","Outmaneuver"],"picked":"Dagger Spray","floor":3},{"not_picked":["Deadly Poison","Skewer"],"picked":"Dodge and Roll","floor":4},{"not_picked":["Slice","Blade Dance"],"picked":"Infinite Blades","floor":6},{"not_picked":["Quick Slash","Dodge and Roll","Underhanded Strike"],"picked":"Singing Bowl","floor":13},{"not_picked":["Flying Knee","Bouncing Flask"],"picked":"Infinite Blades","floor":14},{"not_picked":["Bullet Time","Tools of the Trade"],"picked":"Envenom","floor":16},{"not_picked":["PiercingWail+1","Dodge and Roll","Poisoned Stab"],"picked":"Singing Bowl","floor":18},{"not_picked":["Leg Sweep","Reflex"],"picked":"Cloak And Dagger","floor":19},{"not_picked":["Dagger Throw","Bane"],"picked":"Dodge and Roll","floor":21},{"not_picked":["Masterful Stab","Venomology"],"picked":"Cloak And Dagger","floor":22},{"not_picked":["Calculated Gamble+1","Dagger Spray"],"picked":"Noxious Fumes+1","floor":24},{"not_picked":["Flying Knee","Dagger Throw","Dodge and Roll+1"],"picked":"Singing Bowl","floor":29},{"not_picked":["Setup","Dagger Spray"],"picked":"Well Laid Plans","floor":31},{"not_picked":["Wraith Form v2","Unload"],"picked":"Night Terror","floor":33},{"not_picked":["Expertise","Blade Dance"],"picked":"Backflip","floor":35},{"not_picked":["Deadly Poison+1","Heel Hook+1"],"picked":"Deflect+1","floor":38}],"player_experience":206476,"relics_obtained":[{"floor":6,"key":"Calipers"},{"floor":7,"key":"Du-Vu Doll"},{"floor":9,"key":"Singing Bowl"},{"floor":14,"key":"Bottled Lightning"},{"floor":17,"key":"Centennial Puzzle"},{"floor":17,"key":"Ninja Scroll"},{"floor":17,"key":"StoneCalendar"},{"floor":22,"key":"Red Mask"},{"floor":24,"key":"Sundial"},{"floor":26,"key":"Potion Belt"},{"floor":38,"key":"Prayer Wheel"}],"event_choices":[{"damage_healed":0,"gold_gain":0,"cards_transformed":["Strike_G"],"player_choice":"Transformed","damage_taken":0,"max_hp_gain":0,"max_hp_loss":0,"event_name":"Transmorgrifier","floor":2,"gold_loss":0,"cards_obtained":["Endless Agony"]},{"damage_healed":0,"gold_gain":75,"player_choice":"Gather Gold","damage_taken":11,"max_hp_gain":0,"max_hp_loss":0,"event_name":"World of Goop","floor":10,"gold_loss":0},{"damage_healed":0,"gold_gain":175,"player_choice":"AGREE","damage_taken":0,"max_hp_gain":0,"max_hp_loss":0,"event_name":"Liars Game","floor":11,"gold_loss":0,"cards_obtained":["Doubt"]},{"damage_healed":0,"gold_gain":0,"player_choice":"Fought Bandits","damage_taken":0,"max_hp_gain":0,"max_hp_loss":0,"event_name":"Masked Bandits","floor":22,"gold_loss":0},{"damage_healed":0,"gold_gain":0,"player_choice":"Obtained Relic","damage_taken":0,"relics_obtained":["Gambling Chip"],"max_hp_gain":0,"max_hp_loss":0,"event_name":"Addict","floor":27,"gold_loss":85},{"damage_healed":0,"gold_gain":222,"player_choice":"Wore Mask","damage_taken":0,"max_hp_gain":0,"max_hp_loss":0,"event_name":"Tomb of Lord Red Mask","floor":36,"gold_loss":0},{"damage_healed":0,"gold_gain":0,"player_choice":"Embrace Madness","damage_taken":10,"max_hp_gain":0,"max_hp_loss":0,"event_name":"Winding Halls","floor":37,"gold_loss":0,"cards_obtained":["Madness","Madness"]},{"damage_healed":0,"gold_gain":0,"player_choice":"Fight","damage_taken":0,"max_hp_gain":0,"max_hp_loss":0,"event_name":"MindBloom","floor":38,"gold_loss":0},{"damage_healed":0,"gold_gain":0,"cards_transformed":["Strike_G"],"player_choice":"Transformed","damage_taken":0,"max_hp_gain":0,"max_hp_loss":0,"event_name":"Transmorgrifier","floor":39,"gold_loss":0,"cards_obtained":["Bouncing Flask"]}],"is_beta":false,"boss_relics":[{"not_picked":["Busted Crown","Philosopher\u0027s Stone"],"picked":"Calling Bell"},{"not_picked":["Runic Dome","Coffee Dripper"],"picked":"Eternal Feather"}],"items_purged_floors":[5,20],"is_endless":false,"potions_floor_spawned":[4,6,18,22,24,31],"killed_by":"Nemesis","ascension_level":3}