{"gold_per_floor":[110,110,120,120,45,70,70,103,154,183,208,254,266,298,310,397,409,432,456,72,72,72],"floor_reached":22,"playtime":1078,"items_purged":["Strike_R","Strike_R"],"score":401,"play_id":"4e3815c2-a91b-4578-ab24-d59a0fd0a564","local_time":"20190520092100","is_ascension_mode":true,"campfire_choices":[{"data":"Metallicize","floor":7,"key":"SMITH"},{"data":"Body Slam","floor":13,"key":"SMITH"},{"data":"Double Tap","floor":15,"key":"SMITH"}],"neow_cost":"NONE","seed_source_timestamp":4390971519531451,"circlet_count":0,"master_deck":["AscendersBane","Strike_R","Strike_R","Defend_R","Defend_R","Defend_R","Defend_R","Bash","Clothesline","Burning Pact","Impervious","Metallicize+1","Body Slam","Body Slam+1","Double Tap+1","Demon Form","Flame Barrier","Metallicize","Mayhem+1","Ghostly Armor"],"relics":["Black Blood","NeowsBlessing","Mango","Bag of Marbles","Matryoshka","MawBank","Happy Flower","PreservedInsect"],"potions_floor_usage":[8,22,22],"damage_taken":[{"damage":0,"enemies":"Cultist","floor":1,"turns":1},{"damage":0,"enemies":"Jaw Worm","floor":3,"turns":1},{"damage":0,"enemies":"3 Sentries","floor":6,"turns":2},{"damage":27,"enemies":"Lagavulin","floor":8,"turns":6},{"damage":9,"enemies":"2 Louse","floor":10,"turns":3},{"damage":5,"enemies":"Red Slaver","floor":11,"turns":6},{"damage":17,"enemies":"Gremlin Nob","floor":12,"turns":5},{"damage":1,"enemies":"Looter","floor":14,"turns":4},{"damage":27,"enemies":"Hexaghost","floor":16,"turns":11},{"damage":22,"enemies":"Chosen","floor":18,"turns":5},{"damage":15,"enemies":"Shell Parasite","floor":19,"turns":8},{"damage":65,"enemies":"Centurion and Healer","floor":22,"turns":8}],"seed_played":"9134549735903643459","potions_obtained":[{"floor":6,"key":"AttackPotion"},{"floor":10,"key":"Poison Potion"},{"floor":11,"key":"Poison Potion"}],"is_trial":false,"path_per_floor":["M","T","M","?","$","E","R","E","T","M","M","E","R","M","R","B",null,"M","M","$","?","M"],"character_chosen":"IRONCLAD","items_purchased":["Metallicize","Mayhem","Ghostly Armor"],"campfire_rested":0,"item_purchase_floors":[20,20,20],"current_hp_per_floor":[74,88,89,89,89,89,89,68,68,65,66,55,55,60,60,39,77,65,60,60,60,0],"gold":72,"neow_bonus":"THREE_ENEMY_KILL","is_prod":false,"is_daily":false,"chose_seed":false,"campfire_upgraded":3,"win_rate":0,"timestamp":1558336860,"path_taken":["M","?","?","?","$","E","R","E","T","M","?","E","R","M","R","BOSS","M","M","$","?","M"],"build_version":"2019-01-23","purchased_purges":2,"victory":false,"max_hp_per_floor":[75,89,89,89,89,89,89,89,89,89,89,89,89,89,89,89,89,89,89,89,89,89],"card_choices":[{"not_picked":["Armaments","Pummel"],"picked":"Clothesline","floor":1},{"not_picked":["Havoc","Sword Boomerang"],"picked":"Burning Pact","floor":3},{"not_picked":["Fiend Fire","Heavy Blade"],"picked":"Metallicize","floor":6},{"not_picked":["Double Tap","Dropkick"],"picked":"Body Slam","floor":8},{"not_picked":["Wild Strike","True Grit"],"picked":"Body Slam","floor":10},{"not_picked":["Wild Strike","Thunderclap","Pommel Strike"],"picked":"SKIP","floor":11},{"not_picked":["Seeing Red","Sever Soul","Uppercut"],"picked":"SKIP","floor":12},{"not_picked":["Hemokinesis","Thunderclap"],"picked":"Double Tap","floor":14},{"not_picked":["Limit Break","Feed"],"picked":"Demon Form","floor":16},{"not_picked":["Havoc","Evolve"],"picked":"Flame Barrier","floor":18},{"not_picked":["Clothesline","Anger+1","Perfected Strike"],"picked":"SKIP","floor":19}],"player_experience":567487,"relics_obtained":[{"floor":2,"key":"Mango"},{"floor":6,"key":"Bag of Marbles"},{"floor":8,"key":"Matryoshka"},{"floor":9,"key":"MawBank"},{"floor":9,"key":"Happy Flower"},{"floor":12,"key":"PreservedInsect"}],"event_choices":[{"damage_healed":0,"gold_gain":0,"cards_transformed":["Strike_R"],"player_choice":"Transformed","damage_taken":0,"max_hp_gain":0,"max_hp_loss":0,"event_name":"Transmorgrifier","floor":4,"gold_loss":0,"cards_obtained":["Impervious"]},{"damage_healed":0,"gold_gain":0,"player_choice":"Upgraded","damage_taken":0,"max_hp_gain":0,"max_hp_loss":0,"event_name":"Upgrade Shrine","floor":21,"gold_loss":0,"cards_upgraded":["Mayhem"]}],"is_beta":false,"boss_relics":[{"not_picked":["White Beast Statue","Calling Bell"],"picked":"Black Blood"}],"items_purged_floors":[5,20],"is_endless":false,"potions_floor_spawned":[6,10,11,14,19],"killed_by":"Centurion and Healer","ascension_level":15}