{"gold_per_floor":[118,133,153,153,328,328,344,360,383,402,402,419,419,419,419,519,519,444,459,459],"floor_reached":20,"playtime":1623,"items_purged":[],"score":232,"play_id":"15a14cc1-a0d9-4c14-9633-faae469e5e1b","local_time":"20190127092356","is_ascension_mode":true,"campfire_choices":[{"data":"Capacitor","floor":6,"key":"SMITH"},{"floor":11,"key":"REST"},{"floor":13,"key":"REST"},{"data":"Rainbow","floor":15,"key":"SMITH"}],"neow_cost":"CURSE","seed_source_timestamp":313029557133632,"circlet_count":0,"master_deck":["Strike_B","Strike_B","Strike_B","Defend_B","Defend_B","Defend_B","Defend_B","Zap","Dualcast","Flash of Steel","Bandage Up","Capacitor+1","FTL","Genetic Algorithm","Doubt","Coolheaded","Rainbow+1","Cold Snap","Blizzard","Echo Form","Loop","Darkness+1"],"relics":["Cracked Core","Regal Pillow","Eternal Feather"],"potions_floor_usage":[10,20,20,20],"damage_taken":[{"damage":11,"enemies":"Jaw Worm","floor":1,"turns":4},{"damage":0,"enemies":"2 Louse","floor":2,"turns":2},{"damage":0,"enemies":"Cultist","floor":3,"turns":3},{"damage":15,"enemies":"Looter","floor":7,"turns":4},{"damage":27,"enemies":"Exordium Thugs","floor":8,"turns":7},{"damage":23,"enemies":"Large Slime","floor":10,"turns":8},{"damage":12,"enemies":"Red Slaver","floor":12,"turns":3},{"damage":28,"enemies":"The Guardian","floor":16,"turns":12},{"damage":26,"enemies":"2 Thieves","floor":18,"turns":5},{"damage":28,"enemies":"Chosen","floor":19,"turns":8},{"damage":29,"enemies":"Masked Bandits","floor":20,"turns":3}],"seed_played":"244248659007635030","potions_obtained":[{"floor":1,"key":"Poison Potion"},{"floor":2,"key":"SkillPotion"},{"floor":10,"key":"Dexterity Potion"},{"floor":12,"key":"Poison Potion"}],"is_trial":false,"path_per_floor":["M","M","M","?","?","R","M","M","T","M","R","M","R","?","R","B",null,"M","M","?"],"character_chosen":"DEFECT","items_purchased":[],"campfire_rested":2,"item_purchase_floors":[],"current_hp_per_floor":[61,61,65,58,58,58,47,24,24,5,42,34,71,71,71,47,68,46,22,0],"gold":459,"neow_bonus":"RANDOM_COLORLESS_2","is_prod":false,"is_daily":false,"chose_seed":false,"campfire_upgraded":2,"win_rate":0,"timestamp":1548599036,"path_taken":["M","M","M","?","?","R","M","M","T","M","R","M","R","?","R","BOSS","M","M","?"],"build_version":"2019-01-23","purchased_purges":0,"victory":false,"max_hp_per_floor":[75,75,75,75,75,75,75,75,75,75,75,75,75,75,75,75,75,75,75,75],"card_choices":[{"not_picked":["Glacier","Coolheaded"],"picked":"Capacitor","floor":1},{"not_picked":["Stack","Beam Cell"],"picked":"FTL","floor":2},{"not_picked":["Hologram","Go for the Eyes"],"picked":"Genetic Algorithm","floor":3},{"not_picked":["Compile Driver","Redo"],"picked":"Coolheaded","floor":7},{"not_picked":["Rebound","Leap"],"picked":"Rainbow","floor":8},{"not_picked":["Hologram","Scrape"],"picked":"Cold Snap","floor":10},{"not_picked":["Loop","Conserve Battery"],"picked":"Blizzard","floor":12},{"not_picked":["Hyperbeam","Amplify"],"picked":"Echo Form","floor":16},{"not_picked":["Conserve Battery","Steam+1"],"picked":"Loop","floor":18},{"not_picked":["Loop","Rebound"],"picked":"Darkness+1","floor":19}],"player_experience":2029339,"relics_obtained":[{"floor":9,"key":"Regal Pillow"}],"event_choices":[{"cards_removed":["Decay"],"damage_healed":0,"gold_gain":0,"player_choice":"Card Removal","damage_taken":7,"max_hp_gain":0,"max_hp_loss":0,"event_name":"Golden Wing","floor":4,"gold_loss":0},{"damage_healed":0,"gold_gain":175,"player_choice":"AGREE","damage_taken":0,"max_hp_gain":0,"max_hp_loss":0,"event_name":"Liars Game","floor":5,"gold_loss":0,"cards_obtained":["Doubt"]},{"cards_removed":["Strike_B"],"damage_healed":0,"gold_gain":0,"player_choice":"Offered Basic","damage_taken":0,"max_hp_gain":0,"max_hp_loss":0,"event_name":"Bonfire Elementals","floor":14,"gold_loss":0},{"damage_healed":0,"gold_gain":0,"player_choice":"Fought Bandits","damage_taken":0,"max_hp_gain":0,"max_hp_loss":0,"event_name":"Masked Bandits","floor":20,"gold_loss":0}],"is_beta":false,"boss_relics":[{"not_picked":["Ectoplasm","Runic Pyramid"],"picked":"Eternal Feather"}],"items_purged_floors":[],"is_endless":false,"potions_floor_spawned":[1,2,10,12],"killed_by":"Masked Bandits","ascension_level":8}