{"gold_per_floor":[119,119,194,210,34,64,75,75,75,88,98,117,136,163,163,261,261,278,278,296,24,41,41],"floor_reached":23,"playtime":1410,"items_purged":["Strike_R"],"score":205,"play_id":"93b3e4d7-4cdc-425a-951f-e2a5a1e078d3","local_time":"20180715014413","is_ascension_mode":false,"campfire_choices":[{"data":"Armaments","floor":8,"key":"SMITH"},{"data":"Body Slam","floor":15,"key":"SMITH"}],"neow_cost":"NONE","seed_source_timestamp":256540490791996,"circlet_count":0,"master_deck":["Strike_R","Strike_R","Strike_R","Strike_R","Defend_R","Defend_R","Defend_R","Defend_R","Bash","Iron Wave","Wild Strike","Fire Breathing","Body Slam+1","Pommel Strike","Armaments+1","Body Slam","Bloodletting","Combust","Juggernaut","Evolve","Rupture"],"relics":["Burning Blood","Mercury Hourglass","Gambling Chip","Meat on the Bone","Juzu Bracelet","Philosopher\u0027s Stone","HandDrill"],"potions_floor_usage":[11,14,16,16,23],"damage_taken":[{"damage":4,"enemies":"Small Slimes","floor":1,"turns":4},{"damage":1,"enemies":"2 Louse","floor":4,"turns":2},{"damage":15,"enemies":"Gremlin Nob","floor":6,"turns":4},{"damage":1,"enemies":"Cultist","floor":7,"turns":3},{"damage":0,"enemies":"Looter","floor":10,"turns":2},{"damage":1,"enemies":"Red Slaver","floor":11,"turns":3},{"damage":3,"enemies":"3 Louse","floor":12,"turns":3},{"damage":5,"enemies":"2 Fungi Beasts","floor":13,"turns":3},{"damage":16,"enemies":"Lagavulin","floor":14,"turns":5},{"damage":57,"enemies":"The Guardian","floor":16,"turns":10},{"damage":29,"enemies":"2 Thieves","floor":18,"turns":3},{"damage":11,"enemies":"Chosen","floor":20,"turns":4},{"damage":26,"enemies":"Centurion and Healer","floor":22,"turns":5},{"damage":76,"enemies":"Gremlin Leader","floor":23,"turns":5}],"seed_played":"-8013495635155172724","potions_obtained":[{"floor":1,"key":"Regen Potion"},{"floor":6,"key":"Fruit Juice"},{"floor":7,"key":"Fire Potion"},{"floor":11,"key":"Regen Potion"},{"floor":14,"key":"Dexterity Potion"}],"is_trial":false,"path_per_floor":["M","?","?","M","$","E","M","R","T","M","M","M","M","E","R","B",null,"M","?","M","$","M"],"character_chosen":"IRONCLAD","items_purchased":["Fire Breathing","Body Slam","HandDrill","Rupture"],"campfire_rested":0,"item_purchase_floors":[5,5,21,21],"current_hp_per_floor":[88,70,59,64,64,55,60,60,60,66,76,79,80,79,79,55,93,70,93,88,88,68,0],"gold":41,"neow_bonus":"TEN_PERCENT_HP_BONUS","is_prod":false,"is_daily":false,"chose_seed":false,"campfire_upgraded":2,"win_rate":0,"timestamp":1531633453,"path_taken":["M","?","?","M","$","E","M","R","T","M","M","M","M","E","R","BOSS","M","?","M","$","M","E"],"build_version":"2018-07-12","purchased_purges":1,"victory":false,"max_hp_per_floor":[88,88,88,88,88,88,88,88,88,88,93,93,93,93,93,93,93,93,93,93,93,93,93],"card_choices":[{"not_picked":["Clothesline","Perfected Strike"],"picked":"Iron Wave","floor":1},{"not_picked":["Flame Barrier","Havoc"],"picked":"Wild Strike","floor":4},{"not_picked":["Iron Wave","Sentinel"],"picked":"Pommel Strike","floor":6},{"not_picked":["Flex","Body Slam"],"picked":"Armaments","floor":7},{"not_picked":["Cleave","Perfected Strike","Sever Soul"],"picked":"SKIP","floor":10},{"not_picked":["Shockwave","Armaments"],"picked":"Body Slam","floor":11},{"not_picked":["Limit Break","Perfected Strike","Havoc"],"picked":"SKIP","floor":12},{"not_picked":["Anger","Armaments"],"picked":"Bloodletting","floor":13},{"not_picked":["Heavy Blade","Pommel Strike"],"picked":"Combust","floor":14},{"not_picked":["Exhume","Brutality"],"picked":"Juggernaut","floor":16},{"not_picked":["Anger","Armaments","Warcry+1"],"picked":"SKIP","floor":18},{"not_picked":["Flex","Thunderclap"],"picked":"Evolve","floor":20},{"not_picked":["Corruption+1","Cleave","Evolve"],"picked":"SKIP","floor":22}],"player_experience":266234,"relics_obtained":[{"floor":6,"key":"Gambling Chip"},{"floor":9,"key":"Meat on the Bone"},{"floor":14,"key":"Juzu Bracelet"}],"event_choices":[{"event_name":"Scrap Ooze","player_choice":"success","floor":2,"damage_taken":18},{"event_name":"World of Goop","player_choice":"Gather Gold","floor":3,"damage_taken":0},{"event_name":"Wheel of Change","player_choice":"Full Heal","floor":19,"damage_taken":0}],"boss_relics":[{"not_picked":["Orrery","Lizard Tail"],"picked":"Philosopher\u0027s Stone"}],"items_purged_floors":[5],"is_endless":false,"potions_floor_spawned":[1,6,7,11,14],"killed_by":"Gremlin Leader","ascension_level":0}