{"gold_per_floor":[117,42,52,52,62,62,73,101,127,142,161,178,178,193,193,291,291,311,323,323,334,334],"floor_reached":22,"playtime":1098,"items_purged":["Defend_R"],"score":288,"play_id":"39bd30d9-8fa7-4cf3-8ee7-68ca5a52b745","local_time":"20190112151519","is_ascension_mode":true,"campfire_choices":[{"data":"Clothesline","floor":6,"key":"SMITH"},{"data":"Armaments","floor":13,"key":"SMITH"},{"floor":15,"key":"REST"}],"neow_cost":"CURSE","seed_source_timestamp":53464892455750,"circlet_count":0,"master_deck":["AscendersBane","Strike_R","Strike_R","Strike_R","Strike_R","Strike_R","Defend_R","Defend_R","Defend_R","Bash","Injury","Demon Form","Ghostly Armor","Clothesline+1","Twin Strike","Cleave","Armaments+1","Metallicize","Thunderclap","Heavy Blade","Offering","True Grit+1","Bash","Heavy Blade+1"],"relics":["Black Blood","Bag of Marbles","Anchor"],"potions_floor_usage":[4,10,18,21,22,22],"damage_taken":[{"damage":19,"enemies":"Jaw Worm","floor":1,"turns":5},{"damage":10,"enemies":"Cultist","floor":3,"turns":5},{"damage":0,"enemies":"2 Louse","floor":5,"turns":4},{"damage":13,"enemies":"Blue Slaver","floor":7,"turns":5},{"damage":20,"enemies":"Lagavulin","floor":8,"turns":7},{"damage":6,"enemies":"Looter","floor":10,"turns":3},{"damage":4,"enemies":"Large Slime","floor":11,"turns":7},{"damage":7,"enemies":"Exordium Thugs","floor":12,"turns":4},{"damage":13,"enemies":"Blue Slaver","floor":14,"turns":3},{"damage":25,"enemies":"Slime Boss","floor":16,"turns":9},{"damage":27,"enemies":"2 Thieves","floor":18,"turns":4},{"damage":25,"enemies":"Shell Parasite","floor":19,"turns":7},{"damage":30,"enemies":"Cultist and Chosen","floor":21,"turns":8},{"damage":34,"enemies":"Snecko","floor":22,"turns":4}],"seed_played":"-8655181199241566054","potions_obtained":[{"floor":4,"key":"AttackPotion"},{"floor":4,"key":"LiquidBronze"},{"floor":4,"key":"Fruit Juice"},{"floor":5,"key":"Regen Potion"},{"floor":11,"key":"PowerPotion"},{"floor":21,"key":"LiquidBronze"}],"is_trial":false,"path_per_floor":["M","$","M","?","M","R","M","E","T","M","M","M","R","M","R","B",null,"M","M","?","M","M"],"character_chosen":"IRONCLAD","items_purchased":[],"campfire_rested":1,"item_purchase_floors":[],"current_hp_per_floor":[59,59,55,60,66,66,59,45,45,45,47,46,46,39,64,45,75,58,43,43,23,0],"gold":334,"neow_bonus":"THREE_RARE_CARDS","is_prod":false,"is_daily":false,"chose_seed":false,"campfire_upgraded":2,"win_rate":0,"timestamp":1547324119,"path_taken":["M","$","M","?","?","R","M","E","T","M","M","M","R","M","R","BOSS","M","M","?","M","M"],"build_version":"2019-01-10","purchased_purges":1,"victory":false,"max_hp_per_floor":[80,80,80,85,85,85,85,85,85,85,85,85,85,85,85,85,85,85,85,85,85,85],"card_choices":[{"not_picked":["Offering","Berserk"],"picked":"Demon Form","floor":0},{"not_picked":["Perfected Strike","Headbutt"],"picked":"Ghostly Armor","floor":1},{"not_picked":["Perfected Strike","Warcry"],"picked":"Clothesline","floor":3},{"not_picked":["Flex","Havoc"],"picked":"Twin Strike","floor":5},{"not_picked":["Body Slam","Exhume"],"picked":"Cleave","floor":7},{"not_picked":["Twin Strike","Reckless Charge"],"picked":"Armaments","floor":8},{"not_picked":["Combust","Rage"],"picked":"Metallicize","floor":10},{"not_picked":["Searing Blow","Clash","Cleave"],"picked":"SKIP","floor":11},{"not_picked":["Cleave","Rampage"],"picked":"Thunderclap","floor":12},{"not_picked":["Impervious","Perfected Strike"],"picked":"Heavy Blade","floor":14},{"not_picked":["Berserk","Feed"],"picked":"Offering","floor":16},{"not_picked":["Rage+1","Pummel+1"],"picked":"True Grit+1","floor":18},{"not_picked":["Intimidate","Inflame","Power Through"],"picked":"SKIP","floor":19},{"not_picked":["Shrug It Off","Sword Boomerang+1"],"picked":"Heavy Blade+1","floor":21}],"player_experience":1739116,"relics_obtained":[{"floor":8,"key":"Bag of Marbles"},{"floor":9,"key":"Anchor"}],"event_choices":[{"damage_healed":0,"gold_gain":0,"player_choice":"Got Potions","damage_taken":0,"max_hp_gain":0,"max_hp_loss":0,"event_name":"Lab","floor":4,"gold_loss":0},{"damage_healed":0,"gold_gain":0,"player_choice":"1 cards matched","damage_taken":0,"max_hp_gain":0,"max_hp_loss":0,"event_name":"Match and Keep!","floor":20,"gold_loss":0,"cards_obtained":["Bash"]}],"is_beta":false,"boss_relics":[{"not_picked":["Velvet Choker","Coffee Dripper"],"picked":"Black Blood"}],"items_purged_floors":[2],"is_endless":false,"potions_floor_spawned":[5,8,11,16,21],"killed_by":"Snecko","ascension_level":10}