{"gold_per_floor":[111,40,40,51,51,51,65,42,42,62,62,80,50,13,13,118,118,137,137,151,167,179,179,195,195],"floor_reached":25,"playtime":3662,"items_purged":[],"score":290,"play_id":"f88f9cc1-c369-40aa-b6a1-47d6dc1bdc67","local_time":"20190308004318","is_ascension_mode":true,"campfire_choices":[{"data":"Leg Sweep","floor":6.0,"key":"SMITH"},{"data":"Outmaneuver","floor":11.0,"key":"SMITH"},{"floor":15.0,"key":"REST"},{"floor":23,"key":"REST"}],"neow_cost":"NONE","seed_source_timestamp":0,"circlet_count":0,"master_deck":["AscendersBane","Defend_G+1","Defend_G+1","Defend_G+1","Defend_G+1","Defend_G+1","Strike_G+1","Strike_G+1","Strike_G+1","Strike_G+1","Survivor","Neutralize","Deadly Poison","Backflip","Noxious Fumes+1","Leg Sweep+1","Acrobatics","PiercingWail","Outmaneuver+1","Terror","Terror","Footwork","Night Terror","Calculated Gamble","Backstab","Catalyst","Poisoned Stab"],"special_seed":0,"relics":["Ring of the Snake","Ornamental Fan","Odd Mushroom","Runic Pyramid"],"potions_floor_usage":[25],"damage_taken":[{"damage":5.0,"enemies":"Jaw Worm","floor":1.0,"turns":5.0},{"damage":0.0,"enemies":"Cultist","floor":4.0,"turns":4.0},{"damage":0.0,"enemies":"Small Slimes","floor":7.0,"turns":5.0},{"damage":2.0,"enemies":"The Mushroom Lair","floor":10.0,"turns":5.0},{"damage":26.0,"enemies":"Exordium Thugs","floor":12.0,"turns":5.0},{"damage":0.0,"enemies":"Looter","floor":13.0,"turns":4.0},{"damage":22.0,"enemies":"Slime Boss","floor":16.0,"turns":12.0},{"damage":13.0,"enemies":"Chosen","floor":18.0,"turns":7.0},{"damage":8.0,"enemies":"Spheric Guardian","floor":20.0,"turns":7.0},{"damage":13,"enemies":"Centurion and Healer","floor":21,"turns":7},{"damage":6,"enemies":"Chosen and Byrds","floor":22,"turns":8},{"damage":10,"enemies":"Snake Plant","floor":24,"turns":6},{"damage":29,"enemies":"Gremlin Leader","floor":25,"turns":3}],"seed_played":"-5980051644961597900","potions_obtained":[{"floor":4.0,"key":"Fire Potion"},{"floor":7.0,"key":"SpeedPotion"},{"floor":21,"key":"Poison Potion"},{"floor":24,"key":"LiquidBronze"}],"is_trial":false,"path_per_floor":["M","$","?","M","?","R","M","$","T","?","R","M","M","$","R","B",null,"M","?","M","M","M","R","M","E"],"character_chosen":"THE_SILENT","items_purchased":["Noxious Fumes","PiercingWail","Footwork"],"campfire_rested":2,"item_purchase_floors":[2,8,14],"current_hp_per_floor":[58,58,58,58,51,51,51,51,51,49,49,23,23,23,44,22,58,45,45,37,24,18,39,29,0],"gold":195,"neow_bonus":"THREE_CARDS","is_prod":false,"is_daily":false,"chose_seed":false,"campfire_upgraded":2,"win_rate":0,"timestamp":1552023798,"path_taken":["M","$","?","?","?","R","M","$","T","?","R","?","M","$","R","BOSS","M","?","M","M","M","R","M","E"],"build_version":"2019-01-23","purchased_purges":0,"victory":false,"max_hp_per_floor":[70,70,70,70,70,70,70,70,70,70,70,70,70,70,70,70,70,70,70,70,70,70,70,70,70],"card_choices":[{"not_picked":["Deflect","Underhanded Strike"],"picked":"Deadly Poison","floor":0.0},{"not_picked":["Quick Slash","Dodge and Roll"],"picked":"Backflip","floor":1.0},{"not_picked":["Outmaneuver","Blade Dance"],"picked":"Leg Sweep","floor":4.0},{"not_picked":["PiercingWail","Dagger Throw"],"picked":"Acrobatics","floor":7.0},{"not_picked":["Slice","Concentrate"],"picked":"Outmaneuver","floor":10.0},{"not_picked":["Sucker Punch","All Out Attack"],"picked":"Terror","floor":12.0},{"not_picked":["Reflex","Setup"],"picked":"Terror","floor":13.0},{"not_picked":["Malaise","Wraith Form v2"],"picked":"Night Terror","floor":16.0},{"not_picked":["Accuracy","Prepared"],"picked":"Calculated Gamble","floor":18.0},{"not_picked":["Acrobatics","Cloak And Dagger+1"],"picked":"Backstab","floor":20.0},{"not_picked":["Poisoned Stab","Bane+1"],"picked":"Catalyst","floor":21},{"not_picked":["Terror+1","Finisher","Masterful Stab"],"picked":"SKIP","floor":22},{"not_picked":["Blade Dance","Cloak And Dagger"],"picked":"Poisoned Stab","floor":24}],"player_experience":2377940,"relics_obtained":[{"floor":9.0,"key":"Ornamental Fan"},{"floor":10.0,"key":"Odd Mushroom"}],"event_choices":[{"damage_healed":0.0,"max_hp_gain":0.0,"max_hp_loss":0.0,"gold_gain":0.0,"event_name":"Upgrade Shrine","player_choice":"Upgraded","floor":3.0,"gold_loss":0.0,"damage_taken":0.0,"cards_upgraded":["Noxious Fumes"]},{"cards_removed":["Strike_G"],"damage_healed":0.0,"max_hp_gain":0.0,"max_hp_loss":0.0,"gold_gain":0.0,"event_name":"Golden Wing","player_choice":"Card Removal","floor":5.0,"gold_loss":0.0,"damage_taken":7.0},{"damage_healed":0.0,"max_hp_gain":0.0,"max_hp_loss":0.0,"gold_gain":0.0,"event_name":"Mushrooms","player_choice":"Fought Mushrooms","floor":10.0,"gold_loss":0.0,"damage_taken":0.0},{"damage_healed":0.0,"max_hp_gain":0.0,"max_hp_loss":0.0,"gold_gain":0.0,"event_name":"Back to Basics","player_choice":"Simplicity","floor":19.0,"gold_loss":0.0,"damage_taken":0.0,"cards_upgraded":["Defend_G","Defend_G","Defend_G","Defend_G","Defend_G","Strike_G","Strike_G","Strike_G","Strike_G"]}],"is_beta":false,"boss_relics":[{"not_picked":["Lizard Tail","HoveringKite"],"picked":"Runic Pyramid"}],"items_purged_floors":[],"is_endless":false,"potions_floor_spawned":[4,7,21,24],"killed_by":"Gremlin Leader","ascension_level":10}