{"gold_per_floor":[362,6,6,6,25,25,61,61,87,108,183,183],"floor_reached":12,"playtime":534,"items_purged":[],"score":76,"play_id":"17ac14e2-d517-4596-8233-8b1d4e5d4bf8","local_time":"20180706204228","is_ascension_mode":false,"campfire_choices":[{"data":"Panache","floor":6,"key":"SMITH"},{"floor":8,"key":"REST"}],"neow_cost":"FIFTY_PERCENT_DAMAGE","seed_source_timestamp":56898837155835,"circlet_count":0,"master_deck":["Strike_R","Strike_R","Strike_R","Strike_R","Strike_R","Defend_R","Defend_R","Defend_R","Bash","Evolve","Panache+1","Injury","Rampage","Iron Wave"],"relics":["Burning Blood","Singing Bowl","Golden Idol","Strawberry","Boot"],"potions_floor_usage":[12,12],"damage_taken":[{"damage":1,"enemies":"Cultist","floor":1,"turns":3},{"damage":0,"enemies":"2 Louse","floor":5,"turns":2},{"damage":42,"enemies":"3 Sentries","floor":7,"turns":10},{"damage":7,"enemies":"Small Slimes","floor":10,"turns":5},{"damage":36,"enemies":"Lagavulin","floor":12,"turns":6}],"seed_played":"3416028126427214683","potions_obtained":[{"floor":5,"key":"AttackPotion"},{"floor":10,"key":"Weak Potion"}],"is_trial":false,"path_per_floor":["M","$","?","?","M","R","E","R","T","M","?"],"character_chosen":"IRONCLAD","items_purchased":["Singing Bowl","Panache"],"campfire_rested":1,"item_purchase_floors":[2,2],"current_hp_per_floor":[45,45,38,38,46,46,17,43,43,42,31,0],"gold":183,"neow_bonus":"TWO_FIFTY_GOLD","is_prod":false,"is_daily":false,"chose_seed":false,"campfire_upgraded":1,"win_rate":0,"timestamp":1530924148,"path_taken":["M","$","?","?","M","R","E","R","T","?","?","E"],"build_version":"2018-07-05","purchased_purges":0,"victory":false,"max_hp_per_floor":[80,80,80,80,82,82,89,89,89,89,89,89],"card_choices":[{"not_picked":["Pommel Strike","Corruption"],"picked":"Evolve","floor":1},{"not_picked":["Flame Barrier","Headbutt","Sword Boomerang"],"picked":"Singing Bowl","floor":5},{"not_picked":["Carnage","True Grit"],"picked":"Rampage","floor":7},{"not_picked":["Headbutt","Sword Boomerang"],"picked":"Iron Wave","floor":10}],"player_experience":191317,"relics_obtained":[{"floor":7,"key":"Strawberry"},{"floor":9,"key":"Boot"}],"event_choices":[{"event_name":"Golden Wing","player_choice":"Card Removal","floor":3,"damage_taken":0},{"event_name":"Golden Idol","player_choice":"Take Wound","floor":4,"damage_taken":0},{"event_name":"World of Goop","player_choice":"Gather Gold","floor":11,"damage_taken":0}],"boss_relics":[],"items_purged_floors":[],"is_endless":false,"potions_floor_spawned":[5,10],"killed_by":"Lagavulin","ascension_level":0}