{"gold_per_floor":[119,119,194,194,194,220,33,33,33,46,62,62,88,122,122,242,242,265,265],"floor_reached":19,"playtime":2701,"items_purged":["Pain"],"score":260,"play_id":"d1a7500a-513d-42a8-9d37-967644c18ae6","local_time":"20181107221831","is_ascension_mode":true,"campfire_choices":[{"data":"Bandage Up","floor":8.0,"key":"SMITH"},{"floor":15,"key":"REST"}],"neow_cost":"PERCENT_DAMAGE","seed_source_timestamp":566064861596379,"circlet_count":0,"master_deck":["AscendersBane","Defend_G","Defend_G","Defend_G","Defend_G","Defend_G","Strike_G","Strike_G","Strike_G","Strike_G","Strike_G","Survivor","Neutralize","Bandage Up+1","Flying Knee","Blind","Outmaneuver","Heel Hook","Well Laid Plans","Dash","Caltrops","Adrenaline"],"special_seed":0,"relics":["Ring of the Snake","WarpedTongs","Pocketwatch","Bottled Flame","Golden Idol","Odd Mushroom","Pen Nib","Black Star"],"potions_floor_usage":[13,18,19,19,19],"damage_taken":[{"damage":0.0,"enemies":"2 Louse","floor":1.0,"turns":4.0},{"damage":36.0,"enemies":"Lagavulin","floor":6.0,"turns":13.0},{"damage":0.0,"enemies":"Small Slimes","floor":10.0,"turns":4.0},{"damage":0.0,"enemies":"Cultist","floor":11.0,"turns":4.0},{"damage":27,"enemies":"The Mushroom Lair","floor":13,"turns":5},{"damage":11,"enemies":"3 Sentries","floor":14,"turns":9},{"damage":3,"enemies":"Hexaghost","floor":16,"turns":10},{"damage":0,"enemies":"3 Byrds","floor":18,"turns":6},{"damage":32,"enemies":"Colosseum Slavers","floor":19,"turns":6},{"damage":59,"enemies":"Colosseum Nobs","floor":19,"turns":4}],"seed_played":"-1042533751500085276","potions_obtained":[{"floor":1.0,"key":"PowerPotion"},{"floor":13,"key":"Swift Potion"},{"floor":14,"key":"Regen Potion"},{"floor":16,"key":"AttackPotion"},{"floor":18,"key":"GamblersBrew"}],"is_trial":false,"path_per_floor":["M","?","?","?","?","E","$","R","T","M","M","?","?","E","R","B",null,"M","?"],"character_chosen":"THE_SILENT","items_purchased":["Heel Hook","Well Laid Plans"],"campfire_rested":1,"item_purchase_floors":[7,7],"current_hp_per_floor":[49,49,38,61,61,31,31,31,31,37,43,43,22,17,36,39,59,65,0],"gold":265,"neow_bonus":"RANDOM_COLORLESS_2","is_prod":false,"is_daily":false,"chose_seed":false,"campfire_upgraded":1,"win_rate":0,"timestamp":1541657911,"path_taken":["M","?","?","?","?","E","$","R","T","M","?","?","?","E","R","BOSS","M","?"],"build_version":"2018-11-01","purchased_purges":1,"victory":false,"max_hp_per_floor":[70,70,70,70,70,70,70,70,70,70,70,65,65,65,65,65,65,65,65],"card_choices":[{"not_picked":["Poisoned Stab","Dagger Spray"],"picked":"Flying Knee","floor":1.0},{"not_picked":["Outmaneuver","Prepared","Blade Dance"],"picked":"SKIP","floor":6.0},{"not_picked":["Prepared","Blade Dance"],"picked":"Outmaneuver","floor":6.0},{"not_picked":["Dagger Throw","PiercingWail"],"picked":"Dash","floor":10.0},{"not_picked":["Deadly Poison","Expertise","Corpse Explosion"],"picked":"SKIP","floor":11.0},{"not_picked":["Dagger Spray","Bouncing Flask"],"picked":"Caltrops","floor":14},{"not_picked":["Doppelganger","Night Terror"],"picked":"Adrenaline","floor":16},{"not_picked":["Dagger Throw","Blade Dance","Acrobatics"],"picked":"SKIP","floor":18}],"player_experience":561537,"relics_obtained":[{"floor":6.0,"key":"Pocketwatch"},{"floor":9.0,"key":"Bottled Flame"},{"floor":13,"key":"Odd Mushroom"},{"floor":14,"key":"Pen Nib"}],"event_choices":[{"damage_healed":0.0,"max_hp_gain":0.0,"max_hp_loss":0.0,"gold_gain":0.0,"cards_transformed":["Panacea"],"event_name":"Living Wall","player_choice":"Change","floor":2.0,"gold_loss":0.0,"damage_taken":0.0,"cards_obtained":["Blind"]},{"damage_healed":0.0,"max_hp_gain":0.0,"max_hp_loss":0.0,"gold_gain":75.0,"event_name":"World of Goop","player_choice":"Gather Gold","floor":3.0,"gold_loss":0.0,"damage_taken":11.0},{"damage_healed":23.0,"max_hp_gain":0.0,"max_hp_loss":0.0,"gold_gain":0.0,"event_name":"Big Fish","player_choice":"Banana","floor":4.0,"gold_loss":0.0,"damage_taken":0.0},{"damage_healed":0.0,"max_hp_gain":0.0,"max_hp_loss":0.0,"gold_gain":0.0,"event_name":"Accursed Blacksmith","player_choice":"Rummage","floor":5.0,"gold_loss":0.0,"damage_taken":0.0,"relics_obtained":["WarpedTongs"],"cards_obtained":["Pain"]},{"damage_healed":0.0,"max_hp_gain":0.0,"max_hp_loss":5.0,"gold_gain":0.0,"event_name":"Golden Idol","player_choice":"Lose Max HP","floor":12.0,"gold_loss":0.0,"damage_taken":0.0,"relics_obtained":["Golden Idol"]},{"damage_healed":0,"gold_gain":0,"player_choice":"Fought Mushrooms","damage_taken":0,"max_hp_gain":0,"max_hp_loss":0,"event_name":"Mushrooms","floor":13,"gold_loss":0},{"damage_healed":0,"gold_gain":0,"player_choice":"Fight","damage_taken":0,"max_hp_gain":0,"max_hp_loss":0,"event_name":"Colosseum","floor":19,"gold_loss":0},{"damage_healed":0,"gold_gain":0,"player_choice":"Fought Nobs","damage_taken":0,"max_hp_gain":0,"max_hp_loss":0,"event_name":"Colosseum","floor":19,"gold_loss":0}],"is_beta":false,"boss_relics":[{"not_picked":["Sozu","Lizard Tail"],"picked":"Black Star"}],"items_purged_floors":[7],"is_endless":false,"potions_floor_spawned":[1,13,14,16,18],"killed_by":"Colosseum Nobs","ascension_level":10}