{"gold_per_floor":[117,42,42,42,62,91,91,105,105,105,105,105,119,154,154,154],"floor_reached":16,"playtime":906,"items_purged":["Defend_G"],"score":189,"play_id":"8d9c70a0-2c22-4438-94f6-2430b2c73097","local_time":"20190510005401","is_ascension_mode":true,"campfire_choices":[{"floor":7,"key":"REST"},{"data":"Backflip","floor":11,"key":"SMITH"},{"floor":15,"key":"REST"}],"neow_cost":"NONE","seed_source_timestamp":3496712122116096,"circlet_count":0,"master_deck":["AscendersBane","Defend_G","Defend_G","Defend_G+1","Defend_G","Strike_G","Strike_G","Strike_G+1","Strike_G","Strike_G","Survivor","Neutralize+1","Leg Sweep","Backflip+1","Heel Hook"],"relics":["Philosopher\u0027s Stone","Ginger","Dodecahedron","Mummified Hand","Frozen Egg 2"],"potions_floor_usage":[6],"damage_taken":[{"damage":1,"enemies":"2 Louse","floor":1,"turns":4},{"damage":0,"enemies":"Small Slimes","floor":5,"turns":4},{"damage":34,"enemies":"3 Sentries","floor":6,"turns":14},{"damage":0,"enemies":"Jaw Worm","floor":8,"turns":6},{"damage":3,"enemies":"2 Fungi Beasts","floor":13,"turns":4},{"damage":11,"enemies":"Lagavulin","floor":14,"turns":9},{"damage":44,"enemies":"Slime Boss","floor":16,"turns":12}],"seed_played":"-3817786536408509661","potions_obtained":[{"floor":5,"key":"Weak Potion"},{"floor":6,"key":"FairyPotion"}],"is_trial":false,"path_per_floor":["M","$","?","?","M","E","R","M","T","T","R","?","M","E","R","B"],"character_chosen":"THE_SILENT","items_purchased":[],"campfire_rested":2,"item_purchase_floors":[],"current_hp_per_floor":[58,58,58,38,38,4,23,23,23,23,23,23,20,9,28,6],"gold":154,"neow_bonus":"BOSS_RELIC","is_prod":false,"is_daily":false,"chose_seed":false,"campfire_upgraded":1,"win_rate":0,"timestamp":1557442441,"path_taken":["M","$","?","?","M","E","R","M","T","?","R","?","?","E","R","BOSS"],"build_version":"2019-01-23","purchased_purges":1,"victory":false,"max_hp_per_floor":[66,66,66,66,66,66,66,66,66,66,66,66,66,66,66,66],"card_choices":[{"not_picked":["Deadly Poison","Deflect"],"picked":"Leg Sweep","floor":1},{"not_picked":["Outmaneuver","Slice"],"picked":"Backflip","floor":5},{"not_picked":["Dagger Spray","Deflect","Venomology"],"picked":"SKIP","floor":6},{"not_picked":["Dagger Spray","Flechettes","All Out Attack"],"picked":"SKIP","floor":8},{"not_picked":["PiercingWail","Catalyst"],"picked":"Heel Hook","floor":13},{"not_picked":["Poisoned Stab","Dodge and Roll","Acrobatics"],"picked":"SKIP","floor":14}],"player_experience":506149,"relics_obtained":[{"floor":6,"key":"Ginger"},{"floor":9,"key":"Dodecahedron"},{"floor":10,"key":"Mummified Hand"},{"floor":14,"key":"Frozen Egg 2"}],"event_choices":[{"damage_healed":0,"gold_gain":0,"player_choice":"Leave","damage_taken":0,"max_hp_gain":0,"max_hp_loss":0,"event_name":"The Cleric","floor":3,"gold_loss":0},{"damage_healed":0,"gold_gain":0,"player_choice":"Entered Light","damage_taken":20,"max_hp_gain":0,"max_hp_loss":0,"event_name":"Shining Light","floor":4,"gold_loss":0,"cards_upgraded":["Strike_G","Defend_G"]},{"damage_healed":0,"gold_gain":0,"player_choice":"Upgraded","damage_taken":0,"max_hp_gain":0,"max_hp_loss":0,"event_name":"Upgrade Shrine","floor":12,"gold_loss":0,"cards_upgraded":["Neutralize"]}],"is_beta":false,"boss_relics":[],"items_purged_floors":[2],"is_endless":false,"potions_floor_spawned":[5,6],"killed_by":"Slime Boss","ascension_level":15}