{"gold_per_floor":[113,113,124,135,155,155,184,184,209,219,219,233,233,268,268,339,339,349,399,8,25,25],"floor_reached":22,"playtime":1493,"items_purged":["Strike_G"],"score":353,"play_id":"4bce04bc-0041-4ad5-b7be-385746224856","local_time":"20190519195253","is_ascension_mode":true,"campfire_choices":[{"data":"Envenom","floor":6,"key":"SMITH"},{"floor":8,"key":"REST"},{"data":"Cloak And Dagger","floor":11,"key":"SMITH"},{"floor":13,"key":"REST"},{"floor":15,"key":"REST"}],"neow_cost":"PERCENT_DAMAGE","seed_source_timestamp":468440155699995,"circlet_count":0,"master_deck":["AscendersBane","Defend_G","Defend_G","Defend_G","Defend_G","Defend_G","Strike_G","Strike_G","Strike_G","Strike_G","Survivor","Neutralize","Envenom+1","Slice","Skewer","Slice","Dagger Spray","Crippling Poison","Cloak And Dagger+1","Envenom","Cloak And Dagger","Doppelganger","Sadistic Nature","Noxious Fumes","Finisher"],"relics":["Ring of the Snake","Potion Belt","Smiling Mask","Art of War","Cursed Key"],"potions_floor_usage":[16,16,22,22,22],"damage_taken":[{"damage":2,"enemies":"Cultist","floor":1,"turns":5},{"damage":0,"enemies":"2 Louse","floor":3,"turns":3},{"damage":4,"enemies":"Jaw Worm","floor":4,"turns":4},{"damage":4,"enemies":"Large Slime","floor":5,"turns":5},{"damage":22,"enemies":"3 Sentries","floor":7,"turns":7},{"damage":3,"enemies":"Looter","floor":10,"turns":4},{"damage":5,"enemies":"2 Fungi Beasts","floor":12,"turns":3},{"damage":20,"enemies":"Gremlin Nob","floor":14,"turns":4},{"damage":27,"enemies":"The Guardian","floor":16,"turns":11},{"damage":3,"enemies":"3 Byrds","floor":18,"turns":4},{"damage":37,"enemies":"2 Thieves","floor":21,"turns":5},{"damage":18,"enemies":"Snake Plant","floor":22,"turns":1}],"seed_played":"7788207645811626102","potions_obtained":[{"floor":7,"key":"Dexterity Potion"},{"floor":10,"key":"SpeedPotion"},{"floor":12,"key":"LiquidBronze"},{"floor":16,"key":"Fire Potion"},{"floor":18,"key":"Energy Potion"}],"is_trial":false,"path_per_floor":["M","?","M","M","M","R","E","R","T","M","R","M","R","E","R","B",null,"M","?","$","M","M"],"character_chosen":"THE_SILENT","items_purchased":["Sadistic Nature","Noxious Fumes","Finisher"],"campfire_rested":3,"item_purchase_floors":[20,20,20],"current_hp_per_floor":[42,42,42,38,34,34,12,31,31,28,28,23,42,22,41,14,53,50,50,50,13,0],"gold":25,"neow_bonus":"THREE_RARE_CARDS","is_prod":false,"is_daily":false,"chose_seed":false,"campfire_upgraded":2,"win_rate":0,"timestamp":1558313573,"path_taken":["M","?","M","M","M","R","E","R","T","M","R","M","R","E","R","BOSS","M","?","?","M","M"],"build_version":"2019-01-23","purchased_purges":1,"victory":false,"max_hp_per_floor":[66,66,66,66,66,66,66,66,66,66,66,66,66,66,66,66,66,66,66,66,66,66],"card_choices":[{"not_picked":["Doppelganger","Phantasmal Killer"],"picked":"Envenom","floor":0},{"not_picked":["Dagger Throw","Sucker Punch"],"picked":"Slice","floor":1},{"not_picked":["Dodge and Roll","Underhanded Strike"],"picked":"Skewer","floor":3},{"not_picked":["Flying Knee","Quick Slash"],"picked":"Slice","floor":4},{"not_picked":["Riddle With Holes","Backflip"],"picked":"Dagger Spray","floor":5},{"not_picked":["Blade Dance","Deflect"],"picked":"Crippling Poison","floor":7},{"not_picked":["Tactician","Dagger Throw"],"picked":"Cloak And Dagger","floor":10},{"not_picked":["Quick Slash","Sucker Punch"],"picked":"Envenom","floor":12},{"not_picked":["Distraction","Blur"],"picked":"Cloak And Dagger","floor":14},{"not_picked":["Phantasmal Killer","Unload"],"picked":"Doppelganger","floor":16},{"not_picked":["Sucker Punch","Dodge and Roll","All Out Attack+1"],"picked":"SKIP","floor":18},{"not_picked":["Masterful Stab","Endless Agony","Setup+1"],"picked":"SKIP","floor":21}],"player_experience":683745,"relics_obtained":[{"floor":7,"key":"Potion Belt"},{"floor":9,"key":"Smiling Mask"},{"floor":14,"key":"Art of War"}],"event_choices":[{"damage_healed":0,"gold_gain":0,"player_choice":"Ignored","damage_taken":0,"max_hp_gain":0,"max_hp_loss":0,"event_name":"Liars Game","floor":2,"gold_loss":0},{"damage_healed":0,"gold_gain":50,"player_choice":"Pray","damage_taken":0,"max_hp_gain":0,"max_hp_loss":0,"event_name":"Golden Shrine","floor":19,"gold_loss":0}],"is_beta":false,"boss_relics":[{"not_picked":["Ectoplasm","Fusion Hammer"],"picked":"Cursed Key"}],"items_purged_floors":[20],"is_endless":false,"potions_floor_spawned":[7,10,12,16,18],"killed_by":"Snake Plant","ascension_level":16}