{"gold_per_floor":[118,136,86,97,97,124,21,21,47,81,46,46,58,75,75,172,172,192,204,204,204,219,219,233,233,233,119,44,143,143,160,160,260,260,279,279,295,36,46,46,77,77,147,164,217,217,237,249,249,249,249,249,1,27,27],"floor_reached":55,"playtime":4087,"items_purged":["Defend_B","Strike_B"],"score":771,"play_id":"f6f3d7e8-496e-4b5f-af44-6b1676be0b68","local_time":"20181221214055","is_ascension_mode":true,"campfire_choices":[{"floor":8,"key":"REST"},{"floor":12,"key":"RECALL"},{"data":"Zap","floor":15,"key":"SMITH"},{"data":"Redo","floor":23,"key":"SMITH"},{"data":"Hologram","floor":25,"key":"SMITH"},{"data":"Rainbow","floor":32,"key":"SMITH"},{"data":"Chaos","floor":40,"key":"SMITH"},{"floor":42,"key":"REST"},{"data":"Dualcast","floor":46,"key":"SMITH"},{"floor":49,"key":"REST"},{"data":"Stack","floor":52,"key":"SMITH"}],"neow_cost":"CURSE","seed_source_timestamp":590818932369746,"circlet_count":0,"master_deck":["Defend_B","Zap+1","Dualcast+1","Redo+1","Static Discharge","Stack+1","Self Repair","Ball Lightning","Conserve Battery","Self Repair","Tempest","Electrodynamics","Hologram+1","Chill+1","Go for the Eyes+1","Coolheaded","Defragment","Rainbow+1","Conserve Battery","Core Surge","Sweeping Beam+1","Seek+1","Aggregate+1","Chaos+1","Self Repair","Gash","Defragment","Bandage Up","Steam+1","Capacitor+1","Self Repair","Redo+1","Magnetism","Coolheaded","FTL"],"relics":["Cracked Core","Thread and Needle","Boot","Matryoshka","Nuclear Battery","Enchiridion","Gremlin Horn","Darkstone Periapt","Astrolabe","Unceasing Top","Meat on the Bone","Letter Opener","Bag of Preparation","Emotion Chip"],"potions_floor_usage":[6,6,14,16,20,33,39,44,48,50,54,55],"damage_taken":[{"damage":2,"enemies":"Jaw Worm","floor":1,"turns":3},{"damage":0,"enemies":"Cultist","floor":2,"turns":3},{"damage":0,"enemies":"Small Slimes","floor":4,"turns":3},{"damage":39,"enemies":"Lagavulin","floor":6,"turns":7},{"damage":23,"enemies":"Gremlin Nob","floor":10,"turns":4},{"damage":0,"enemies":"3 Louse","floor":13,"turns":3},{"damage":2,"enemies":"2 Fungi Beasts","floor":14,"turns":4},{"damage":47,"enemies":"Hexaghost","floor":16,"turns":9},{"damage":13,"enemies":"3 Byrds","floor":18,"turns":3},{"damage":6,"enemies":"Spheric Guardian","floor":19,"turns":4},{"damage":11,"enemies":"Colosseum Slavers","floor":20,"turns":5},{"damage":0,"enemies":"3 Cultists","floor":22,"turns":2},{"damage":23,"enemies":"Snecko","floor":24,"turns":6},{"damage":15,"enemies":"Snake Plant","floor":31,"turns":4},{"damage":29,"enemies":"Collector","floor":33,"turns":9},{"damage":0,"enemies":"Orb Walker","floor":35,"turns":3},{"damage":11,"enemies":"3 Darklings","floor":37,"turns":4},{"damage":21,"enemies":"Transient","floor":39,"turns":5},{"damage":71,"enemies":"Nemesis","floor":41,"turns":9},{"damage":0,"enemies":"Jaw Worm Horde","floor":44,"turns":2},{"damage":0,"enemies":"4 Shapes","floor":47,"turns":2},{"damage":0,"enemies":"Transient","floor":48,"turns":5},{"damage":45,"enemies":"Donu and Deca","floor":50,"turns":7},{"damage":5,"enemies":"Shield and Spear","floor":54,"turns":3},{"damage":103,"enemies":"The Heart","floor":55,"turns":5}],"seed_played":"-4046332612541809456","potions_obtained":[{"floor":1,"key":"EssenceOfSteel"},{"floor":2,"key":"Dexterity Potion"},{"floor":13,"key":"Weak Potion"},{"floor":14,"key":"Fruit Juice"},{"floor":18,"key":"Dexterity Potion"},{"floor":22,"key":"Dexterity Potion"},{"floor":33,"key":"FearPotion"},{"floor":35,"key":"Fire Potion"},{"floor":39,"key":"Fire Potion"},{"floor":41,"key":"FocusPotion"},{"floor":48,"key":"Energy Potion"}],"is_trial":false,"path_per_floor":["M","M","?","M","?","E","$","R","T","E","$","R","M","M","R","B",null,"M","M","?","?","M","R","M","R","T","$","?","?","?","M","R","B",null,"M","?","M","$","M","R","E","R","T","M","T","R","M","M","R","B",null,"R","$","E","B"],"character_chosen":"DEFECT","items_purchased":["Self Repair","Ball Lightning","Self Repair","Defragment","Defragment","Bandage Up","Magnetism","Energy Potion","Coolheaded"],"campfire_rested":3,"item_purchase_floors":[7,7,11,27,38,38,53,53,53],"current_hp_per_floor":[73,73,73,73,66,27,27,49,49,33,33,33,47,59,59,31,80,80,80,80,64,71,71,62,62,62,62,62,62,62,61,61,46,80,80,80,80,80,74,74,28,52,52,70,70,70,80,80,80,68,80,80,80,80,0],"gold":27,"neow_bonus":"ONE_RARE_RELIC","is_prod":false,"is_daily":false,"chose_seed":false,"campfire_upgraded":7,"win_rate":0,"timestamp":1545446455,"path_taken":["M","M","?","M","?","E","?","R","T","E","$","R","M","M","R","BOSS","M","?","?","?","M","R","M","R","T","$","?","?","?","M","R","BOSS","M","?","?","?","M","R","E","R","T","M","?","R","M","M","R","BOSS","R","$","E","BOSS"],"build_version":"2018-12-20","purchased_purges":2,"victory":false,"max_hp_per_floor":[75,75,75,75,75,75,75,75,75,75,75,75,75,75,75,80,80,80,80,80,80,80,80,80,80,80,80,80,80,80,80,80,80,80,80,80,80,80,80,80,80,80,80,80,80,80,80,80,80,80,80,80,80,80,80],"card_choices":[{"not_picked":["Turbo","Double Energy","Compile Driver"],"picked":"SKIP","floor":1},{"not_picked":["Go for the Eyes","Reinforced Body"],"picked":"Redo","floor":2},{"not_picked":["Gash","Stack"],"picked":"Static Discharge","floor":4},{"not_picked":["Streamline","Sweeping Beam"],"picked":"Stack","floor":6},{"not_picked":["Consume","Ball Lightning"],"picked":"Conserve Battery","floor":10},{"not_picked":["Consume","Barrage"],"picked":"Tempest","floor":13},{"not_picked":["Barrage","Reprogram","Steam"],"picked":"SKIP","floor":14},{"not_picked":["Seek","Biased Cognition"],"picked":"Electrodynamics","floor":16},{"not_picked":["Consume","Compile Driver"],"picked":"Hologram","floor":18},{"not_picked":["Stack+1","Turbo"],"picked":"Chill+1","floor":19},{"not_picked":["Steam Power","Melter"],"picked":"Go for the Eyes+1","floor":22},{"not_picked":["Cold Snap","Streamline+1"],"picked":"Coolheaded","floor":24},{"not_picked":["Compile Driver","Machine Learning"],"picked":"Conserve Battery","floor":31},{"not_picked":["Thunder Strike","Hyperbeam"],"picked":"Core Surge","floor":33},{"not_picked":["Redo+1","Hologram"],"picked":"Chaos","floor":35},{"not_picked":["Sunder+1","Steam+1"],"picked":"Gash","floor":37},{"not_picked":["Rip and Tear","Barrage"],"picked":"Steam+1","floor":39},{"not_picked":["BootSequence+1","Hello World+1"],"picked":"Capacitor+1","floor":41},{"not_picked":["Go for the Eyes","Steam"],"picked":"Self Repair","floor":44},{"not_picked":["Coolheaded+1","Beam Cell","Skim"],"picked":"SKIP","floor":47},{"not_picked":["Compile Driver+1","Steam Power"],"picked":"Redo+1","floor":48},{"not_picked":["Leap+1","Ball Lightning"],"picked":"FTL","floor":54}],"player_experience":157172,"relics_obtained":[{"floor":6,"key":"Boot"},{"floor":10,"key":"Matryoshka"},{"floor":21,"key":"Enchiridion"},{"floor":26,"key":"Gremlin Horn"},{"floor":26,"key":"Darkstone Periapt"},{"floor":41,"key":"Unceasing Top"},{"floor":43,"key":"Meat on the Bone"},{"floor":43,"key":"Letter Opener"},{"floor":45,"key":"Bag of Preparation"},{"floor":54,"key":"Emotion Chip"}],"event_choices":[{"cards_removed":["Decay"],"damage_healed":0,"gold_gain":0,"player_choice":"Card Removal","damage_taken":0,"max_hp_gain":0,"max_hp_loss":0,"event_name":"The Cleric","floor":3,"gold_loss":50},{"cards_removed":["Strike_B"],"damage_healed":0,"gold_gain":0,"player_choice":"Card Removal","damage_taken":7,"max_hp_gain":0,"max_hp_loss":0,"event_name":"Golden Wing","floor":5,"gold_loss":0},{"damage_healed":0,"gold_gain":0,"player_choice":"Fight","damage_taken":0,"max_hp_gain":0,"max_hp_loss":0,"event_name":"Colosseum","floor":20,"gold_loss":0},{"damage_healed":0,"gold_gain":0,"player_choice":"Fled From Nobs","damage_taken":0,"max_hp_gain":0,"max_hp_loss":0,"event_name":"Colosseum","floor":20,"gold_loss":0},{"damage_healed":0,"gold_gain":0,"player_choice":"Obtained Book","damage_taken":16,"max_hp_gain":0,"max_hp_loss":0,"event_name":"Cursed Tome","floor":21,"gold_loss":0},{"cards_removed":["Strike_B"],"damage_healed":0,"gold_gain":0,"player_choice":"Gave Gold","damage_taken":0,"max_hp_gain":0,"max_hp_loss":0,"event_name":"Beggar","floor":28,"gold_loss":75},{"damage_healed":0,"gold_gain":99,"player_choice":"Stole From Cult","damage_taken":0,"max_hp_gain":0,"max_hp_loss":0,"event_name":"Nest","floor":29,"gold_loss":0},{"damage_healed":0,"gold_gain":0,"player_choice":"Read","damage_taken":0,"max_hp_gain":0,"max_hp_loss":0,"event_name":"The Library","floor":30,"gold_loss":0,"cards_obtained":["Rainbow"]},{"damage_healed":0,"gold_gain":0,"player_choice":"Copied","damage_taken":0,"max_hp_gain":0,"max_hp_loss":0,"event_name":"Duplicator","floor":36,"gold_loss":0,"cards_obtained":["Self Repair"]}],"is_beta":false,"boss_relics":[{"not_picked":["Fusion Hammer","Lizard Tail"],"picked":"Nuclear Battery"},{"not_picked":["Coffee Dripper","FrozenCore"],"picked":"Astrolabe"}],"items_purged_floors":[27,38],"is_endless":false,"potions_floor_spawned":[1,2,13,14,18,22,33,35,39,41,48],"killed_by":"The Heart","ascension_level":1}