{"gold_per_floor":[109,128,148,148,148,179,191,207,233,244,260,280,295,308,308,308],"floor_reached":16,"playtime":1060,"items_purged":[],"score":110,"play_id":"c8778d1f-c932-4c54-8468-42426330cec2","local_time":"20180703115040","is_ascension_mode":false,"campfire_choices":[{"data":"Double Tap","floor":15,"key":"SMITH"}],"neow_cost":"","seed_source_timestamp":21591036220248,"circlet_count":0,"master_deck":["Strike_R","Strike_R","Strike_R","Strike_R","Defend_R","Defend_R","Defend_R","Defend_R","Bash","Flex","Ghostly Armor","Heavy Blade","Battle Trance","Feel No Pain","Rage","Warcry","Double Tap+1","Fire Breathing","Dual Wield","Flame Barrier"],"relics":["Burning Blood","Peace Pipe","Happy Flower","Strawberry"],"potions_floor_usage":[12,16,16],"damage_taken":[{"damage":10,"enemies":"Small Slimes","floor":1,"turns":4},{"damage":1,"enemies":"Jaw Worm","floor":2,"turns":4},{"damage":0,"enemies":"Cultist","floor":3,"turns":4},{"damage":30,"enemies":"Gremlin Nob","floor":6,"turns":4},{"damage":16,"enemies":"Exordium Wildlife","floor":7,"turns":5},{"damage":13,"enemies":"Large Slime","floor":8,"turns":7},{"damage":0,"enemies":"3 Louse","floor":10,"turns":3},{"damage":2,"enemies":"Looter","floor":11,"turns":3},{"damage":2,"enemies":"2 Fungi Beasts","floor":12,"turns":3},{"damage":0,"enemies":"Large Slime","floor":13,"turns":5},{"damage":6,"enemies":"Red Slaver","floor":14,"turns":6},{"damage":61,"enemies":"The Guardian","floor":16,"turns":6}],"seed_played":"-8630484045777194541","potions_obtained":[{"floor":6,"key":"SneckoOil"},{"floor":7,"key":"FearPotion"},{"floor":8,"key":"Energy Potion"},{"floor":14,"key":"Swift Potion"}],"is_trial":false,"path_per_floor":["M","M","M","?","?","E","M","M","T","M","M","M","M","M","R"],"character_chosen":"IRONCLAD","items_purchased":[],"campfire_rested":0,"item_purchase_floors":[],"current_hp_per_floor":[76,80,80,80,73,49,39,32,39,45,49,53,59,59,59,0],"gold":308,"neow_bonus":"","is_prod":false,"is_daily":false,"chose_seed":false,"campfire_upgraded":1,"win_rate":0,"timestamp":1530633040,"path_taken":["M","M","M","?","?","E","M","M","T","M","M","M","M","M","R","BOSS"],"build_version":"2018-06-28","purchased_purges":0,"victory":false,"max_hp_per_floor":[80,80,80,80,80,80,80,80,87,87,87,87,87,87,87,87],"card_choices":[{"not_picked":["Havoc","True Grit"],"picked":"Flex","floor":1},{"not_picked":["True Grit","Anger"],"picked":"Ghostly Armor","floor":2},{"not_picked":["Dropkick","Carnage"],"picked":"Heavy Blade","floor":3},{"not_picked":["Pummel","Flex"],"picked":"Feel No Pain","floor":6},{"not_picked":["Hemokinesis","Clash"],"picked":"Rage","floor":7},{"not_picked":["Blood for Blood","Cleave"],"picked":"Warcry","floor":8},{"not_picked":["Iron Wave","Rage"],"picked":"Double Tap","floor":10},{"not_picked":["True Grit","Cleave"],"picked":"Fire Breathing","floor":11},{"not_picked":["Clothesline","Perfected Strike","Corruption"],"picked":"SKIP","floor":12},{"not_picked":["Shrug It Off","Warcry"],"picked":"Dual Wield","floor":13},{"not_picked":["Iron Wave","Anger"],"picked":"Flame Barrier","floor":14}],"player_experience":115984,"relics_obtained":[{"floor":6,"key":"Happy Flower"},{"floor":9,"key":"Strawberry"}],"event_choices":[{"event_name":"Living Wall","player_choice":"Change","floor":4,"damage_taken":0},{"event_name":"Scrap Ooze","player_choice":"success","floor":5,"damage_taken":7}],"boss_relics":[],"items_purged_floors":[],"is_endless":false,"potions_floor_spawned":[6,7,8,11,14],"killed_by":"The Guardian","ascension_level":0}