{"gold_per_floor":[110,125,50,50,50,50,61,61,61,79,79,95,421,437,437,532,582,593,593,611,631,377,377,397,397,420,432,559,242,253,273,273,273],"floor_reached":33,"playtime":1216,"items_purged":["Strike_R","Strike_R","Strike_R"],"score":251,"play_id":"4499fc22-e7a7-4a7d-b295-f3773a3dc25d","local_time":"20190522090950","is_ascension_mode":false,"campfire_choices":[{"data":"Bash","floor":6,"key":"SMITH"},{"data":"Defend_R","floor":8,"key":"SMITH"},{"data":"Clash","floor":15,"key":"SMITH"},{"floor":23,"key":"REST"},{"floor":32,"key":"REST"}],"neow_cost":"TEN_PERCENT_HP_LOSS","seed_source_timestamp":504687359552737,"circlet_count":0,"master_deck":["Defend_R+1","Defend_R+1","Bash+1","Clash+1","Dropkick","Shrug It Off"],"relics":["Burning Blood","Ornamental Fan","Old Coin","Tiny House","Juzu Bracelet","SsserpentHead","Centennial Puzzle","Self Forming Clay","Vajra"],"potions_floor_usage":[13,16,27,30,33],"damage_taken":[{"damage":3,"enemies":"Jaw Worm","floor":1,"turns":4},{"damage":1,"enemies":"Cultist","floor":2,"turns":3},{"damage":2,"enemies":"2 Louse","floor":7,"turns":3},{"damage":8,"enemies":"Red Slaver","floor":10,"turns":3},{"damage":6,"enemies":"Lots of Slimes","floor":12,"turns":8},{"damage":4,"enemies":"Gremlin Nob","floor":13,"turns":3},{"damage":5,"enemies":"Gremlin Gang","floor":14,"turns":5},{"damage":42,"enemies":"Slime Boss","floor":16,"turns":9},{"damage":0,"enemies":"Chosen","floor":18,"turns":6},{"damage":4,"enemies":"Shell Parasite","floor":20,"turns":4},{"damage":25,"enemies":"3 Cultists","floor":21,"turns":6},{"damage":18,"enemies":"Shelled Parasite and Fungi","floor":24,"turns":7},{"damage":23,"enemies":"Chosen and Byrds","floor":27,"turns":8},{"damage":16,"enemies":"Snake Plant","floor":30,"turns":6},{"damage":16,"enemies":"3 Cultists","floor":31,"turns":7},{"damage":63,"enemies":"Automaton","floor":33,"turns":10}],"seed_played":"-3398974195709090798","potions_obtained":[{"floor":7,"key":"AttackPotion"},{"floor":10,"key":"Explosive Potion"},{"floor":13,"key":"Regen Potion"},{"floor":14,"key":"AttackPotion"},{"floor":17,"key":"SmokeBomb"},{"floor":27,"key":"Strength Potion"}],"is_trial":false,"path_per_floor":["M","M","$","?","$","R","M","R","T","M","$","M","E","M","R","B",null,"M","?","M","M","$","R","M","?","T","M","T","$","M","M","R","B"],"character_chosen":"IRONCLAD","items_purchased":["Juzu Bracelet","Shrug It Off","Vajra"],"campfire_rested":2,"item_purchase_floors":[22,29,29],"current_hp_per_floor":[72,72,72,72,72,72,72,72,72,70,70,70,72,72,72,36,77,77,77,77,58,58,77,65,65,65,48,48,48,47,37,60,0],"gold":273,"neow_bonus":"REMOVE_TWO","is_prod":false,"is_daily":false,"chose_seed":false,"campfire_upgraded":3,"win_rate":0,"timestamp":1558487390,"path_taken":["M","M","$","?","$","R","?","R","T","?","?","?","E","M","R","BOSS","M","?","?","M","?","R","M","?","T","M","?","$","M","M","R","BOSS"],"build_version":"2019-01-23","purchased_purges":3,"victory":false,"max_hp_per_floor":[72,72,72,72,72,72,72,72,72,72,72,72,72,72,72,72,77,77,77,77,77,77,77,77,77,77,77,77,77,77,77,77,77],"card_choices":[{"not_picked":["Twin Strike","Hemokinesis","Heavy Blade"],"picked":"SKIP","floor":1},{"not_picked":["Wild Strike","Rupture","Iron Wave"],"picked":"SKIP","floor":2},{"not_picked":["Infernal Blade","Blood for Blood","Thunderclap"],"picked":"SKIP","floor":7},{"not_picked":["Havoc","Warcry","Heavy Blade"],"picked":"SKIP","floor":10},{"not_picked":["Clothesline","Shrug It Off"],"picked":"Clash","floor":12},{"not_picked":["Reaper","Iron Wave","Berserk"],"picked":"SKIP","floor":13},{"not_picked":["Flex","Cleave","True Grit"],"picked":"SKIP","floor":14},{"not_picked":["Wild Strike","Havoc+1","Reckless Charge+1"],"picked":"SKIP","floor":18},{"not_picked":["Perfected Strike","True Grit","Cleave+1"],"picked":"SKIP","floor":20},{"not_picked":["Seeing Red","Anger+1","Armaments"],"picked":"SKIP","floor":21},{"not_picked":["Clothesline","Spot Weakness","Clash"],"picked":"SKIP","floor":24},{"not_picked":["Anger","Body Slam"],"picked":"Dropkick","floor":27},{"not_picked":["Perfected Strike","Reckless Charge","Armaments"],"picked":"SKIP","floor":30},{"not_picked":["Uppercut","Perfected Strike","Body Slam"],"picked":"SKIP","floor":31}],"player_experience":558755,"relics_obtained":[{"floor":9,"key":"Ornamental Fan"},{"floor":13,"key":"Old Coin"},{"floor":26,"key":"Centennial Puzzle"},{"floor":28,"key":"Self Forming Clay"}],"event_choices":[{"cards_removed":["Strike_R"],"damage_healed":0,"gold_gain":0,"player_choice":"Offered Basic","damage_taken":0,"max_hp_gain":0,"max_hp_loss":0,"event_name":"Bonfire Elementals","floor":4,"gold_loss":0},{"cards_removed":["Defend_R"],"damage_healed":0,"gold_gain":0,"player_choice":"Card Removal","damage_taken":0,"max_hp_gain":0,"max_hp_loss":0,"event_name":"Wheel of Change","floor":19,"gold_loss":0},{"damage_healed":0,"gold_gain":0,"player_choice":"Trade","damage_taken":0,"relics_obtained":["SsserpentHead"],"max_hp_gain":0,"max_hp_loss":0,"event_name":"FaceTrader","floor":25,"gold_loss":0}],"is_beta":false,"boss_relics":[{"not_picked":["Pandora\u0027s Box","Snecko Eye"],"picked":"Tiny House"}],"items_purged_floors":[3,22,29],"is_endless":false,"potions_floor_spawned":[7,10,13,14,24,27],"killed_by":"Automaton","ascension_level":0}