{"gold_per_floor":[114,114,132,148,159,159,190,190,190,190,225,225,225,250,250,380,380,401,98,117,117],"floor_reached":21,"playtime":2341,"items_purged":["Strike_G"],"score":198,"play_id":"a3097d8b-49de-4101-ad39-3aac5285bc49","local_time":"20181226150653","is_ascension_mode":true,"campfire_choices":[{"data":"Footwork","floor":6,"key":"SMITH"},{"data":"Footwork","floor":8,"key":"SMITH"},{"data":"Neutralize","floor":10,"key":"SMITH"},{"floor":15,"key":"REST"}],"neow_cost":"NONE","seed_source_timestamp":18362299385317,"circlet_count":0,"master_deck":["Defend_G","Defend_G","Defend_G","Defend_G","Strike_G","Strike_G","Strike_G","Survivor","Neutralize+1","PiercingWail","Footwork+1","Footwork+1","Backflip","Blade Dance","Blade Dance","Envenom","Noxious Fumes","Catalyst+1"],"relics":["Ring of the Serpent","Blood Vial","Shuriken","Nunchaku","Golden Idol","Juzu Bracelet"],"potions_floor_usage":[7],"damage_taken":[{"damage":2,"enemies":"Small Slimes","floor":1,"turns":4},{"damage":2,"enemies":"2 Louse","floor":3,"turns":4},{"damage":0,"enemies":"Jaw Worm","floor":4,"turns":6},{"damage":2,"enemies":"2 Fungi Beasts","floor":5,"turns":6},{"damage":26,"enemies":"Lagavulin","floor":7,"turns":16},{"damage":32,"enemies":"Gremlin Nob","floor":11,"turns":6},{"damage":3,"enemies":"Exordium Thugs","floor":14,"turns":6},{"damage":11,"enemies":"Hexaghost","floor":16,"turns":10},{"damage":15,"enemies":"Chosen","floor":18,"turns":7},{"damage":39,"enemies":"3 Byrds","floor":20,"turns":6},{"damage":27,"enemies":"Snecko","floor":21,"turns":6}],"seed_played":"6691331376208553305","potions_obtained":[{"floor":5,"key":"LiquidBronze"},{"floor":16,"key":"Poison Potion"}],"is_trial":false,"path_per_floor":["M","?","M","M","M","R","E","R","T","R","E","?","?","M","R","B",null,"M","$","M","M"],"character_chosen":"THE_SILENT","items_purchased":["Juzu Bracelet","Noxious Fumes"],"campfire_rested":1,"item_purchase_floors":[19,19],"current_hp_per_floor":[68,73,71,71,69,69,43,43,43,43,13,6,6,5,25,16,69,54,54,17,0],"gold":117,"neow_bonus":"REMOVE_CARD","is_prod":false,"is_daily":false,"chose_seed":false,"campfire_upgraded":3,"win_rate":0,"timestamp":1545858413,"path_taken":["M","?","M","M","M","R","E","R","T","R","E","?","?","M","R","BOSS","M","$","M","M"],"build_version":"2018-12-20","purchased_purges":1,"victory":false,"max_hp_per_floor":[70,75,75,75,75,75,75,75,75,75,75,75,69,69,69,69,69,69,69,69,69],"card_choices":[{"not_picked":["Bane","Acrobatics"],"picked":"PiercingWail","floor":1},{"not_picked":["Prepared","Deadly Poison","PiercingWail"],"picked":"SKIP","floor":3},{"not_picked":["All Out Attack","Poisoned Stab"],"picked":"Footwork","floor":4},{"not_picked":["Flying Knee","Dagger Spray"],"picked":"Footwork","floor":5},{"not_picked":["Escape Plan","Distraction"],"picked":"Backflip","floor":7},{"not_picked":["Tactician","Distraction"],"picked":"Blade Dance","floor":11},{"not_picked":["Prepared","Poisoned Stab"],"picked":"Blade Dance","floor":14},{"not_picked":["A Thousand Cuts","Bullet Time"],"picked":"Envenom","floor":16},{"not_picked":["Calculated Gamble","Deadly Poison+1","Poisoned Stab+1"],"picked":"SKIP","floor":18},{"not_picked":["Skewer","All Out Attack+1"],"picked":"Catalyst+1","floor":20}],"player_experience":317840,"relics_obtained":[{"floor":7,"key":"Blood Vial"},{"floor":9,"key":"Shuriken"},{"floor":11,"key":"Nunchaku"}],"event_choices":[{"damage_healed":0,"gold_gain":0,"player_choice":"Donut","damage_taken":0,"max_hp_gain":5,"max_hp_loss":0,"event_name":"Big Fish","floor":2,"gold_loss":0},{"cards_removed":["Defend_G"],"damage_healed":0,"gold_gain":0,"player_choice":"Card Removal","damage_taken":7,"max_hp_gain":0,"max_hp_loss":0,"event_name":"Golden Wing","floor":12,"gold_loss":0},{"damage_healed":0,"gold_gain":0,"player_choice":"Lose Max HP","damage_taken":0,"relics_obtained":["Golden Idol"],"max_hp_gain":0,"max_hp_loss":6,"event_name":"Golden Idol","floor":13,"gold_loss":0}],"is_beta":false,"boss_relics":[{"not_picked":["Black Star","HoveringKite"],"picked":"Ring of the Serpent"}],"items_purged_floors":[19],"is_endless":false,"potions_floor_spawned":[5,16],"killed_by":"Snecko","ascension_level":1}