{"gold_per_floor":[109,34,53,67,0,27,27,57,83,103,123,123,137,287,287,364,364,383,395,28,28,28,28,43,106,106,126,39,39,57,57,57,57],"floor_reached":33,"playtime":2312,"items_purged":[],"score":569,"play_id":"c5ff493f-89d5-42d2-8721-0c417394b8d1","local_time":"20190503024848","is_ascension_mode":true,"campfire_choices":[{"floor":7,"key":"REST"},{"floor":12,"key":"REST"},{"data":"Hologram","floor":15,"key":"SMITH"},{"floor":23,"key":"REST"},{"floor":29,"key":"REST"},{"floor":32,"key":"REST"}],"neow_cost":"CURSE","seed_source_timestamp":1387182445819900,"circlet_count":0,"master_deck":["AscendersBane","Defend_B","Defend_B","Defend_B","Defend_B","Zap","Dualcast","Reboot","Barrage","Chill","Gash","Rebound","Hologram+1","Creative AI","FTL","Conserve Battery","Beam Cell","All For One","Injury","Decay","Rebound","Conserve Battery","Apotheosis","Electrodynamics","Storm","BootSequence","Bite","Bite","Bite","Bite","Bite"],"relics":["Cracked Core","Omamori","Bronze Scales","Blue Candle","Strawberry","Calling Bell","PreservedInsect","Pantograph","Bird Faced Urn","Anchor","Tiny Chest","Smiling Mask"],"potions_floor_usage":[11,11,19,24,25,30,33],"damage_taken":[{"damage":6,"enemies":"Jaw Worm","floor":1,"turns":4},{"damage":0,"enemies":"Cultist","floor":3,"turns":3},{"damage":5,"enemies":"2 Louse","floor":4,"turns":2},{"damage":42,"enemies":"Gremlin Nob","floor":6,"turns":4},{"damage":15,"enemies":"3 Sentries","floor":8,"turns":8},{"damage":0,"enemies":"Large Slime","floor":10,"turns":6},{"damage":5,"enemies":"Exordium Wildlife","floor":11,"turns":3},{"damage":4,"enemies":"Looter","floor":13,"turns":3},{"damage":31,"enemies":"The Guardian","floor":16,"turns":11},{"damage":29,"enemies":"2 Thieves","floor":18,"turns":5},{"damage":16,"enemies":"Shell Parasite","floor":19,"turns":4},{"damage":16,"enemies":"Snake Plant","floor":24,"turns":5},{"damage":2,"enemies":"Gremlin Leader","floor":25,"turns":5},{"damage":25,"enemies":"Sentry and Sphere","floor":27,"turns":6},{"damage":23,"enemies":"Centurion and Healer","floor":30,"turns":6},{"damage":100,"enemies":"Champ","floor":33,"turns":10}],"seed_played":"4491475008904842831","potions_obtained":[{"floor":6,"key":"Block Potion"},{"floor":8,"key":"AttackPotion"},{"floor":16,"key":"Strength Potion"},{"floor":19,"key":"EssenceOfSteel"},{"floor":21,"key":"PowerPotion"},{"floor":25,"key":"SpeedPotion"},{"floor":30,"key":"Energy Potion"}],"is_trial":false,"path_per_floor":["M","?","M","M","?","E","R","E","T","M","M","R","M","?","R","B",null,"M","M","$","?","$","R","M","E","T","M","$","R","M","?","R","B"],"character_chosen":"DEFECT","items_purchased":["Apotheosis","Anchor","Storm"],"campfire_rested":5,"item_purchase_floors":[20,20,28],"current_hp_per_floor":[58,58,58,53,53,11,32,17,24,24,19,42,38,38,38,7,60,31,15,15,15,15,38,22,22,22,3,3,26,7,7,23,0],"gold":57,"neow_bonus":"TRANSFORM_TWO_CARDS","is_prod":false,"is_daily":false,"chose_seed":false,"campfire_upgraded":1,"win_rate":0,"timestamp":1556866128,"path_taken":["M","?","M","M","?","E","R","E","T","?","M","R","M","?","R","BOSS","M","M","$","?","$","R","M","E","T","M","?","R","M","?","R","BOSS"],"build_version":"2019-01-23","purchased_purges":0,"victory":false,"max_hp_per_floor":[71,71,71,71,71,71,71,71,78,78,78,78,78,78,78,78,78,78,78,78,78,78,78,78,78,78,78,78,78,78,54,54,54],"card_choices":[{"not_picked":["Turbo","Go for the Eyes"],"picked":"Chill","floor":1},{"not_picked":["Genetic Algorithm","Go for the Eyes"],"picked":"Gash","floor":3},{"not_picked":["Barrage","Conserve Battery"],"picked":"Rebound","floor":4},{"not_picked":["Lockon","Ball Lightning"],"picked":"Hologram","floor":6},{"not_picked":["Heatsinks","Redo"],"picked":"Creative AI","floor":8},{"not_picked":["Stack","Loop"],"picked":"FTL","floor":10},{"not_picked":["Leap","Steam"],"picked":"Conserve Battery","floor":11},{"not_picked":["Compile Driver","Steam"],"picked":"Beam Cell","floor":13},{"not_picked":["Multi-Cast","Fission"],"picked":"All For One","floor":16},{"not_picked":["Streamline","Cold Snap"],"picked":"Rebound","floor":18},{"not_picked":["Cold Snap+1","Barrage"],"picked":"Conserve Battery","floor":19},{"not_picked":["Steam Power","Rip and Tear","Stack"],"picked":"SKIP","floor":24},{"not_picked":["Storm+1","Beam Cell"],"picked":"Electrodynamics","floor":25},{"not_picked":["Streamline","Cold Snap","Sweeping Beam+1"],"picked":"SKIP","floor":27},{"not_picked":["Coolheaded","Hello World+1"],"picked":"BootSequence","floor":30}],"player_experience":2873787,"relics_obtained":[{"floor":6,"key":"Bronze Scales"},{"floor":8,"key":"Blue Candle"},{"floor":9,"key":"Strawberry"},{"floor":17,"key":"PreservedInsect"},{"floor":17,"key":"Pantograph"},{"floor":17,"key":"Bird Faced Urn"},{"floor":25,"key":"Tiny Chest"},{"floor":26,"key":"Smiling Mask"}],"event_choices":[{"cards_removed":["Decay"],"damage_healed":0,"gold_gain":0,"player_choice":"Card Removal","damage_taken":0,"max_hp_gain":0,"max_hp_loss":0,"event_name":"The Cleric","floor":2,"gold_loss":75},{"damage_healed":0,"gold_gain":0,"player_choice":"Paid Gold","damage_taken":0,"relics_obtained":["Omamori"],"max_hp_gain":0,"max_hp_loss":0,"event_name":"WeMeetAgain","floor":5,"gold_loss":67},{"damage_healed":0,"gold_gain":150,"player_choice":"AGREE","damage_taken":0,"max_hp_gain":0,"max_hp_loss":0,"event_name":"Liars Game","floor":14,"gold_loss":0,"cards_obtained":["Doubt"]},{"damage_healed":0,"gold_gain":0,"player_choice":"Got Potions","damage_taken":0,"max_hp_gain":0,"max_hp_loss":0,"event_name":"Lab","floor":21,"gold_loss":0},{"damage_healed":0,"gold_gain":0,"player_choice":"Became a vampire","damage_taken":0,"max_hp_gain":0,"max_hp_loss":24,"event_name":"Vampires","floor":31,"gold_loss":0,"cards_obtained":["Bite","Bite","Bite","Bite","Bite"]}],"is_beta":false,"boss_relics":[{"not_picked":["Cursed Key","Pandora\u0027s Box"],"picked":"Calling Bell"}],"items_purged_floors":[],"is_endless":false,"potions_floor_spawned":[6,8,10,16,19,25,30],"killed_by":"Champ","ascension_level":16}