{"gold_per_floor":[117,117,117,136,136,154,0,0,47,47,67,88,88,106,106,231,231,256,256,193,211,111,111,134,134,134,147,168,186,199,114,114,239,239,260,385,365,388,446,446,446,72,72,95,109,109,132,156,156,156],"floor_reached":50,"playtime":3858,"items_purged":["Strike_B","Strike_B"],"score":493,"play_id":"c612b348-e112-4066-824f-201b535b7e4e","local_time":"20181121002312","is_ascension_mode":false,"campfire_choices":[{"floor":8,"key":"RECALL"},{"data":"Zap","floor":13,"key":"SMITH"},{"data":"Dualcast","floor":15,"key":"SMITH"},{"data":"Hologram","floor":23,"key":"SMITH"},{"data":"Darkness","floor":25,"key":"SMITH"},{"data":"Electrodynamics","floor":32,"key":"SMITH"},{"floor":46,"key":"REST"},{"data":"Creative AI","floor":49,"key":"SMITH"}],"neow_cost":"NONE","seed_source_timestamp":181447773322020,"circlet_count":0,"master_deck":["Strike_B","Strike_B","Defend_B","Defend_B","Defend_B","Defend_B","Zap+1","Dualcast+1","Reinforced Body","Forethought","Cold Snap","Auto Shields","Self Repair","Conserve Battery","Sweeping Beam","Gash","Electrodynamics+1","Hologram+1","Glacier","Leap","Darkness+1","Compile Driver+1","Go for the Eyes","Creative AI+1","Gash","Compile Driver+1","Conserve Battery+1","Ball Lightning+1","Multi-Cast","Melter","Glacier+1","Sunder+1","Redo"],"relics":["Cracked Core","Oddly Smooth Stone","Golden Idol","Busted Crown","Mercury Hourglass","Bag of Marbles","Ornamental Fan","Lizard Tail","StoneCalendar","Pocketwatch","Dream Catcher","Chemical X","Matryoshka"],"potions_floor_usage":[16,16,33,33,39,40,44,50,50],"damage_taken":[{"damage":0,"enemies":"2 Louse","floor":1,"turns":2},{"damage":12,"enemies":"Small Slimes","floor":4,"turns":3},{"damage":1,"enemies":"Cultist","floor":6,"turns":4},{"damage":0,"enemies":"Large Slime","floor":11,"turns":4},{"damage":0,"enemies":"3 Louse","floor":12,"turns":5},{"damage":1,"enemies":"Red Slaver","floor":14,"turns":4},{"damage":32,"enemies":"Hexaghost","floor":16,"turns":12},{"damage":3,"enemies":"3 Byrds","floor":18,"turns":5},{"damage":2,"enemies":"Spheric Guardian","floor":21,"turns":4},{"damage":2,"enemies":"Chosen and Byrds","floor":24,"turns":7},{"damage":6,"enemies":"Centurion and Healer","floor":27,"turns":6},{"damage":15,"enemies":"3 Cultists","floor":28,"turns":5},{"damage":25,"enemies":"Snake Plant","floor":29,"turns":5},{"damage":0,"enemies":"Sentry and Sphere","floor":30,"turns":6},{"damage":100,"enemies":"Collector","floor":33,"turns":14},{"damage":9,"enemies":"3 Darklings","floor":35,"turns":2},{"damage":4,"enemies":"Mind Bloom Boss Battle","floor":36,"turns":8},{"damage":0,"enemies":"Orb Walker","floor":38,"turns":4},{"damage":59,"enemies":"2 Orb Walkers","floor":39,"turns":5},{"damage":0,"enemies":"Nemesis","floor":40,"turns":1},{"damage":21,"enemies":"3 Darklings","floor":44,"turns":4},{"damage":6,"enemies":"Spire Growth","floor":45,"turns":5},{"damage":0,"enemies":"Writhing Mass","floor":47,"turns":7},{"damage":0,"enemies":"Jaw Worm Horde","floor":48,"turns":5},{"damage":110,"enemies":"Awakened One","floor":50,"turns":13}],"seed_played":"4386802430979810897","potions_obtained":[{"floor":4,"key":"FocusPotion"},{"floor":6,"key":"Regen Potion"},{"floor":12,"key":"FocusPotion"},{"floor":21,"key":"SmokeBomb"},{"floor":27,"key":"Regen Potion"},{"floor":33,"key":"Strength Potion"},{"floor":37,"key":"FocusPotion"},{"floor":45,"key":"EssenceOfSteel"},{"floor":47,"key":"Regen Potion"}],"is_trial":false,"path_per_floor":["M","?","?","M","?","M","$","R","T","?","M","M","R","M","R","B",null,"M","?","?","M","$","R","M","R","T","M","M","M","M","?","R","B",null,"M","?","?","M","?","E","T","$","T","M","M","R","M","M","R","B"],"character_chosen":"DEFECT","items_purchased":["Self Repair","Chemical X","Multi-Cast","Melter"],"campfire_rested":1,"item_purchase_floors":[7,42,42,42],"current_hp_per_floor":[75,75,75,63,63,62,62,62,62,85,85,85,85,85,85,60,85,85,85,85,85,85,85,85,85,85,85,77,59,66,66,66,12,85,76,79,79,85,26,26,26,26,26,12,13,38,45,45,45,0],"gold":156,"neow_bonus":"RANDOM_COMMON_RELIC","is_prod":false,"is_daily":false,"chose_seed":false,"campfire_upgraded":6,"win_rate":0,"timestamp":1542777792,"path_taken":["M","?","?","?","?","M","$","R","T","?","M","M","R","?","R","BOSS","M","?","?","?","$","R","M","R","T","M","M","?","?","?","R","BOSS","M","?","?","?","?","E","?","$","T","M","M","R","?","M","R","BOSS"],"build_version":"2018-11-15","purchased_purges":2,"victory":false,"max_hp_per_floor":[75,75,75,75,75,75,75,75,75,85,85,85,85,85,85,85,85,85,85,85,85,85,85,85,85,85,85,85,85,85,85,85,85,85,85,85,85,85,85,85,85,85,85,85,85,85,85,85,85,85],"card_choices":[{"not_picked":["Ball Lightning","Compile Driver"],"picked":"Reinforced Body","floor":1},{"not_picked":["Hologram","Streamline"],"picked":"Cold Snap","floor":4},{"not_picked":["Sweeping Beam","Streamline"],"picked":"Auto Shields","floor":6},{"not_picked":["Aggregate","Leap"],"picked":"Conserve Battery","floor":11},{"not_picked":["Stack","Conserve Battery"],"picked":"Sweeping Beam","floor":12},{"not_picked":["Auto Shields","Steam"],"picked":"Gash","floor":14},{"not_picked":["Thunder Strike","Buffer"],"picked":"Electrodynamics","floor":16},{"not_picked":[],"picked":"Hologram","floor":18},{"not_picked":[],"picked":"Leap","floor":21},{"not_picked":[],"picked":"Darkness","floor":24},{"not_picked":["Leap"],"picked":"SKIP","floor":27},{"not_picked":[],"picked":"Compile Driver+1","floor":28},{"not_picked":[],"picked":"Go for the Eyes","floor":29},{"not_picked":["Cold Snap"],"picked":"SKIP","floor":30},{"not_picked":[],"picked":"Creative AI","floor":33},{"not_picked":[],"picked":"Gash","floor":35},{"not_picked":[],"picked":"Compile Driver+1","floor":36},{"not_picked":[],"picked":"Conserve Battery+1","floor":38},{"not_picked":[],"picked":"Ball Lightning+1","floor":39},{"not_picked":[],"picked":"Glacier+1","floor":44},{"not_picked":[],"picked":"Sunder+1","floor":45},{"not_picked":[],"picked":"Redo","floor":46},{"not_picked":["Redo"],"picked":"SKIP","floor":47},{"not_picked":["Skim"],"picked":"SKIP","floor":48}],"player_experience":31441,"relics_obtained":[{"floor":26,"key":"Bag of Marbles"},{"floor":36,"key":"StoneCalendar"},{"floor":39,"key":"Pocketwatch"},{"floor":41,"key":"Dream Catcher"},{"floor":43,"key":"Matryoshka"}],"event_choices":[{"damage_healed":0,"gold_gain":0,"player_choice":"Take Wound","damage_taken":0,"relics_obtained":["Golden Idol"],"max_hp_gain":0,"max_hp_loss":0,"event_name":"Golden Idol","floor":2,"gold_loss":0,"cards_obtained":["Injury"]},{"damage_healed":0,"gold_gain":0,"player_choice":"2 cards matched","damage_taken":0,"max_hp_gain":0,"max_hp_loss":0,"event_name":"Match and Keep!","floor":3,"gold_loss":0,"cards_obtained":["Forethought","Thunder Strike"]},{"cards_removed":["Injury"],"damage_healed":0,"gold_gain":0,"player_choice":"Forget","damage_taken":0,"max_hp_gain":0,"max_hp_loss":0,"event_name":"Living Wall","floor":5,"gold_loss":0},{"cards_removed":["Thunder Strike"],"damage_healed":13,"gold_gain":0,"player_choice":"Offered Rare","damage_taken":0,"max_hp_gain":10,"max_hp_loss":0,"event_name":"Bonfire Elementals","floor":10,"gold_loss":0},{"damage_healed":0,"gold_gain":0,"player_choice":"Read","damage_taken":0,"max_hp_gain":0,"max_hp_loss":0,"event_name":"The Library","floor":19,"gold_loss":0,"cards_obtained":["Glacier"]},{"damage_healed":0,"gold_gain":0,"player_choice":"Paid Gold","damage_taken":0,"relics_obtained":["Mercury Hourglass"],"max_hp_gain":0,"max_hp_loss":0,"event_name":"WeMeetAgain","floor":20,"gold_loss":63},{"damage_healed":0,"gold_gain":0,"player_choice":"Obtained Relic","damage_taken":0,"relics_obtained":["Ornamental Fan"],"max_hp_gain":0,"max_hp_loss":0,"event_name":"Addict","floor":31,"gold_loss":85},{"damage_healed":0,"gold_gain":0,"player_choice":"Fight","damage_taken":0,"max_hp_gain":0,"max_hp_loss":0,"event_name":"MindBloom","floor":36,"gold_loss":0},{"damage_healed":0,"gold_gain":0,"player_choice":"Bought 1 Potion","damage_taken":0,"max_hp_gain":0,"max_hp_loss":0,"event_name":"The Woman in Blue","floor":37,"gold_loss":0},{"damage_healed":0,"gold_gain":0,"player_choice":"Fight","damage_taken":0,"max_hp_gain":0,"max_hp_loss":0,"event_name":"Mysterious Sphere","floor":39,"gold_loss":0}],"is_beta":false,"boss_relics":[{"not_picked":["Philosopher\u0027s Stone","Cursed Key"],"picked":"Busted Crown"},{"not_picked":["Inserter","Velvet Choker"],"picked":"Lizard Tail"}],"items_purged_floors":[7,22],"is_endless":false,"potions_floor_spawned":[4,6,12,14,21,27,29,30,33,40,45,47],"killed_by":"Awakened One","ascension_level":0}