{"path_per_floor":["M","M","?","?","M","E","?","R","T","E","T","M","R","E","R","B",null,"M","M","$","M","?","R","E","R","T","R","?","M","R","M","R","B",null,"M","?","$","?","T","R","?","T","T","M","$","R","M","E","R","B"],"character_chosen":"THE_SILENT","items_purchased":["Peace Pipe"],"gold_per_floor":[114,125,75,75,85,115,145,145,145,176,232,242,242,269,269,366,366,384,402,28,39,39,39,71,71,95,95,95,108,108,123,123,219,219,235,287,187,187,187,187,187,187,187,201,76,76,91,122,122,122],"floor_reached":51,"campfire_rested":1,"playtime":4125,"item_purchase_floors":[20],"current_hp_per_floor":[70,70,70,70,70,59,59,59,59,54,54,54,54,41,62,62,70,58,56,56,49,49,49,49,49,49,49,49,49,49,49,49,14,49,37,14,14,14,14,14,43,43,43,43,43,43,43,16,16,21],"items_purged":["Strike_G","Bite+1","Survivor"],"gold":122,"score":734,"play_id":"e6187ebe-1d2c-4837-b8c7-91aa31268e6b","local_time":"20180531015009","is_prod":false,"is_daily":false,"chose_seed":false,"is_ascension_mode":false,"campfire_upgraded":5,"win_rate":0,"timestamp":1527724209,"campfire_choices":[{"data":"Backflip","floor":8,"key":"SMITH"},{"data":"Deadly Poison","floor":13,"key":"SMITH"},{"floor":15,"key":"REST"},{"data":"Defend_G","floor":23,"key":"PURGE"},{"data":"Catalyst","floor":25,"key":"SMITH"},{"data":"Defend_G","floor":27,"key":"PURGE"},{"data":"Defend_G","floor":30,"key":"PURGE"},{"data":"Defend_G","floor":32,"key":"PURGE"},{"data":"After Image","floor":40,"key":"SMITH"},{"data":"Calculated Gamble","floor":46,"key":"SMITH"},{"data":"Neutralize","floor":49,"key":"PURGE"}],"path_taken":["M","M","?","?","M","E","?","R","T","E","?","M","R","E","R","BOSS","M","?","$","M","?","R","E","R","T","R","?","M","R","M","R","BOSS","M","?","$","?","?","R","?","?","T","M","$","R","M","E","R","BOSS"],"build_version":"2018-05-24","seed_source_timestamp":1220391614131715,"purchased_purges":3,"victory":true,"master_deck":["Endless Agony","Bouncing Flask","Deadly Poison+1","Endless Agony","Backflip+1","Leg Sweep","Catalyst+1","Calculated Gamble+1","Deadly Poison","Escape Plan+1","Bite+1","Bite+1","Bite+1","Adrenaline","Corpse Explosion+1","After Image+1","Bane+1"],"max_hp_per_floor":[70,70,70,70,70,70,70,70,70,70,70,70,70,70,70,70,70,70,70,70,70,49,49,49,49,49,49,49,49,49,49,49,49,49,49,49,49,49,49,49,43,43,43,43,43,43,43,43,43,43],"relics":["Ring of the Snake","Kunai","Molten Egg 2","Bottled Lightning","Vajra","Tiny Chest","Happy Flower","Runic Dome","Peace Pipe","Juzu Bracelet","Ancient Tea Set","Lizard Tail","Girya","Ginger","Frozen Egg 2","Question Card","Prayer Wheel"],"card_choices":[{"not_picked":["Sucker Punch","Dagger Spray"],"picked":"Bouncing Flask","floor":1},{"not_picked":["Dagger Throw","Choke"],"picked":"Deadly Poison","floor":2},{"not_picked":["Acrobatics","Masterful Stab"],"picked":"Leg Sweep","floor":5},{"not_picked":["Distraction","Flying Knee","Underhanded Strike"],"picked":"SKIP","floor":6},{"not_picked":["Deflect","Quick Slash+1","Outmaneuver"],"picked":"SKIP","floor":10},{"not_picked":["Dodge and Roll","Escape Plan"],"picked":"Catalyst","floor":12},{"not_picked":["Heel Hook+1","PiercingWail"],"picked":"Calculated Gamble","floor":14},{"not_picked":["Flying Knee+1","Blur"],"picked":"Deadly Poison","floor":18},{"not_picked":["Sucker Punch+1","Infinite Blades"],"picked":"Escape Plan+1","floor":19},{"not_picked":["Flying Knee+1","Dagger Spray+1","Choke+1"],"picked":"SKIP","floor":21},{"not_picked":["Dagger Throw+1","Dagger Spray+1"],"picked":"Adrenaline","floor":24},{"not_picked":["Reflex","Acrobatics","Prepared"],"picked":"SKIP","floor":29},{"not_picked":["Deflect","Quick Slash+1","Flying Knee+1"],"picked":"SKIP","floor":31},{"not_picked":["Venomology","Die Die Die+1"],"picked":"After Image","floor":33},{"not_picked":["Underhanded Strike+1","Dash+1"],"picked":"Bane+1","floor":35},{"not_picked":["Deflect","Dagger Spray+1","Blade Dance","Quick Slash+1"],"picked":"SKIP","floor":44},{"not_picked":["Finisher+1","Underhanded Strike+1","Outmaneuver","Bane+1"],"picked":"SKIP","floor":47},{"not_picked":["Malaise","Unload+1","Heel Hook+1","Finisher+1"],"picked":"SKIP","floor":48}],"player_experience":113026,"potions_floor_usage":[6,10,33,50,50],"damage_taken":[{"damage":0,"enemies":"2 Louse","floor":1,"turns":3},{"damage":0,"enemies":"Jaw Worm","floor":2,"turns":3},{"damage":0,"enemies":"Small Slimes","floor":5,"turns":2},{"damage":11,"enemies":"Gremlin Nob","floor":6,"turns":5},{"damage":5,"enemies":"3 Sentries","floor":10,"turns":12},{"damage":0,"enemies":"Looter","floor":12,"turns":3},{"damage":13,"enemies":"Gremlin Nob","floor":14,"turns":3},{"damage":0,"enemies":"Slime Boss","floor":16,"turns":8},{"damage":12,"enemies":"Spheric Guardian","floor":18,"turns":4},{"damage":2,"enemies":"Chosen","floor":19,"turns":3},{"damage":7,"enemies":"3 Cultists","floor":21,"turns":6},{"damage":5,"enemies":"Book of Stabbing","floor":24,"turns":5},{"damage":0,"enemies":"Snake Plant","floor":29,"turns":2},{"damage":0,"enemies":"Cultist and Chosen","floor":31,"turns":2},{"damage":62,"enemies":"Champ","floor":33,"turns":9},{"damage":45,"enemies":"3 Darklings","floor":35,"turns":8},{"damage":44,"enemies":"Mysterious Sphere","floor":36,"turns":4},{"damage":1,"enemies":"Orb Walker","floor":44,"turns":3},{"damage":0,"enemies":"Maw","floor":47,"turns":4},{"damage":27,"enemies":"2 Orb Walkers","floor":48,"turns":3},{"damage":16,"enemies":"Awakened One","floor":50,"turns":14}],"relics_obtained":[{"floor":6,"key":"Kunai"},{"floor":9,"key":"Bottled Lightning"},{"floor":10,"key":"Vajra"},{"floor":11,"key":"Tiny Chest"},{"floor":14,"key":"Happy Flower"},{"floor":24,"key":"Juzu Bracelet"},{"floor":26,"key":"Ancient Tea Set"},{"floor":36,"key":"Girya"},{"floor":39,"key":"Ginger"},{"floor":42,"key":"Frozen Egg 2"},{"floor":43,"key":"Question Card"},{"floor":48,"key":"Prayer Wheel"}],"event_choices":[{"event_name":"The Cleric","player_choice":"Card Removal","floor":3,"damage_taken":0},{"event_name":"Match and Keep!","player_choice":"2 cards matched","floor":4,"damage_taken":0},{"event_name":"Dead Adventurer","player_choice":"Searched \u00272\u0027 times","floor":7,"damage_taken":0},{"event_name":"Vampires","player_choice":"Became a vampire","floor":22,"damage_taken":0},{"event_name":"Match and Keep!","player_choice":"1 cards matched","floor":28,"damage_taken":0},{"event_name":"Mysterious Sphere","player_choice":"Fight","floor":36,"damage_taken":0},{"event_name":"The Moai Head","player_choice":"Heal","floor":41,"damage_taken":0}],"boss_relics":[{"not_picked":["White Beast Statue","Tiny House"],"picked":"Runic Dome"},{"not_picked":["Cursed Key","Runic Pyramid"],"picked":"Lizard Tail"}],"items_purged_floors":[20,37,45],"potions_floor_spawned":[1,5,12,18,19,24,44,47,48],"seed_played":"2327329313811402320","ascension_level":0,"potions_obtained":[{"floor":1,"key":"GhostInAJar"},{"floor":5,"key":"Block Potion"},{"floor":12,"key":"Dexterity Potion"},{"floor":18,"key":"SteroidPotion"},{"floor":19,"key":"FairyPotion"},{"floor":24,"key":"LiquidBronze"},{"floor":44,"key":"SmokeBomb"},{"floor":48,"key":"EssenceOfSteel"}],"is_trial":false}