{"gold_per_floor":[113,113,113,131,141,141,171,171,197,197,224,224,224,242,242,316,316,335,335,17,17,33,33,62,62,62,62,9,42,52,32,32,103,103,114,63,81,81],"floor_reached":38,"playtime":2159,"items_purged":[],"score":777,"play_id":"cdc13335-c75f-464a-9c1b-4e9e1005c823","local_time":"20190430221146","is_ascension_mode":true,"campfire_choices":[{"data":"Streamline","floor":6.0,"key":"SMITH"},{"data":"Hologram","floor":8.0,"key":"SMITH"},{"data":"Loop","floor":10.0,"key":"SMITH"},{"floor":12.0,"key":"REST"},{"floor":15.0,"key":"REST"},{"data":"Beam Cell","floor":23.0,"key":"SMITH"},{"data":"Seek","floor":25.0,"key":"SMITH"},{"floor":32.0,"key":"REST"}],"neow_cost":"NONE","seed_source_timestamp":0,"circlet_count":0,"master_deck":["AscendersBane","Strike_B","Strike_B+1","Strike_B","Defend_B","Defend_B","Defend_B","Defend_B","Zap","Dualcast","Loop+1","Sweeping Beam","Streamline+1","Hologram+1","Beam Cell+1","Heatsinks","Echo Form+1","Conserve Battery","Writhe","Self Repair","Seek+1","Shame","Streamline+1","All For One","Rebound"],"special_seed":0,"relics":["Cracked Core","PreservedInsect","Anchor","Bottled Flame","Singing Bowl","Eternal Feather","Torii","Du-Vu Doll","Dead Branch","Blue Candle","Incense Burner","Whetstone","Sozu"],"potions_floor_usage":[],"damage_taken":[{"damage":9.0,"enemies":"2 Louse","floor":1.0,"turns":2.0},{"damage":1.0,"enemies":"Cultist","floor":4.0,"turns":4.0},{"damage":0.0,"enemies":"Small Slimes","floor":5.0,"turns":2.0},{"damage":25.0,"enemies":"3 Sentries","floor":7.0,"turns":6.0},{"damage":15.0,"enemies":"Lagavulin","floor":11.0,"turns":6.0},{"damage":30.0,"enemies":"Exordium Wildlife","floor":14.0,"turns":4.0},{"damage":32.0,"enemies":"The Guardian","floor":16.0,"turns":11.0},{"damage":20.0,"enemies":"Shell Parasite","floor":18.0,"turns":5.0},{"damage":3.0,"enemies":"3 Byrds","floor":22.0,"turns":3.0},{"damage":11.0,"enemies":"Slavers","floor":24.0,"turns":5.0},{"damage":8.0,"enemies":"Book of Stabbing","floor":29.0,"turns":4.0},{"damage":26.0,"enemies":"Shelled Parasite and Fungi","floor":30.0,"turns":5.0},{"damage":64.0,"enemies":"Automaton","floor":33.0,"turns":11.0},{"damage":13.0,"enemies":"3 Shapes","floor":35.0,"turns":3.0},{"damage":35.0,"enemies":"3 Darklings","floor":37.0,"turns":5.0},{"damage":35,"enemies":"Spire Growth","floor":38,"turns":3}],"seed_played":"2743350393270850219","potions_obtained":[{"floor":4.0,"key":"LiquidBronze"},{"floor":5.0,"key":"Fruit Juice"},{"floor":18.0,"key":"Poison Potion"},{"floor":29.0,"key":"Weak Potion"},{"floor":30.0,"key":"Explosive Potion"},{"floor":31.0,"key":"Energy Potion"},{"floor":33.0,"key":"FocusPotion"}],"is_trial":false,"path_per_floor":["M","?","?","M","M","R","E","R","T","R","E","R","?","M","R","B",null,"M","?","$","?","M","R","E","R","T","?","$","E","M","?","R","B",null,"M","$","M","M"],"character_chosen":"DEFECT","items_purchased":["Du-Vu Doll","Streamline","Rebound"],"campfire_rested":3,"item_purchase_floors":[20,28,36],"current_hp_per_floor":[62,62,62,61,66,66,41,41,41,41,26,50,45,15,39,7,64,44,44,44,44,41,53,49,61,61,61,61,55,31,31,69,12,68,57,57,31,0],"gold":81,"neow_bonus":"TEN_PERCENT_HP_BONUS","is_prod":false,"is_daily":false,"chose_seed":false,"campfire_upgraded":5,"win_rate":0,"timestamp":1556676706,"path_taken":["M","?","?","M","M","R","E","R","T","R","E","R","?","M","R","BOSS","M","?","$","?","?","R","E","R","T","?","?","E","?","?","R","BOSS","M","?","M","M"],"build_version":"2019-01-23","purchased_purges":0,"victory":false,"max_hp_per_floor":[78,78,78,78,83,83,83,83,83,83,83,83,83,83,83,83,83,83,83,83,83,83,83,83,83,83,83,83,85,87,87,87,87,87,89,89,91,91],"card_choices":[{"not_picked":["Hologram","Barrage"],"picked":"Loop","floor":1.0},{"not_picked":["Cold Snap","Leap"],"picked":"Sweeping Beam","floor":4.0},{"not_picked":["Stack","Coolheaded"],"picked":"Streamline","floor":5.0},{"not_picked":["Rainbow","Lockon"],"picked":"Hologram","floor":7.0},{"not_picked":["Reprogram","Turbo"],"picked":"Beam Cell","floor":11.0},{"not_picked":["Loop","Genetic Algorithm"],"picked":"Heatsinks","floor":14.0},{"not_picked":["Thunder Strike","Meteor Strike"],"picked":"Echo Form","floor":16.0},{"not_picked":["Sweeping Beam","Redo"],"picked":"Conserve Battery","floor":18.0},{"not_picked":["Stack","Genetic Algorithm"],"picked":"Self Repair","floor":22.0},{"not_picked":["Barrage","Biased Cognition"],"picked":"Seek","floor":24.0},{"not_picked":["Barrage","Turbo","Sweeping Beam"],"picked":"Singing Bowl","floor":29.0},{"not_picked":["Sweeping Beam","Ball Lightning","Cold Snap"],"picked":"Singing Bowl","floor":30.0},{"not_picked":["Electrodynamics","Machine Learning"],"picked":"All For One","floor":33.0},{"not_picked":["Barrage","Genetic Algorithm","Chill+1"],"picked":"Singing Bowl","floor":35.0},{"not_picked":["Doom and Gloom","Barrage","Darkness"],"picked":"Singing Bowl","floor":37.0}],"player_experience":2862522,"relics_obtained":[{"floor":7.0,"key":"PreservedInsect"},{"floor":9.0,"key":"Anchor"},{"floor":11.0,"key":"Bottled Flame"},{"floor":24.0,"key":"Dead Branch"},{"floor":26.0,"key":"Blue Candle"},{"floor":29.0,"key":"Whetstone"}],"event_choices":[{"damage_healed":0.0,"max_hp_gain":0.0,"max_hp_loss":0.0,"gold_gain":0.0,"event_name":"Golden Idol","player_choice":"Ignored","floor":2.0,"gold_loss":0.0,"damage_taken":0.0},{"cards_removed":["Strike_B"],"damage_healed":0.0,"max_hp_gain":0.0,"max_hp_loss":0.0,"gold_gain":0.0,"event_name":"Living Wall","player_choice":"Forget","floor":3.0,"gold_loss":0.0,"damage_taken":0.0},{"damage_healed":0.0,"max_hp_gain":0.0,"max_hp_loss":0.0,"gold_gain":0.0,"event_name":"Scrap Ooze","player_choice":"Success","floor":13.0,"gold_loss":0.0,"damage_taken":5.0,"relics_obtained":["Singing Bowl"]},{"damage_healed":0.0,"max_hp_gain":0.0,"max_hp_loss":0.0,"gold_gain":0.0,"event_name":"The Mausoleum","player_choice":"Opened","floor":19.0,"gold_loss":0.0,"damage_taken":0.0,"relics_obtained":["Torii"],"cards_obtained":["Writhe"]},{"damage_healed":0.0,"max_hp_gain":0.0,"max_hp_loss":0.0,"gold_gain":0.0,"event_name":"Upgrade Shrine","player_choice":"Upgraded","floor":21.0,"gold_loss":0.0,"damage_taken":0.0,"cards_upgraded":["Echo Form"]},{"damage_healed":0.0,"max_hp_gain":0.0,"max_hp_loss":0.0,"gold_gain":0.0,"event_name":"Addict","player_choice":"Stole Relic","floor":27.0,"gold_loss":0.0,"damage_taken":0.0,"relics_obtained":["Incense Burner"],"cards_obtained":["Shame"]},{"damage_healed":0.0,"max_hp_gain":0.0,"max_hp_loss":0.0,"gold_gain":0.0,"event_name":"The Woman in Blue","player_choice":"Bought 1 Potion","floor":31.0,"gold_loss":0.0,"damage_taken":0.0}],"is_beta":false,"boss_relics":[{"not_picked":["Empty Cage","Runic Dome"],"picked":"Eternal Feather"},{"not_picked":["Tiny House","Orrery"],"picked":"Sozu"}],"items_purged_floors":[],"is_endless":false,"potions_floor_spawned":[4,5,18,29,30,33,35,37],"killed_by":"Spire Growth","ascension_level":16}