{"gold_per_floor":[167,185,202,202,48,78,89,122,122,122,156,168,118,144,144,241,241,258,38,138,101,51,84,99,118,145,178,196,196,227,244,244,343,343,360,378,429,231,331,362,362,374,398,398,398,413,108,121,121,121],"floor_reached":50,"playtime":6712,"items_purged":["Pain","Strike_G","Strike_G","Strike_G"],"score":802,"play_id":"d605a8ae-824f-4499-bad9-0e6393fec7ea","local_time":"20181227222215","is_ascension_mode":true,"campfire_choices":[{"floor":10,"key":"REST"},{"data":"Burst","floor":15,"key":"SMITH"},{"floor":29,"key":"REST"},{"floor":32,"key":"REST"},{"floor":41,"key":"REST"},{"floor":44,"key":"REST"},{"floor":49,"key":"RECALL"}],"neow_cost":"NONE","seed_source_timestamp":126522836901705,"circlet_count":0,"master_deck":["Defend_G","Defend_G","Defend_G","Defend_G+1","Defend_G","Survivor","Neutralize","Quick Slash","Poisoned Stab","Slice","Cloak And Dagger","Bouncing Flask","Escape Plan","Backflip","Burst+1","Adrenaline","Cloak And Dagger","Adrenaline","Adrenaline","Bouncing Flask","Infinite Blades","Dramatic Entrance","Footwork","Cloak And Dagger","Footwork","Footwork","Noxious Fumes","Tools of the Trade","Cloak And Dagger+1","Catalyst","Infinite Blades"],"relics":["Tiny House","WarpedTongs","Ginger","Bronze Scales","Singing Bowl","Gremlin Horn","Pear","WristBlade","Turnip","Question Card","Happy Flower","PreservedInsect","Centennial Puzzle","Ancient Tea Set","Lizard Tail","Gambling Chip","The Specimen","Molten Egg 2","Vajra"],"potions_floor_usage":[6,8,8,16,20,23,27,28,30,37,37,42,50],"damage_taken":[{"damage":0,"enemies":"Small Slimes","floor":1,"turns":3},{"damage":3,"enemies":"Cultist","floor":2,"turns":5},{"damage":0,"enemies":"2 Louse","floor":3,"turns":3},{"damage":33,"enemies":"3 Sentries","floor":6,"turns":7},{"damage":3,"enemies":"Looter","floor":7,"turns":3},{"damage":9,"enemies":"Gremlin Nob","floor":8,"turns":4},{"damage":4,"enemies":"Lagavulin","floor":11,"turns":5},{"damage":2,"enemies":"Lots of Slimes","floor":12,"turns":3},{"damage":4,"enemies":"3 Sentries","floor":14,"turns":6},{"damage":24,"enemies":"Slime Boss","floor":16,"turns":12},{"damage":0,"enemies":"Spheric Guardian","floor":18,"turns":2},{"damage":30,"enemies":"Colosseum Slavers","floor":20,"turns":3},{"damage":35,"enemies":"Colosseum Nobs","floor":20,"turns":4},{"damage":7,"enemies":"Book of Stabbing","floor":23,"turns":4},{"damage":0,"enemies":"Chosen","floor":24,"turns":3},{"damage":6,"enemies":"Shelled Parasite and Fungi","floor":25,"turns":3},{"damage":1,"enemies":"Slavers","floor":27,"turns":3},{"damage":1,"enemies":"3 Cultists","floor":28,"turns":4},{"damage":5,"enemies":"Book of Stabbing","floor":30,"turns":4},{"damage":0,"enemies":"Sentry and Sphere","floor":31,"turns":6},{"damage":35,"enemies":"Automaton","floor":33,"turns":8},{"damage":11,"enemies":"3 Darklings","floor":35,"turns":5},{"damage":10,"enemies":"Orb Walker","floor":36,"turns":4},{"damage":44,"enemies":"2 Orb Walkers","floor":37,"turns":6},{"damage":0,"enemies":"Mind Bloom Boss Battle","floor":39,"turns":5},{"damage":9,"enemies":"Giant Head","floor":40,"turns":6},{"damage":17,"enemies":"Transient","floor":42,"turns":5},{"damage":9,"enemies":"Maw","floor":46,"turns":5},{"damage":25,"enemies":"Sphere and 2 Shapes","floor":48,"turns":7},{"damage":101,"enemies":"Time Eater","floor":50,"turns":8}],"seed_played":"-4365143566936419729","potions_obtained":[{"floor":0,"key":"GhostInAJar"},{"floor":2,"key":"Energy Potion"},{"floor":6,"key":"LiquidBronze"},{"floor":11,"key":"Strength Potion"},{"floor":12,"key":"Poison Potion"},{"floor":20,"key":"Energy Potion"},{"floor":25,"key":"GamblersBrew"},{"floor":27,"key":"Explosive Potion"},{"floor":28,"key":"GamblersBrew"},{"floor":33,"key":"AttackPotion"},{"floor":36,"key":"SpeedPotion"},{"floor":37,"key":"SpeedPotion"},{"floor":39,"key":"Strength Potion"}],"is_trial":false,"path_per_floor":["M","M","M","?","$","E","M","E","T","R","E","M","?","E","R","B",null,"M","$","?","$","?","E","M","M","T","E","M","R","E","M","R","B",null,"M","M","?","$","?","E","R","M","T","R","?","M","$","M","R","B"],"character_chosen":"THE_SILENT","items_purchased":["Bouncing Flask","Infinite Blades","Dramatic Entrance","Footwork","Catalyst","Vajra"],"campfire_rested":5,"item_purchase_floors":[5,19,19,21,38,47],"current_hp_per_floor":[75,72,72,72,72,39,36,27,27,49,45,43,43,49,49,25,85,85,85,22,22,22,15,17,11,11,10,11,38,33,35,62,27,93,84,76,32,32,34,25,54,39,39,69,69,62,62,39,39,0],"gold":121,"neow_bonus":"BOSS_RELIC","is_prod":false,"is_daily":false,"chose_seed":false,"campfire_upgraded":1,"win_rate":0,"timestamp":1545970935,"path_taken":["M","M","M","?","$","E","?","E","T","R","E","M","?","E","R","BOSS","M","$","?","$","?","E","M","M","T","E","M","R","E","?","R","BOSS","M","M","?","$","?","E","R","M","T","R","?","?","$","M","R","BOSS"],"build_version":"2018-12-20","purchased_purges":4,"victory":false,"max_hp_per_floor":[75,75,75,75,75,75,75,75,75,75,75,75,75,85,85,85,85,85,85,87,87,87,87,89,89,89,89,91,91,91,93,93,93,93,95,97,97,97,99,99,99,101,101,101,101,103,103,105,105,105],"card_choices":[{"not_picked":["Choke","Underhanded Strike"],"picked":"Quick Slash","floor":0},{"not_picked":["Calculated Gamble","Setup"],"picked":"Poisoned Stab","floor":1},{"not_picked":["Bane","Blur"],"picked":"Slice","floor":2},{"not_picked":["Prepared","Deadly Poison"],"picked":"Cloak And Dagger","floor":3},{"not_picked":["PiercingWail","Deadly Poison"],"picked":"Escape Plan","floor":6},{"not_picked":["Dagger Throw","Blade Dance"],"picked":"Backflip","floor":7},{"not_picked":["Setup","Deflect"],"picked":"Burst","floor":8},{"not_picked":["Quick Slash","Cloak And Dagger"],"picked":"Adrenaline","floor":11},{"not_picked":["PiercingWail","Infinite Blades"],"picked":"Cloak And Dagger","floor":12},{"not_picked":["Dagger Spray","Acrobatics"],"picked":"Adrenaline","floor":14},{"not_picked":["Venomology","Glass Knife"],"picked":"Adrenaline","floor":16},{"not_picked":["Choke+1","Quick Slash"],"picked":"Bouncing Flask","floor":18},{"not_picked":["Poisoned Stab","Acrobatics","Concentrate+1"],"picked":"Singing Bowl","floor":20},{"not_picked":["Phantasmal Killer","Deflect","Caltrops"],"picked":"Cloak And Dagger","floor":23},{"not_picked":["Poisoned Stab","Eviscerate","Backstab+1","Tactician+1"],"picked":"Singing Bowl","floor":24},{"not_picked":["Eviscerate+1","Caltrops","Poisoned Stab+1"],"picked":"Footwork","floor":25},{"not_picked":["Slice","Blade Dance","Unload"],"picked":"Footwork","floor":27},{"not_picked":["Outmaneuver","Deadly Poison","Slice+1","Blade Dance"],"picked":"Singing Bowl","floor":28},{"not_picked":["Poisoned Stab+1","Slice","Quick Slash"],"picked":"Noxious Fumes","floor":30},{"not_picked":["Backstab+1","Quick Slash","Acrobatics","Sucker Punch"],"picked":"Singing Bowl","floor":31},{"not_picked":["Grand Finale","Bullet Time","Malaise"],"picked":"Tools of the Trade","floor":33},{"not_picked":["Blade Dance","Footwork","Cloak And Dagger","Dagger Spray"],"picked":"Singing Bowl","floor":35},{"not_picked":["Backflip+1","All Out Attack","Backstab","Predator+1"],"picked":"Singing Bowl","floor":36},{"not_picked":["Flying Knee","All Out Attack","Caltrops"],"picked":"Cloak And Dagger+1","floor":37},{"not_picked":["Underhanded Strike+1","Night Terror","Concentrate","Choke+1"],"picked":"Singing Bowl","floor":39},{"not_picked":["Cloak And Dagger","Blur","Deadly Poison+1"],"picked":"Infinite Blades","floor":40},{"not_picked":["Slice+1","Bane+1","Deadly Poison","Flying Knee+1"],"picked":"Singing Bowl","floor":42},{"not_picked":["Sucker Punch+1","Slice+1","Choke+1","Deadly Poison+1"],"picked":"Singing Bowl","floor":46},{"not_picked":["Expertise","Cloak And Dagger+1","Backflip","Caltrops+1"],"picked":"Singing Bowl","floor":48}],"player_experience":337917,"relics_obtained":[{"floor":6,"key":"Ginger"},{"floor":8,"key":"Bronze Scales"},{"floor":9,"key":"Singing Bowl"},{"floor":11,"key":"Gremlin Horn"},{"floor":14,"key":"Pear"},{"floor":20,"key":"Turnip"},{"floor":20,"key":"Question Card"},{"floor":23,"key":"Happy Flower"},{"floor":26,"key":"PreservedInsect"},{"floor":27,"key":"Centennial Puzzle"},{"floor":30,"key":"Ancient Tea Set"},{"floor":37,"key":"Gambling Chip"},{"floor":39,"key":"The Specimen"},{"floor":40,"key":"Molten Egg 2"}],"event_choices":[{"damage_healed":0,"gold_gain":0,"player_choice":"Rummage","damage_taken":0,"relics_obtained":["WarpedTongs"],"max_hp_gain":0,"max_hp_loss":0,"event_name":"Accursed Blacksmith","floor":4,"gold_loss":0,"cards_obtained":["Pain"]},{"cards_removed":["Strike_G"],"damage_healed":0,"gold_gain":0,"player_choice":"Card Removal","damage_taken":0,"max_hp_gain":0,"max_hp_loss":0,"event_name":"The Cleric","floor":13,"gold_loss":50},{"damage_healed":0,"gold_gain":0,"player_choice":"Fight","damage_taken":0,"max_hp_gain":0,"max_hp_loss":0,"event_name":"Colosseum","floor":20,"gold_loss":0},{"damage_healed":0,"gold_gain":0,"player_choice":"Fought Nobs","damage_taken":0,"max_hp_gain":0,"max_hp_loss":0,"event_name":"Colosseum","floor":20,"gold_loss":0},{"damage_healed":0,"gold_gain":0,"player_choice":"Bet on Owner","damage_taken":0,"max_hp_gain":0,"max_hp_loss":0,"event_name":"The Joust","floor":22,"gold_loss":50},{"damage_healed":0,"gold_gain":0,"player_choice":"Fight","damage_taken":0,"max_hp_gain":0,"max_hp_loss":0,"event_name":"Mysterious Sphere","floor":37,"gold_loss":0},{"damage_healed":0,"gold_gain":0,"player_choice":"Fight","damage_taken":0,"max_hp_gain":0,"max_hp_loss":0,"event_name":"MindBloom","floor":39,"gold_loss":0},{"cards_removed":["Strike_G"],"damage_healed":0,"gold_gain":0,"player_choice":"Purged","damage_taken":0,"max_hp_gain":0,"max_hp_loss":0,"event_name":"Purifier","floor":45,"gold_loss":0}],"is_beta":false,"boss_relics":[{"not_picked":["Orrery","Coffee Dripper"],"picked":"WristBlade"},{"not_picked":["Eternal Feather","Velvet Choker"],"picked":"Lizard Tail"}],"items_purged_floors":[5,19,38,47],"is_endless":false,"potions_floor_spawned":[2,6,11,12,20,25,27,28,33,36,37,39],"killed_by":"Time Eater","ascension_level":4}