{"gold_per_floor":[111,111,286,236,254,283,299,299,324,349,349,360,360,48,48,150,150,168,43,55,55,55,55,154,154,154,173,188,103,23,47,47,142,142,157,157,173,186,186,186,118,118,165,165,195,195,195,208,208,208],"floor_reached":51,"playtime":2713,"items_purged":[],"score":933,"play_id":"914995ac-c1b8-4330-8efc-1ac5598f4282","local_time":"20190303152248","is_ascension_mode":true,"campfire_choices":[{"data":"Sucker Punch","floor":8,"key":"SMITH"},{"data":"Leg Sweep","floor":11,"key":"SMITH"},{"data":"Tactician","floor":13,"key":"SMITH"},{"data":"Cloak And Dagger","floor":15,"key":"SMITH"},{"data":"Accuracy","floor":23,"key":"SMITH"},{"data":"Accuracy","floor":25,"key":"SMITH"},{"floor":32,"key":"REST"},{"data":"Adrenaline","floor":40,"key":"SMITH"},{"floor":42,"key":"REST"},{"data":"Cloak And Dagger","floor":44,"key":"SMITH"},{"floor":49,"key":"REST"}],"neow_cost":"NONE","seed_source_timestamp":0,"circlet_count":0,"master_deck":["Survivor+1","Neutralize+1","Dash+1","Acrobatics+1","Sucker Punch+1","Tactician+1","Leg Sweep+1","Well Laid Plans+1","Cloak And Dagger+1","After Image+1","Accuracy+1","Cloak And Dagger+1","Accuracy+1","Cloak And Dagger+1","Footwork+1","Adrenaline+1","Flechettes+1","Blur+1","Calculated Gamble+1","Dagger Spray+1","Escape Plan+1","Caltrops+1","Backstab+1","Flechettes+1","Dagger Throw+1","Outmaneuver+1","Blade Dance+1","Accuracy+1","Footwork+1","Blade Dance+1","Accuracy+1","Parasite","Finisher+1"],"special_seed":0,"relics":["Ring of the Snake","Boot","PreservedInsect","Ancient Tea Set","Ninja Scroll","WristBlade","Singing Bowl","Ice Cream","Centennial Puzzle","Pandora\u0027s Box","Anchor","Dodecahedron","Mark of the Bloom"],"potions_floor_usage":[6,6,27,33,33,33,37,50,50],"damage_taken":[{"damage":0.0,"enemies":"Cultist","floor":1.0,"turns":3.0},{"damage":3.0,"enemies":"2 Louse","floor":5.0,"turns":3.0},{"damage":23,"enemies":"Gremlin Nob","floor":6,"turns":5},{"damage":0,"enemies":"Jaw Worm","floor":7,"turns":4},{"damage":5,"enemies":"Lagavulin","floor":10,"turns":6},{"damage":0,"enemies":"Blue Slaver","floor":12,"turns":3},{"damage":21,"enemies":"The Guardian","floor":16,"turns":21},{"damage":5,"enemies":"Spheric Guardian","floor":18,"turns":4},{"damage":7,"enemies":"Shell Parasite","floor":20,"turns":7},{"damage":0,"enemies":"3 Cultists","floor":27,"turns":5},{"damage":24,"enemies":"Shelled Parasite and Fungi","floor":28,"turns":5},{"damage":10,"enemies":"Champ","floor":33,"turns":11},{"damage":6,"enemies":"3 Shapes","floor":35,"turns":3},{"damage":0,"enemies":"3 Darklings","floor":37,"turns":4},{"damage":15,"enemies":"Jaw Worm Horde","floor":38,"turns":5},{"damage":0,"enemies":"Giant Head","floor":45,"turns":5},{"damage":0,"enemies":"Writhing Mass","floor":48,"turns":6},{"damage":41,"enemies":"Awakened One","floor":50,"turns":10}],"seed_played":"-902258250495983636","potions_obtained":[{"floor":1.0,"key":"Strength Potion"},{"floor":5.0,"key":"Poison Potion"},{"floor":16,"key":"SteroidPotion"},{"floor":18,"key":"GhostInAJar"},{"floor":27,"key":"Strength Potion"},{"floor":28,"key":"EssenceOfSteel"},{"floor":33,"key":"Energy Potion"},{"floor":38,"key":"Explosive Potion"},{"floor":48,"key":"Fire Potion"}],"is_trial":false,"path_per_floor":["M","?","?","?","M","E","M","R","T","E","R","M","R","$","R","B",null,"M","$","M","?","$","R","?","R","T","M","M","?","$","T","R","B",null,"M","?","M","M","$","R","$","R","T","R","E","?","?","M","R","B",null],"character_chosen":"THE_SILENT","items_purchased":["Ninja Scroll","Cloak And Dagger","Accuracy","Cloak And Dagger","Footwork","Accuracy"],"campfire_rested":3,"item_purchase_floors":[14,14,19,19,30,41],"current_hp_per_floor":[70,70,70,70,67,44,44,44,44,39,39,39,39,39,39,18,62,57,57,50,50,50,50,50,50,50,50,28,28,28,28,51,41,70,64,64,64,49,49,49,49,72,72,72,74,74,74,74,74,33],"gold":208,"neow_bonus":"TEN_PERCENT_HP_BONUS","is_prod":false,"is_daily":false,"chose_seed":false,"campfire_upgraded":8,"win_rate":0,"timestamp":1551644568,"path_taken":["M","?","?","?","M","E","M","R","T","E","R","M","R","$","R","BOSS","M","$","M","?","$","R","?","R","T","M","M","?","$","?","R","BOSS","M","?","?","M","?","R","$","R","T","R","E","?","?","M","R","BOSS"],"build_version":"2019-01-23","purchased_purges":0,"victory":true,"max_hp_per_floor":[77,77,77,77,77,77,77,77,77,77,77,77,77,77,77,77,77,77,77,77,77,77,77,77,77,77,77,79,79,79,79,79,79,79,79,79,79,79,79,79,79,79,79,79,81,81,77,77,77,77],"card_choices":[{"not_picked":["Setup","Prepared"],"picked":"Dash","floor":1.0},{"not_picked":["Backflip","Blade Dance"],"picked":"Acrobatics","floor":5.0},{"not_picked":["Dagger Throw","Expertise"],"picked":"Sucker Punch","floor":6},{"not_picked":["Outmaneuver","Blur"],"picked":"Tactician","floor":7},{"not_picked":["Catalyst","Bouncing Flask"],"picked":"Leg Sweep","floor":10},{"not_picked":["Acrobatics","Underhanded Strike"],"picked":"Well Laid Plans","floor":12},{"not_picked":["Burst","Glass Knife"],"picked":"After Image","floor":16},{"not_picked":["Flying Knee","Deflect","Dagger Spray"],"picked":"SKIP","floor":18},{"not_picked":["All Out Attack","Reflex"],"picked":"Accuracy","floor":20},{"not_picked":["Choke+1","Backflip"],"picked":"Cloak And Dagger+1","floor":27},{"not_picked":["Outmaneuver","Acrobatics","Bane"],"picked":"Singing Bowl","floor":28},{"not_picked":["Malaise","Night Terror"],"picked":"Adrenaline","floor":33},{"not_picked":["Backflip+1","Underhanded Strike+1"],"picked":"Blade Dance+1","floor":35},{"not_picked":["Escape Plan+1","Caltrops"],"picked":"Footwork","floor":37},{"not_picked":["Dodge and Roll","Backflip+1"],"picked":"Blade Dance+1","floor":38},{"not_picked":["Dagger Spray+1","Prepared","Choke+1"],"picked":"Singing Bowl","floor":45},{"not_picked":["Bullet Time","Bane"],"picked":"Finisher+1","floor":48}],"player_experience":2322690,"relics_obtained":[{"floor":6,"key":"Boot"},{"floor":9,"key":"PreservedInsect"},{"floor":10,"key":"Ancient Tea Set"},{"floor":26,"key":"Singing Bowl"},{"floor":31,"key":"Centennial Puzzle"},{"floor":43,"key":"Anchor"},{"floor":45,"key":"Dodecahedron"}],"event_choices":[{"damage_healed":0.0,"max_hp_gain":0.0,"max_hp_loss":0.0,"gold_gain":0.0,"event_name":"Golden Idol","player_choice":"Ignored","floor":2.0,"gold_loss":0.0,"damage_taken":0.0},{"damage_healed":0.0,"max_hp_gain":0.0,"max_hp_loss":0.0,"gold_gain":175.0,"event_name":"Liars Game","player_choice":"AGREE","floor":3.0,"gold_loss":0.0,"damage_taken":0.0,"cards_obtained":["Doubt"]},{"cards_removed":["Doubt"],"damage_healed":0.0,"max_hp_gain":0.0,"max_hp_loss":0.0,"gold_gain":0.0,"event_name":"The Cleric","player_choice":"Card Removal","floor":4.0,"gold_loss":50.0,"damage_taken":0.0},{"damage_healed":0,"gold_gain":0,"player_choice":"Ignored","damage_taken":0,"max_hp_gain":0,"max_hp_loss":0,"event_name":"Beggar","floor":21,"gold_loss":0},{"damage_healed":0,"gold_gain":99,"player_choice":"Stole From Cult","damage_taken":0,"max_hp_gain":0,"max_hp_loss":0,"event_name":"Nest","floor":24,"gold_loss":0},{"damage_healed":0,"gold_gain":0,"player_choice":"Obtained Relic","damage_taken":0,"relics_obtained":["Ice Cream"],"max_hp_gain":0,"max_hp_loss":0,"event_name":"Addict","floor":29,"gold_loss":85},{"damage_healed":0,"gold_gain":0,"player_choice":"Copied","damage_taken":0,"max_hp_gain":0,"max_hp_loss":0,"event_name":"Duplicator","floor":36,"gold_loss":0,"cards_obtained":["Accuracy"]},{"damage_healed":0,"gold_gain":0,"player_choice":"Upgrade","damage_taken":0,"relics_obtained":["Mark of the Bloom"],"max_hp_gain":0,"max_hp_loss":0,"event_name":"MindBloom","floor":46,"gold_loss":0,"cards_upgraded":["Survivor","Neutralize","Dash","Acrobatics","Well Laid Plans","After Image","Footwork","Flechettes","Blur","Calculated Gamble","Dagger Spray","Escape Plan","Caltrops","Backstab","Flechettes","Dagger Throw","Outmaneuver","Footwork","Accuracy"]},{"damage_healed":0,"gold_gain":0,"player_choice":"Max HP","damage_taken":0,"max_hp_gain":0,"max_hp_loss":4,"event_name":"Winding Halls","floor":47,"gold_loss":0}],"is_beta":false,"boss_relics":[{"not_picked":["Orrery","Astrolabe"],"picked":"WristBlade"},{"not_picked":["Lizard Tail","HoveringKite"],"picked":"Pandora\u0027s Box"}],"items_purged_floors":[],"is_endless":false,"potions_floor_spawned":[1,5,16,18,27,28,33,38,48],"ascension_level":7}