{"gold_per_floor":[216,230,72,88,88,88,119,119,142,157,157,177,177,47,47,149,149,159,109,125,75,91,91,117,117,117,117,16,28,42,54,54,153,153,164,114,127,141,46,46,0,0,0,0,13,26,26,36,36,36],"floor_reached":51,"playtime":1650,"items_purged":["Strike_B","Strike_B","Strike_B","Defend_B","Pain","Coolheaded","Self Repair"],"score":794,"play_id":"06613773-5c0c-44b4-aca4-b29fb1919ae6","local_time":"20190516022438","is_ascension_mode":false,"campfire_choices":[{"data":"Defragment","floor":6.0,"key":"SMITH"},{"data":"Zap","floor":8.0,"key":"SMITH"},{"data":"Rainbow","floor":13.0,"key":"SMITH"},{"data":"Defragment","floor":15.0,"key":"SMITH"},{"data":"Dualcast","floor":23.0,"key":"SMITH"},{"data":"Defragment","floor":25.0,"key":"SMITH"},{"data":"Loop","floor":32.0,"key":"SMITH"},{"data":"Rainbow","floor":40.0,"key":"SMITH"},{"data":"Consume","floor":42.0,"key":"SMITH"},{"floor":49,"key":"REST"}],"neow_cost":"NONE","seed_source_timestamp":3259400889240,"circlet_count":0,"master_deck":["Zap+1","Dualcast+1","Cold Snap","Consume+1","Defragment+1","Conserve Battery","Rebound","Skim","Rainbow+1","Loop+1","Defragment+1","Recycle+1","Defragment+1","Ball Lightning","Hello World","Rainbow+1","Coolheaded+1","Thunder Strike+1","Capacitor+1","Fusion","Ball Lightning","Ball Lightning+1","Defragment+1","Consume+1"],"special_seed":0,"relics":["Cracked Core","Smiling Mask","Pen Nib","Odd Mushroom","Velvet Choker","Potion Belt","Bottled Flame","WarpedTongs","Astrolabe","Red Mask","Question Card"],"potions_floor_usage":[46,50],"damage_taken":[{"damage":0.0,"enemies":"Cultist","floor":1.0,"turns":3.0},{"damage":4.0,"enemies":"Jaw Worm","floor":2.0,"turns":3.0},{"damage":2.0,"enemies":"2 Louse","floor":4.0,"turns":2.0},{"damage":0.0,"enemies":"Gremlin Gang","floor":5.0,"turns":1.0},{"damage":8.0,"enemies":"Lagavulin","floor":7.0,"turns":6.0},{"damage":0.0,"enemies":"3 Louse","floor":10.0,"turns":2.0},{"damage":14.0,"enemies":"The Mushroom Lair","floor":12.0,"turns":3.0},{"damage":10.0,"enemies":"Slime Boss","floor":16.0,"turns":6.0},{"damage":0.0,"enemies":"Chosen","floor":18.0,"turns":5.0},{"damage":7.0,"enemies":"3 Byrds","floor":20.0,"turns":4.0},{"damage":0.0,"enemies":"Cultist and Chosen","floor":22.0,"turns":7.0},{"damage":27.0,"enemies":"Gremlin Leader","floor":24.0,"turns":7.0},{"damage":0.0,"enemies":"Chosen and Byrds","floor":29.0,"turns":4.0},{"damage":20.0,"enemies":"Sentry and Sphere","floor":30.0,"turns":4.0},{"damage":5.0,"enemies":"3 Cultists","floor":31.0,"turns":5.0},{"damage":0.0,"enemies":"Automaton","floor":33.0,"turns":8.0},{"damage":4.0,"enemies":"3 Shapes","floor":35.0,"turns":5.0},{"damage":5.0,"enemies":"Orb Walker","floor":37.0,"turns":3.0},{"damage":0.0,"enemies":"Maw","floor":38.0,"turns":6.0},{"damage":0.0,"enemies":"Sphere and 2 Shapes","floor":45.0,"turns":3.0},{"damage":32,"enemies":"4 Shapes","floor":46,"turns":5},{"damage":0,"enemies":"Maw","floor":48,"turns":5},{"damage":0,"enemies":"Time Eater","floor":50,"turns":9}],"seed_played":"7760024455466113013","potions_obtained":[{"floor":1.0,"key":"SmokeBomb"},{"floor":2.0,"key":"Strength Potion"},{"floor":4.0,"key":"SkillPotion"},{"floor":18.0,"key":"Swift Potion"},{"floor":20.0,"key":"SkillPotion"},{"floor":33.0,"key":"Energy Potion"},{"floor":37.0,"key":"SkillPotion"},{"floor":38.0,"key":"AttackPotion"},{"floor":48,"key":"Poison Potion"}],"is_trial":false,"path_per_floor":["M","M","$","M","M","R","E","R","T","M","?","?","R","$","R","B",null,"M","$","M","$","M","R","E","R","T","?","$","M","M","M","R","B",null,"M","$","M","M","$","R","?","R","T","?","M","M","?","M","R","B",null],"character_chosen":"DEFECT","items_purchased":["Defragment","Conserve Battery","Defragment","Ball Lightning","Ball Lightning"],"campfire_rested":1,"item_purchase_floors":[3,3,14,28,39],"current_hp_per_floor":[75,71,71,69,69,69,61,61,61,61,54,40,40,40,40,30,75,75,75,68,68,75,75,55,55,55,55,55,62,52,54,54,61,75,75,75,70,75,75,75,75,75,75,85,85,53,53,53,78,78],"gold":36,"neow_bonus":"HUNDRED_GOLD","is_prod":false,"is_daily":false,"chose_seed":false,"campfire_upgraded":9,"win_rate":0,"timestamp":1557995078,"path_taken":["M","M","?","M","M","R","E","R","T","M","?","?","R","$","R","BOSS","M","$","M","$","M","R","E","R","T","?","$","M","M","M","R","BOSS","M","$","M","?","$","R","?","R","T","?","M","?","?","M","R","BOSS"],"build_version":"2019-01-23","purchased_purges":7,"victory":true,"max_hp_per_floor":[75,75,75,75,75,75,75,75,75,75,75,75,75,75,75,75,75,75,75,75,75,75,75,75,75,75,75,75,75,75,75,75,75,75,75,75,75,75,75,75,75,75,75,85,85,85,85,85,85,85],"card_choices":[{"not_picked":["Barrage","Stack"],"picked":"Cold Snap","floor":1.0},{"not_picked":["Chill","Auto Shields"],"picked":"Consume","floor":2.0},{"not_picked":["Stack","Go for the Eyes"],"picked":"Rebound","floor":4.0},{"not_picked":["Beam Cell","Steam Power"],"picked":"Skim","floor":7.0},{"not_picked":["Darkness","Sunder"],"picked":"Rainbow","floor":10.0},{"not_picked":["Skim","Rebound"],"picked":"Loop","floor":12.0},{"not_picked":["Go for the Eyes","Auto Shields","Barrage+1"],"picked":"SKIP","floor":18.0},{"not_picked":["Skim","Chill"],"picked":"Self Repair","floor":20.0},{"not_picked":["Streamline","Stack"],"picked":"Recycle+1","floor":22.0},{"not_picked":["Rip and Tear","Go for the Eyes"],"picked":"Defragment","floor":24.0},{"not_picked":["Beam Cell+1","Aggregate","Redo"],"picked":"SKIP","floor":29.0},{"not_picked":["Barrage","Gash"],"picked":"Coolheaded","floor":30.0},{"not_picked":["Core Surge","Leap"],"picked":"Hello World","floor":31.0},{"not_picked":["Fission","Multi-Cast"],"picked":"Rainbow","floor":33.0},{"not_picked":["Coolheaded+1","Barrage+1"],"picked":"Capacitor+1","floor":35.0},{"not_picked":["Stack+1","Redo","Beam Cell"],"picked":"SKIP","floor":37.0},{"not_picked":["Cold Snap+1","Conserve Battery"],"picked":"Fusion","floor":38.0},{"not_picked":["Creative AI","Rebound+1","Turbo","Redo+1"],"picked":"SKIP","floor":45.0},{"not_picked":["Steam Power+1","White Noise+1","Sweeping Beam"],"picked":"Ball Lightning+1","floor":46},{"not_picked":["Steam+1","Stack+1","Coolheaded+1"],"picked":"Consume+1","floor":48}],"player_experience":1413716,"relics_obtained":[{"floor":7.0,"key":"Smiling Mask"},{"floor":9.0,"key":"Pen Nib"},{"floor":12.0,"key":"Odd Mushroom"},{"floor":24.0,"key":"Potion Belt"},{"floor":26.0,"key":"Bottled Flame"},{"floor":43.0,"key":"Question Card"}],"event_choices":[{"cards_removed":["Strike_B"],"damage_healed":0.0,"max_hp_gain":0.0,"max_hp_loss":0.0,"gold_gain":0.0,"event_name":"Golden Wing","player_choice":"Card Removal","floor":11.0,"gold_loss":0.0,"damage_taken":7.0},{"damage_healed":0.0,"max_hp_gain":0.0,"max_hp_loss":0.0,"gold_gain":0.0,"event_name":"Mushrooms","player_choice":"Fought Mushrooms","floor":12.0,"gold_loss":0.0,"damage_taken":0.0},{"damage_healed":0.0,"max_hp_gain":0.0,"max_hp_loss":0.0,"gold_gain":0.0,"event_name":"Accursed Blacksmith","player_choice":"Rummage","floor":27.0,"gold_loss":0.0,"damage_taken":0.0,"relics_obtained":["WarpedTongs"],"cards_obtained":["Pain"]},{"damage_healed":0.0,"max_hp_gain":0.0,"max_hp_loss":0.0,"gold_gain":0.0,"event_name":"Tomb of Lord Red Mask","player_choice":"Paid","floor":41.0,"gold_loss":46.0,"damage_taken":0.0,"relics_obtained":["Red Mask"]},{"cards_removed":["Meteor Strike"],"damage_healed":0.0,"max_hp_gain":10.0,"max_hp_loss":0.0,"gold_gain":0.0,"event_name":"Bonfire Elementals","player_choice":"Offered Rare","floor":44.0,"gold_loss":0.0,"damage_taken":0.0},{"damage_healed":0,"gold_gain":0,"player_choice":"Copied","damage_taken":0,"max_hp_gain":0,"max_hp_loss":0,"event_name":"Duplicator","floor":47,"gold_loss":0,"cards_obtained":["Defragment"]}],"is_beta":false,"boss_relics":[{"not_picked":["Inserter","Orrery"],"picked":"Velvet Choker"},{"not_picked":["White Beast Statue","Black Star"],"picked":"Astrolabe"}],"items_purged_floors":[3,14,19,21,28,36,39],"is_endless":false,"potions_floor_spawned":[1,2,4,5,18,20,33,37,38,48],"ascension_level":0}