{"gold_per_floor":[119,134,59,9,27,27,42,42,42,42,61,61,78,94,94,195,195,208,208,42,40,40],"floor_reached":22,"playtime":1041,"items_purged":["Strike_R"],"score":267,"play_id":"dfd1b025-9bbb-483f-a221-919817c46de9","local_time":"20190105110437","is_ascension_mode":true,"campfire_choices":[{"data":"Cleave","floor":6,"key":"SMITH"},{"data":"Flame Barrier","floor":8,"key":"SMITH"},{"data":"Bash","floor":12,"key":"SMITH"},{"data":"Corruption","floor":15,"key":"SMITH"}],"neow_cost":"NONE","seed_source_timestamp":746663113534676,"circlet_count":0,"master_deck":["AscendersBane","Bash+1","Panacea","Cleave+1","Sentinel","Flame Barrier+1","Evolve","Corruption+1","Wild Strike","Double Tap","Cleave","Feel No Pain","Ghostly Armor","Inflame","Feel No Pain","Fire Breathing","Sentinel","Flex","Decay","Transmutation","Clash+1"],"relics":["Burning Blood","Bag of Marbles","Sundial","Pandora\u0027s Box"],"potions_floor_usage":[7,13,13],"damage_taken":[{"damage":12,"enemies":"Small Slimes","floor":1,"turns":5},{"damage":11,"enemies":"2 Louse","floor":2,"turns":3},{"damage":1,"enemies":"Cultist","floor":5,"turns":4},{"damage":0,"enemies":"Exordium Wildlife","floor":7,"turns":3},{"damage":11,"enemies":"Blue Slaver","floor":11,"turns":4},{"damage":5,"enemies":"Exordium Thugs","floor":13,"turns":3},{"damage":4,"enemies":"Red Slaver","floor":14,"turns":4},{"damage":35,"enemies":"Slime Boss","floor":16,"turns":10},{"damage":27,"enemies":"Shell Parasite","floor":18,"turns":7},{"damage":29,"enemies":"2 Thieves","floor":21,"turns":4},{"damage":23,"enemies":"Centurion and Healer","floor":22,"turns":1}],"seed_played":"5826044519876578712","potions_obtained":[{"floor":1,"key":"Strength Potion"},{"floor":2,"key":"PowerPotion"},{"floor":11,"key":"Explosive Potion"},{"floor":21,"key":"FearPotion"}],"is_trial":false,"path_per_floor":["M","M","$","?","M","R","M","R","T","?","M","R","M","M","R","B",null,"M","?","$","M","M"],"character_chosen":"IRONCLAD","items_purchased":["Transmutation"],"campfire_rested":0,"item_purchase_floors":[20],"current_hp_per_floor":[66,61,61,61,66,66,72,72,72,60,55,55,56,58,58,29,67,46,46,46,23,0],"gold":40,"neow_bonus":"RANDOM_COLORLESS","is_prod":false,"is_daily":false,"chose_seed":false,"campfire_upgraded":4,"win_rate":0,"timestamp":1546704277,"path_taken":["M","M","$","?","M","R","M","R","T","?","M","R","M","M","R","BOSS","M","?","$","M","M"],"build_version":"2019-01-03v4","purchased_purges":1,"victory":false,"max_hp_per_floor":[80,80,80,80,80,80,80,80,80,80,80,80,80,80,80,80,80,80,80,80,80,80],"card_choices":[{"not_picked":["Rupture","Corruption"],"picked":"Cleave","floor":1},{"not_picked":["Heavy Blade","Body Slam","True Grit"],"picked":"SKIP","floor":2},{"not_picked":["Dual Wield","Wild Strike"],"picked":"Sentinel","floor":5},{"not_picked":["Iron Wave","Heavy Blade"],"picked":"Flame Barrier","floor":7},{"not_picked":["Shockwave","Sword Boomerang"],"picked":"Evolve","floor":11},{"not_picked":["Clothesline","Hemokinesis"],"picked":"Corruption","floor":13},{"not_picked":["Clash","Twin Strike"],"picked":"Wild Strike","floor":14},{"not_picked":["Exhume","Barricade"],"picked":"Double Tap","floor":16},{"not_picked":["Corruption","Sword Boomerang"],"picked":"Flex","floor":18},{"not_picked":["Rupture","Uppercut"],"picked":"Clash+1","floor":21}],"player_experience":1702226,"relics_obtained":[{"floor":9,"key":"Bag of Marbles"}],"event_choices":[{"cards_removed":["Strike_R"],"damage_healed":0,"gold_gain":0,"player_choice":"Card Removal","damage_taken":0,"max_hp_gain":0,"max_hp_loss":0,"event_name":"The Cleric","floor":4,"gold_loss":50},{"damage_healed":0,"gold_gain":0,"player_choice":"Success","damage_taken":12,"relics_obtained":["Sundial"],"max_hp_gain":0,"max_hp_loss":0,"event_name":"Scrap Ooze","floor":10,"gold_loss":0},{"damage_healed":0,"gold_gain":0,"player_choice":"Smashed Altar","damage_taken":0,"max_hp_gain":0,"max_hp_loss":0,"event_name":"Forgotten Altar","floor":19,"gold_loss":0,"cards_obtained":["Decay"]}],"is_beta":false,"boss_relics":[{"not_picked":["Runic Pyramid","Busted Crown"],"picked":"Pandora\u0027s Box"}],"items_purged_floors":[3],"is_endless":false,"potions_floor_spawned":[1,2,11,21],"killed_by":"Centurion and Healer","ascension_level":10}