{"gold_per_floor":[112,126,144,32,51,78,78,96,96,112,112,112,142,162,162,234,234,248,231,281,331,342,375,375,387,412,412],"floor_reached":27,"playtime":2119,"items_purged":[],"score":427,"play_id":"d319a81b-423a-491d-9a80-65abd1ba30d3","local_time":"20190519203133","is_ascension_mode":true,"campfire_choices":[{"floor":7.0,"key":"REST"},{"floor":11.0,"key":"REST"},{"floor":15.0,"key":"REST"},{"floor":24,"key":"REST"}],"neow_cost":"PERCENT_DAMAGE","seed_source_timestamp":0,"circlet_count":0,"master_deck":["AscendersBane","Defend_G+1","Defend_G","Defend_G","Defend_G","Defend_G","Strike_G","Strike_G","Strike_G","Strike_G","Strike_G","Survivor","Neutralize","After Image","Infinite Blades","Deflect","Poisoned Stab","Acrobatics+1","Well Laid Plans","PiercingWail","Burst","Leg Sweep","Bouncing Flask","Dagger Spray","After Image","Infinite Blades","Accuracy","Backflip","Adrenaline","Quick Slash"],"special_seed":0,"relics":["Ring of the Snake","Art of War","Darkstone Periapt","Question Card","Sozu","WingedGreaves","War Paint"],"potions_floor_usage":[],"damage_taken":[{"damage":0.0,"enemies":"Cultist","floor":1.0,"turns":5.0},{"damage":0.0,"enemies":"Small Slimes","floor":2.0,"turns":4.0},{"damage":0.0,"enemies":"2 Louse","floor":3.0,"turns":5.0},{"damage":14.0,"enemies":"Lots of Slimes","floor":5.0,"turns":7.0},{"damage":34.0,"enemies":"Gremlin Nob","floor":6.0,"turns":5.0},{"damage":7.0,"enemies":"Exordium Wildlife","floor":8.0,"turns":6.0},{"damage":9.0,"enemies":"Exordium Thugs","floor":10.0,"turns":7.0},{"damage":1.0,"enemies":"Blue Slaver","floor":14.0,"turns":6.0},{"damage":4,"enemies":"Hexaghost","floor":16,"turns":11},{"damage":6,"enemies":"Chosen","floor":18,"turns":7},{"damage":4,"enemies":"2 Thieves","floor":19,"turns":4},{"damage":4,"enemies":"Centurion and Healer","floor":22,"turns":8},{"damage":13,"enemies":"Book of Stabbing","floor":23,"turns":7},{"damage":19,"enemies":"Snake Plant","floor":25,"turns":7},{"damage":36,"enemies":"Slavers","floor":27,"turns":3}],"seed_played":"-8263954422812727008","potions_obtained":[{"floor":2.0,"key":"Strength Potion"},{"floor":5.0,"key":"Regen Potion"},{"floor":6.0,"key":"Fire Potion"},{"floor":8.0,"key":"LiquidBronze"}],"is_trial":false,"path_per_floor":["M","M","M","$","M","E","R","M","T","M","R","?","?","M","R","B",null,"M","M","?","?","M","E","R","M","T","E"],"character_chosen":"THE_SILENT","items_purchased":["Acrobatics","Well Laid Plans"],"campfire_rested":4,"item_purchase_floors":[4,4],"current_hp_per_floor":[44,44,44,44,30,11,30,23,23,14,33,7,7,6,25,21,55,49,45,45,45,41,28,47,28,28,0],"gold":412,"neow_bonus":"THREE_RARE_CARDS","is_prod":false,"is_daily":false,"chose_seed":false,"campfire_upgraded":0,"win_rate":0,"timestamp":1558315893,"path_taken":["M","M","M","$","M","E","R","M","T","?","R","?","?","M","R","BOSS","M","M","?","?","?","E","R","M","T","E"],"build_version":"2019-01-23","purchased_purges":0,"victory":false,"max_hp_per_floor":[66,66,66,66,66,66,66,66,66,66,66,66,66,66,66,66,66,66,66,66,66,66,66,66,66,66,66],"card_choices":[{"not_picked":["Doppelganger","Unload"],"picked":"After Image","floor":0.0},{"not_picked":["Acrobatics","Endless Agony"],"picked":"Infinite Blades","floor":1.0},{"not_picked":["Outmaneuver","Dodge and Roll"],"picked":"Deflect","floor":2.0},{"not_picked":["Dagger Throw","Slice"],"picked":"Poisoned Stab","floor":3.0},{"not_picked":["Deflect","Choke"],"picked":"PiercingWail","floor":5.0},{"not_picked":["Blade Dance","Flechettes"],"picked":"Burst","floor":6.0},{"not_picked":["Crippling Poison","Flechettes"],"picked":"Leg Sweep","floor":8.0},{"not_picked":["Deadly Poison","Bane"],"picked":"Bouncing Flask","floor":10.0},{"not_picked":["Underhanded Strike","Slice","Endless Agony"],"picked":"Dagger Spray","floor":14.0},{"not_picked":["Burst","Die Die Die","Adrenaline"],"picked":"After Image","floor":16},{"not_picked":["PiercingWail+1","Slice","Quick Slash"],"picked":"Infinite Blades","floor":18},{"not_picked":["Expertise+1","Noxious Fumes","Slice"],"picked":"Accuracy","floor":19},{"not_picked":["Distraction","Choke","Acrobatics"],"picked":"Backflip","floor":22},{"not_picked":["Deflect","Deadly Poison","Backflip"],"picked":"Adrenaline","floor":23},{"not_picked":["Distraction","Riddle With Holes","Underhanded Strike"],"picked":"Quick Slash","floor":25}],"player_experience":685238,"relics_obtained":[{"floor":6.0,"key":"Art of War"},{"floor":9.0,"key":"Darkstone Periapt"},{"floor":23,"key":"WingedGreaves"},{"floor":26,"key":"War Paint"}],"event_choices":[{"damage_healed":0.0,"max_hp_gain":0.0,"max_hp_loss":0.0,"gold_gain":0.0,"event_name":"Scrap Ooze","player_choice":"Success","floor":12.0,"gold_loss":0.0,"damage_taken":26.0,"relics_obtained":["Question Card"]},{"damage_healed":0.0,"max_hp_gain":0.0,"max_hp_loss":0.0,"gold_gain":30.0,"event_name":"Dead Adventurer","player_choice":"Searched \u00271\u0027 times","floor":13.0,"gold_loss":0.0,"damage_taken":0.0},{"damage_healed":0,"gold_gain":50,"player_choice":"Stole From Cult","damage_taken":0,"max_hp_gain":0,"max_hp_loss":0,"event_name":"Nest","floor":20,"gold_loss":0},{"damage_healed":0,"gold_gain":100,"player_choice":"Bet on Murderer","damage_taken":0,"max_hp_gain":0,"max_hp_loss":0,"event_name":"The Joust","floor":21,"gold_loss":50}],"is_beta":false,"boss_relics":[{"not_picked":["Busted Crown","Ring of the Serpent"],"picked":"Sozu"}],"items_purged_floors":[],"is_endless":false,"potions_floor_spawned":[2,5,6,8,19,23],"killed_by":"Slavers","ascension_level":16}