{"gold_per_floor":[115,115,135,110,123,123,133,133,133,133,133,153,166,166,166,263,263,277,46,46,59,59,59,59,59,59,59,26,45,64,77,77,174,174,187,202,202,213,17,17,17,35,35,35,47,65,79,79],"floor_reached":48,"playtime":6123,"items_purged":[],"score":536,"play_id":"5370256f-0f4b-45ce-b14f-4ed8effd5647","local_time":"20190206145715","is_ascension_mode":true,"campfire_choices":[{"data":"Neutralize","floor":6,"key":"SMITH"},{"data":"All Out Attack","floor":8,"key":"SMITH"},{"data":"Prepared","floor":10,"key":"SMITH"},{"data":"Die Die Die","floor":15,"key":"SMITH"},{"floor":23,"key":"REST"},{"data":"Apotheosis","floor":25,"key":"SMITH"},{"data":"Caltrops","floor":27,"key":"SMITH"},{"floor":32,"key":"REST"},{"data":"Footwork","floor":40,"key":"SMITH"},{"floor":44,"key":"REST"}],"neow_cost":"NONE","seed_source_timestamp":379436202834400,"circlet_count":0,"master_deck":["Defend_G","Defend_G","Defend_G","Defend_G","Defend_G","Strike_G","Strike_G","Survivor","Neutralize+1","Poisoned Stab","Dagger Spray","Prepared+1","Poisoned Stab","All Out Attack+1","Die Die Die+1","Backflip","Leg Sweep","Corpse Explosion","Deadly Poison","Apotheosis+1","Caltrops+1","RitualDagger","Footwork+1","Terror+1","Footwork+1","Phantasmal Killer","PiercingWail","Footwork+1","Parasite","Deadly Poison+1","Phantasmal Killer","Backstab+1","Parasite"],"relics":["Ring of the Snake","Bag of Preparation","Sozu","Nilry\u0027s Codex","Smiling Mask","Black Star","Singing Bowl","Toolbox","Blue Candle"],"potions_floor_usage":[7,16,33],"damage_taken":[{"damage":1,"enemies":"Small Slimes","floor":1,"turns":4},{"damage":0,"enemies":"Cultist","floor":3,"turns":5},{"damage":0,"enemies":"2 Louse","floor":5,"turns":2},{"damage":5,"enemies":"Large Slime","floor":7,"turns":5},{"damage":0,"enemies":"Lots of Slimes","floor":12,"turns":1},{"damage":0,"enemies":"3 Louse","floor":13,"turns":1},{"damage":44,"enemies":"Hexaghost","floor":16,"turns":11},{"damage":14,"enemies":"2 Thieves","floor":18,"turns":2},{"damage":1,"enemies":"Shell Parasite","floor":21,"turns":5},{"damage":8,"enemies":"Snake Plant","floor":29,"turns":6},{"damage":26,"enemies":"Snecko","floor":30,"turns":5},{"damage":0,"enemies":"Shelled Parasite and Fungi","floor":31,"turns":4},{"damage":30,"enemies":"Collector","floor":33,"turns":8},{"damage":1,"enemies":"Orb Walker","floor":35,"turns":3},{"damage":22,"enemies":"3 Darklings","floor":36,"turns":3},{"damage":0,"enemies":"4 Shapes","floor":38,"turns":5},{"damage":5,"enemies":"Writhing Mass","floor":42,"turns":7},{"damage":0,"enemies":"Maw","floor":45,"turns":9},{"damage":49,"enemies":"Transient","floor":46,"turns":5},{"damage":23,"enemies":"Writhing Mass","floor":47,"turns":7},{"damage":16,"enemies":"Reptomancer","floor":48,"turns":2}],"seed_played":"-5304165012460420688","potions_obtained":[{"floor":3,"key":"Explosive Potion"},{"floor":5,"key":"Energy Potion"},{"floor":7,"key":"Fruit Juice"}],"is_trial":false,"path_per_floor":["M","?","M","$","M","R","M","R","T","R","?","M","M","?","R","B",null,"M","$","?","M","?","R","?","R","T","R","$","M","M","M","R","B",null,"M","M","T","M","$","R","?","M","T","R","M","M","M","E"],"character_chosen":"THE_SILENT","items_purchased":["Prepared","Apotheosis","Caltrops","Footwork","Toolbox"],"campfire_rested":3,"item_purchase_floors":[4,19,19,28,39],"current_hp_per_floor":[76,76,76,76,76,76,71,71,71,71,71,71,71,71,71,32,82,68,68,52,51,45,69,61,61,61,61,61,53,27,27,51,21,82,81,59,59,61,61,61,61,56,56,81,81,32,11,0],"gold":79,"neow_bonus":"TEN_PERCENT_HP_BONUS","is_prod":false,"is_daily":false,"chose_seed":false,"campfire_upgraded":7,"win_rate":0,"timestamp":1549483035,"path_taken":["M","?","M","$","M","R","?","R","T","R","?","M","M","?","R","BOSS","M","?","?","M","?","R","?","R","T","R","$","?","M","M","R","BOSS","M","M","?","M","$","R","?","M","T","R","M","M","M","E"],"build_version":"2019-01-23","purchased_purges":0,"victory":false,"max_hp_per_floor":[77,77,77,77,77,77,77,77,77,77,77,77,77,77,77,82,82,82,82,82,82,82,82,82,82,82,82,82,82,82,82,82,82,82,82,82,82,84,84,84,84,84,84,84,84,84,86,86],"card_choices":[{"not_picked":["Deflect","Flying Knee"],"picked":"Poisoned Stab","floor":1},{"not_picked":["Deadly Poison","Dodge and Roll"],"picked":"Dagger Spray","floor":3},{"not_picked":["Dodge and Roll","Deadly Poison"],"picked":"Poisoned Stab","floor":5},{"not_picked":["PiercingWail","Prepared"],"picked":"All Out Attack","floor":7},{"not_picked":["Riddle With Holes","Deflect"],"picked":"Backflip","floor":12},{"not_picked":["Dodge and Roll","Poisoned Stab"],"picked":"Leg Sweep","floor":13},{"not_picked":["Grand Finale","Burst"],"picked":"Corpse Explosion","floor":16},{"not_picked":["Dodge and Roll","Flying Knee"],"picked":"Deadly Poison","floor":18},{"not_picked":["Choke","Leg Sweep","Setup"],"picked":"SKIP","floor":21},{"not_picked":["Masterful Stab","Quick Slash","Dagger Throw"],"picked":"SKIP","floor":29},{"not_picked":["Heel Hook","Cloak And Dagger"],"picked":"Terror+1","floor":30},{"not_picked":["Flying Knee","Terror"],"picked":"Footwork+1","floor":31},{"not_picked":["Tools of the Trade","Corpse Explosion"],"picked":"Phantasmal Killer","floor":33},{"not_picked":["Backflip+1","Slice"],"picked":"PiercingWail","floor":35},{"not_picked":["Expertise+1","Cloak And Dagger"],"picked":"Footwork+1","floor":36},{"not_picked":["Predator","Dagger Throw","Dodge and Roll"],"picked":"Singing Bowl","floor":38},{"not_picked":["Underhanded Strike","Outmaneuver+1"],"picked":"Deadly Poison+1","floor":42},{"not_picked":["Outmaneuver","Acrobatics"],"picked":"Phantasmal Killer","floor":45},{"not_picked":["Backflip","Dagger Spray"],"picked":"Backstab+1","floor":46},{"not_picked":["Blade Dance+1","Accuracy","Dash"],"picked":"Singing Bowl","floor":47}],"player_experience":2107059,"relics_obtained":[{"floor":9,"key":"Bag of Preparation"},{"floor":20,"key":"Nilry\u0027s Codex"},{"floor":26,"key":"Smiling Mask"},{"floor":37,"key":"Singing Bowl"},{"floor":43,"key":"Blue Candle"}],"event_choices":[{"cards_removed":["Strike_G"],"damage_healed":0,"gold_gain":0,"player_choice":"Purged","damage_taken":0,"max_hp_gain":0,"max_hp_loss":0,"event_name":"Purifier","floor":2,"gold_loss":0},{"damage_healed":0,"gold_gain":0,"cards_transformed":["Strike_G"],"player_choice":"Change","damage_taken":0,"max_hp_gain":0,"max_hp_loss":0,"event_name":"Living Wall","floor":11,"gold_loss":0,"cards_obtained":["Die Die Die"]},{"cards_removed":["Strike_G"],"damage_healed":0,"gold_gain":0,"player_choice":"Offered Basic","damage_taken":0,"max_hp_gain":0,"max_hp_loss":0,"event_name":"Bonfire Elementals","floor":14,"gold_loss":0},{"damage_healed":0,"gold_gain":0,"player_choice":"Obtained Book","damage_taken":16,"max_hp_gain":0,"max_hp_loss":0,"event_name":"Cursed Tome","floor":20,"gold_loss":0},{"damage_healed":0,"gold_gain":0,"player_choice":"Joined the Cult","damage_taken":6,"max_hp_gain":0,"max_hp_loss":0,"event_name":"Nest","floor":22,"gold_loss":0,"cards_obtained":["RitualDagger"]},{"damage_healed":0,"gold_gain":0,"player_choice":"Damaged","damage_taken":8,"max_hp_gain":0,"max_hp_loss":0,"event_name":"Wheel of Change","floor":24,"gold_loss":0},{"damage_healed":0,"gold_gain":0,"player_choice":"Got Potions","damage_taken":0,"max_hp_gain":0,"max_hp_loss":0,"event_name":"Lab","floor":41,"gold_loss":0}],"is_beta":false,"boss_relics":[{"not_picked":["Tiny House","Velvet Choker"],"picked":"Sozu"},{"not_picked":["Runic Dome","White Beast Statue"],"picked":"Black Star"}],"items_purged_floors":[],"is_endless":false,"potions_floor_spawned":[3,5,7,21,30,38,45,46],"killed_by":"Reptomancer","ascension_level":4}