{"path_per_floor":["M","?","?","M","$","R","M","E","T","E","M","?","M","M","R"],"character_chosen":"THE_SILENT","items_purchased":[],"gold_per_floor":[112,112,187,205,130,130,143,172,172,198,215,215,235,255,255,255],"floor_reached":16,"campfire_rested":0,"playtime":991,"item_purchase_floors":[],"current_hp_per_floor":[61,54,43,41,41,41,41,41,41,17,17,17,17,17,17,0],"items_purged":["Strike_G"],"gold":255,"score":164,"play_id":"fbfa093a-bd00-4423-a0b2-54a0127e170a","local_time":"20180606220322","is_prod":false,"is_daily":false,"chose_seed":false,"is_ascension_mode":true,"campfire_upgraded":2,"win_rate":0,"timestamp":1528315402,"campfire_choices":[{"data":"Cloak And Dagger","floor":6,"key":"SMITH"},{"data":"Cloak And Dagger","floor":15,"key":"SMITH"}],"path_taken":["M","?","?","?","$","R","M","E","T","E","M","?","M","M","R","BOSS"],"build_version":"2018-05-31","seed_source_timestamp":1814721568922738,"purchased_purges":1,"victory":false,"master_deck":["Defend_G","Defend_G","Defend_G","Defend_G","Defend_G","Strike_G","Strike_G","Strike_G+1","Strike_G+1","Survivor","Neutralize","Cloak And Dagger+1","Cloak And Dagger+1","Skewer","Backflip"],"max_hp_per_floor":[70,70,70,70,70,70,70,70,70,70,70,70,70,70,70,70],"relics":["Ring of the Snake","Dead Branch","Peace Pipe","Ice Cream","Whetstone"],"card_choices":[{"not_picked":["Masterful Stab","Bane","Reflex"],"picked":"SKIP","floor":1},{"not_picked":["Underhanded Strike","Dash"],"picked":"Cloak And Dagger","floor":4},{"not_picked":["Escape Plan","Slice"],"picked":"Cloak And Dagger","floor":7},{"not_picked":["Slice","Outmaneuver","Deflect"],"picked":"SKIP","floor":8},{"not_picked":["Phantasmal Killer","Acrobatics"],"picked":"Skewer","floor":10},{"not_picked":["Predator","Sucker Punch"],"picked":"Backflip","floor":11},{"not_picked":["Bane","Sucker Punch","Deadly Poison"],"picked":"SKIP","floor":13},{"not_picked":["Leg Sweep","Flying Knee","Poisoned Stab"],"picked":"SKIP","floor":14}],"player_experience":217396,"potions_floor_usage":[8,16,16,16],"damage_taken":[{"damage":9,"enemies":"Small Slimes","floor":1,"turns":6},{"damage":2,"enemies":"Jaw Worm","floor":4,"turns":5},{"damage":0,"enemies":"2 Louse","floor":7,"turns":2},{"damage":0,"enemies":"Gremlin Nob","floor":8,"turns":2},{"damage":24,"enemies":"Lagavulin","floor":10,"turns":6},{"damage":0,"enemies":"Red Slaver","floor":11,"turns":4},{"damage":0,"enemies":"Large Slime","floor":13,"turns":6},{"damage":0,"enemies":"Blue Slaver","floor":14,"turns":3},{"damage":18,"enemies":"Slime Boss","floor":16,"turns":5}],"relics_obtained":[{"floor":8,"key":"Peace Pipe"},{"floor":9,"key":"Ice Cream"},{"floor":10,"key":"Whetstone"}],"event_choices":[{"event_name":"Golden Wing","player_choice":"Card Removal","floor":2,"damage_taken":0},{"event_name":"World of Goop","player_choice":"Gather Gold","floor":3,"damage_taken":0},{"event_name":"Scrap Ooze","player_choice":"unsuccessful","floor":12,"damage_taken":0}],"boss_relics":[],"items_purged_floors":[5],"potions_floor_spawned":[4,10,11,14],"seed_played":"2197066563978365774","killed_by":"Slime Boss","ascension_level":4,"potions_obtained":[{"floor":4,"key":"AttackPotion"},{"floor":10,"key":"PowerPotion"},{"floor":11,"key":"Explosive Potion"},{"floor":14,"key":"PowerPotion"}],"is_trial":false}