{"gold_per_floor":[111,125,75,150,160,186,42,42,42,217,217,108,118,81,81,81],"floor_reached":16,"playtime":617,"items_purged":["Doubt"],"score":103,"play_id":"498f7caa-2141-4698-88f6-48500f60f421","local_time":"20181130221447","is_ascension_mode":true,"campfire_choices":[{"floor":8,"key":"RECALL"},{"data":"Zap","floor":11,"key":"SMITH"},{"floor":15,"key":"REST"}],"neow_cost":"TEN_PERCENT_HP_LOSS","seed_source_timestamp":110944568838769,"circlet_count":0,"master_deck":["Strike_B","Strike_B","Defend_B","Defend_B","Defend_B","Zap+1","Dualcast","Recycle","Chill","Darkness","Skim","Defragment","Blizzard","Self Repair","Chaos","Static Discharge","Tempest","Storm"],"relics":["Cracked Core","Bottled Flame"],"potions_floor_usage":[6],"damage_taken":[{"damage":0,"enemies":"Jaw Worm","floor":1,"turns":3},{"damage":1,"enemies":"Small Slimes","floor":2,"turns":3},{"damage":4,"enemies":"Cultist","floor":5,"turns":4},{"damage":22,"enemies":"Gremlin Nob","floor":6,"turns":4},{"damage":18,"enemies":"3 Louse","floor":13,"turns":3},{"damage":35,"enemies":"Slime Boss","floor":16,"turns":3}],"seed_played":"-7945886069245512379","potions_obtained":[{"floor":1,"key":"Poison Potion"},{"floor":13,"key":"Regen Potion"}],"is_trial":false,"path_per_floor":["M","M","?","?","M","E","$","R","T","?","R","$","M","$","R","B"],"character_chosen":"DEFECT","items_purchased":["Self Repair","Chaos","Static Discharge","Storm"],"campfire_rested":1,"item_purchase_floors":[7,7,12,14],"current_hp_per_floor":[68,67,67,56,52,30,30,30,30,30,30,30,12,12,32,0],"gold":81,"neow_bonus":"TRANSFORM_TWO_CARDS","is_prod":false,"is_daily":false,"chose_seed":false,"campfire_upgraded":1,"win_rate":0,"timestamp":1543634087,"path_taken":["M","M","?","?","M","E","$","R","T","?","R","?","M","$","R","BOSS"],"build_version":"2018-11-15","purchased_purges":1,"victory":false,"max_hp_per_floor":[68,68,68,68,68,68,68,68,68,68,68,68,68,68,68,68],"card_choices":[{"not_picked":["Reprogram","Redo"],"picked":"Darkness","floor":1},{"not_picked":["Beam Cell","Steam"],"picked":"Skim","floor":2},{"not_picked":["Hologram","Darkness"],"picked":"Defragment","floor":5},{"not_picked":["Hello World","Turbo"],"picked":"Blizzard","floor":6},{"not_picked":["Steam","Stack"],"picked":"Tempest","floor":13}],"player_experience":68421,"relics_obtained":[{"floor":6,"key":"Bottled Flame"}],"event_choices":[{"cards_removed":["Strike_B"],"damage_healed":0,"gold_gain":0,"player_choice":"Card Removal","damage_taken":0,"max_hp_gain":0,"max_hp_loss":0,"event_name":"The Cleric","floor":3,"gold_loss":50},{"damage_healed":0,"gold_gain":75,"player_choice":"Gather Gold","damage_taken":11,"max_hp_gain":0,"max_hp_loss":0,"event_name":"World of Goop","floor":4,"gold_loss":0},{"damage_healed":0,"gold_gain":175,"player_choice":"AGREE","damage_taken":0,"max_hp_gain":0,"max_hp_loss":0,"event_name":"Liars Game","floor":10,"gold_loss":0,"cards_obtained":["Doubt"]}],"is_beta":false,"boss_relics":[],"items_purged_floors":[12],"is_endless":false,"potions_floor_spawned":[1,13],"killed_by":"Slime Boss","ascension_level":1}