{"path_per_floor":["M","?","M","M","M","R","M","M","T","E","$","M","E","?","R","B",null,"M","?","?","$","?","M","M","M","T","E","M","$","M","M","R"],"character_chosen":"IRONCLAD","items_purchased":["War Paint","Rage","Apotheosis","Membership Card","Strange Spoon"],"gold_per_floor":[116,116,134,144,160,160,174,185,209,242,6,24,54,229,229,327,327,340,340,340,112,212,181,198,211,211,543,554,96,116,127,127,127],"floor_reached":33,"campfire_rested":1,"playtime":3241,"item_purchase_floors":[11,11,21,29,29],"current_hp_per_floor":[80,64,67,71,39,39,38,30,30,30,30,36,30,30,30,13,80,68,68,68,68,68,57,55,52,52,54,54,54,29,19,43,0],"items_purged":["Strike_R","Defend_R","Strike_R"],"gold":127,"score":349,"play_id":"962101b5-7984-4ead-aff7-a87d19150b98","local_time":"20180601230638","is_prod":false,"is_daily":false,"chose_seed":false,"is_ascension_mode":true,"campfire_upgraded":2,"win_rate":0,"timestamp":1527887198,"campfire_choices":[{"data":"Pommel Strike","floor":6,"key":"SMITH"},{"data":"Fiend Fire","floor":15,"key":"SMITH"},{"floor":32,"key":"REST"}],"path_taken":["M","?","M","M","?","R","M","?","T","E","$","?","E","?","R","BOSS","M","?","?","$","?","M","M","M","T","E","M","$","M","M","R","BOSS"],"build_version":"2018-05-31","seed_source_timestamp":1384261832898719,"purchased_purges":3,"victory":false,"master_deck":["Strike_R","Strike_R+1","Strike_R+1","Defend_R+1","Defend_R","Defend_R","Bash+1","Pommel Strike+1","Cleave","Metallicize","Disarm+1","Iron Wave","Fiend Fire+1","Rage","Inflame","Demon Form","Shrug It Off+1","Apotheosis","Armaments+1","Disarm+1"],"max_hp_per_floor":[80,80,80,80,80,80,80,80,80,80,80,80,80,80,80,80,80,80,80,80,80,80,80,80,80,80,80,80,80,80,80,80,80],"relics":["Burning Blood","Anchor","The Courier","War Paint","Orichalcum","Sozu","Dream Catcher","Spirit Poop","Lantern","Old Coin","Membership Card","Strange Spoon"],"card_choices":[{"not_picked":["Headbutt","Perfected Strike"],"picked":"Pommel Strike","floor":1},{"not_picked":["Clash","Anger"],"picked":"Cleave","floor":3},{"not_picked":["Carnage","Berserk","Bloodletting"],"picked":"SKIP","floor":4},{"not_picked":["Power Through","Perfected Strike"],"picked":"Metallicize","floor":5},{"not_picked":["Hemokinesis","Sword Boomerang"],"picked":"Disarm","floor":7},{"not_picked":["Headbutt","Feel No Pain"],"picked":"Iron Wave","floor":8},{"not_picked":["Clothesline","Whirlwind"],"picked":"Fiend Fire","floor":10},{"not_picked":["Sword Boomerang","Ghostly Armor","Flex"],"picked":"SKIP","floor":12},{"not_picked":["Spot Weakness","Heavy Blade"],"picked":"Inflame","floor":13},{"not_picked":["Brutality","Dark Embrace"],"picked":"Demon Form","floor":16},{"not_picked":["Clothesline","Wild Strike"],"picked":"Shrug It Off+1","floor":18},{"not_picked":["Hemokinesis+1","Uppercut"],"picked":"Armaments+1","floor":23},{"not_picked":["Searing Blow+1","Twin Strike","Fire Breathing"],"picked":"SKIP","floor":24},{"not_picked":["Thunderclap","Iron Wave+1"],"picked":"Disarm+1","floor":25},{"not_picked":["Pummel","Limit Break","Second Wind+1"],"picked":"SKIP","floor":27},{"not_picked":["Thunderclap","Clothesline","Anger"],"picked":"SKIP","floor":28},{"not_picked":["Heavy Blade","Fire Breathing+1","Dropkick"],"picked":"SKIP","floor":30},{"not_picked":["Clash","Body Slam","Havoc"],"picked":"SKIP","floor":31}],"player_experience":167112,"potions_floor_usage":[10,10,10,13,16,30],"damage_taken":[{"damage":1,"enemies":"Cultist","floor":1,"turns":4},{"damage":3,"enemies":"2 Louse","floor":3,"turns":3},{"damage":2,"enemies":"Jaw Worm","floor":4,"turns":3},{"damage":38,"enemies":"Gremlin Gang","floor":5,"turns":4},{"damage":7,"enemies":"Red Slaver","floor":7,"turns":4},{"damage":14,"enemies":"3 Louse","floor":8,"turns":3},{"damage":6,"enemies":"3 Sentries","floor":10,"turns":5},{"damage":0,"enemies":"Looter","floor":12,"turns":2},{"damage":12,"enemies":"Gremlin Nob","floor":13,"turns":4},{"damage":23,"enemies":"The Guardian","floor":16,"turns":14},{"damage":18,"enemies":"3 Byrds","floor":18,"turns":6},{"damage":17,"enemies":"2 Thieves","floor":23,"turns":5},{"damage":8,"enemies":"Centurion and Healer","floor":24,"turns":7},{"damage":9,"enemies":"Snake Plant","floor":25,"turns":5},{"damage":4,"enemies":"Book of Stabbing","floor":27,"turns":6},{"damage":6,"enemies":"Snecko","floor":28,"turns":5},{"damage":31,"enemies":"3 Cultists","floor":30,"turns":6},{"damage":16,"enemies":"Slaver and Parasite","floor":31,"turns":5},{"damage":47,"enemies":"Collector","floor":33,"turns":5}],"relics_obtained":[{"floor":9,"key":"Anchor"},{"floor":10,"key":"The Courier"},{"floor":13,"key":"Orichalcum"},{"floor":26,"key":"Lantern"},{"floor":27,"key":"Old Coin"}],"event_choices":[{"event_name":"Shining Light","player_choice":"Entered Light","floor":2,"damage_taken":0},{"event_name":"Liars Game","player_choice":"agreed","floor":14,"damage_taken":0},{"event_name":"The Mausoleum","player_choice":"Yes","floor":19,"damage_taken":0},{"event_name":"Bonfire Elementals","player_choice":"CURSE","floor":20,"damage_taken":0},{"event_name":"Golden Shrine","player_choice":"Pray","floor":22,"damage_taken":0}],"boss_relics":[{"not_picked":["Lizard Tail","Ectoplasm"],"picked":"Sozu"}],"items_purged_floors":[11,21,29],"potions_floor_spawned":[5,7,8,10,13,16,23,25,30,31],"seed_played":"-113994082806720197","killed_by":"Collector","ascension_level":3,"potions_obtained":[{"floor":5,"key":"Poison Potion"},{"floor":7,"key":"PowerPotion"},{"floor":8,"key":"EssenceOfSteel"},{"floor":10,"key":"EssenceOfSteel"},{"floor":13,"key":"PowerPotion"},{"floor":16,"key":"Explosive Potion"}],"is_trial":false}