{"gold_per_floor":[118,118,134,134,150,150,150,167,192,209,209,225,235,250,250,250],"floor_reached":16,"playtime":710,"items_purged":[],"score":173,"play_id":"5e00cce4-d3d7-466c-ac89-918af8ea33ec","local_time":"20190517005300","is_ascension_mode":true,"campfire_choices":[{"data":"Capacitor","floor":6,"key":"SMITH"},{"data":"Barrage","floor":11,"key":"SMITH"},{"data":"Reinforced Body","floor":15,"key":"SMITH"}],"neow_cost":"PERCENT_DAMAGE","seed_source_timestamp":7571483035400,"circlet_count":0,"master_deck":["AscendersBane","Strike_B","Strike_B","Defend_B","Defend_B","Defend_B","Defend_B","Zap","Dualcast","Heatsinks","Capacitor+1","Chill","Barrage+1","Auto Shields","Chill","Force Field","Ball Lightning","Reinforced Body+1"],"relics":["Cracked Core","Vajra"],"potions_floor_usage":[12,16],"damage_taken":[{"damage":4,"enemies":"Jaw Worm","floor":1,"turns":4},{"damage":1,"enemies":"Cultist","floor":3,"turns":4},{"damage":0,"enemies":"2 Louse","floor":5,"turns":2},{"damage":10,"enemies":"Blue Slaver","floor":8,"turns":4},{"damage":1,"enemies":"Looter","floor":10,"turns":4},{"damage":0,"enemies":"Exordium Wildlife","floor":12,"turns":3},{"damage":7,"enemies":"Large Slime","floor":13,"turns":7},{"damage":12,"enemies":"Red Slaver","floor":14,"turns":4},{"damage":54,"enemies":"Hexaghost","floor":16,"turns":11}],"seed_played":"8197928201913382365","potions_obtained":[{"floor":1,"key":"Ancient Potion"},{"floor":10,"key":"Fire Potion"},{"floor":12,"key":"Regen Potion"}],"is_trial":false,"path_per_floor":["M","?","M","$","M","R","$","M","T","M","R","M","M","M","R","B"],"character_chosen":"DEFECT","items_purchased":[],"campfire_rested":0,"item_purchase_floors":[],"current_hp_per_floor":[42,71,70,70,70,70,70,60,60,59,59,59,52,40,40,0],"gold":250,"neow_bonus":"TRANSFORM_TWO_CARDS","is_prod":false,"is_daily":false,"chose_seed":false,"campfire_upgraded":3,"win_rate":0,"timestamp":1558068780,"path_taken":["M","?","M","$","?","R","$","M","T","M","R","?","M","M","R","BOSS"],"build_version":"2019-01-23","purchased_purges":0,"victory":false,"max_hp_per_floor":[71,71,71,71,71,71,71,71,71,71,71,71,71,71,71,71],"card_choices":[{"not_picked":["Consume","Lockon"],"picked":"Capacitor","floor":1},{"not_picked":["Compile Driver","Conserve Battery"],"picked":"Chill","floor":3},{"not_picked":["Streamline","Steam"],"picked":"Barrage","floor":5},{"not_picked":["Gash","Compile Driver"],"picked":"Auto Shields","floor":8},{"not_picked":["Go for the Eyes","Undo"],"picked":"Chill","floor":10},{"not_picked":["Streamline","Scrape"],"picked":"Force Field","floor":12},{"not_picked":["Auto Shields","Streamline"],"picked":"Ball Lightning","floor":13},{"not_picked":["Cold Snap","Barrage"],"picked":"Reinforced Body","floor":14}],"player_experience":2918681,"relics_obtained":[{"floor":9,"key":"Vajra"}],"event_choices":[{"cards_removed":["Steam Power"],"damage_healed":29,"gold_gain":0,"player_choice":"Offered Uncommon","damage_taken":0,"max_hp_gain":0,"max_hp_loss":0,"event_name":"Bonfire Elementals","floor":2,"gold_loss":0}],"is_beta":false,"boss_relics":[],"items_purged_floors":[],"is_endless":false,"potions_floor_spawned":[1,10,12,14],"killed_by":"Hexaghost","ascension_level":16}