{"gold_per_floor":[116,116,116,41,41,41,71,71,119,133,152,181,81,96,96,192,192,207,157,32,132,132,132,149,149],"floor_reached":25,"playtime":1068,"items_purged":["Strike_R","Defend_R","Defend_R"],"score":296,"play_id":"ad461493-d73f-44a9-90c1-7ebe753f0028","local_time":"20180727140120","is_ascension_mode":true,"campfire_choices":[{"data":"Shrug It Off","floor":6,"key":"SMITH"},{"data":"Bash","floor":8,"key":"SMITH"},{"data":"Strike_R","floor":15,"key":"SMITH"},{"data":"Barricade","floor":23,"key":"SMITH"}],"neow_cost":"TEN_PERCENT_HP_LOSS","seed_source_timestamp":3515126563023079,"circlet_count":0,"master_deck":["Strike_R","Strike_R+1","Strike_R+1","Strike_R+1","Defend_R","Bash+1","AscendersBane","Shrug It Off+1","Disarm","Barricade+1","Feel No Pain"],"relics":["Burning Blood","Ginger","Paper Frog","Whetstone","Odd Mushroom","Mark of Pain"],"potions_floor_usage":[7,7,12,16,16,24],"damage_taken":[{"damage":4,"enemies":"Small Slimes","floor":1,"turns":4},{"damage":14,"enemies":"Gremlin Nob","floor":7,"turns":5},{"damage":0,"enemies":"Cultist","floor":10,"turns":3},{"damage":0,"enemies":"2 Louse","floor":11,"turns":3},{"damage":2,"floor":12,"turns":4},{"damage":0,"enemies":"Exordium Wildlife","floor":14,"turns":3},{"damage":39,"enemies":"Hexaghost","floor":16,"turns":9},{"damage":34,"enemies":"Shell Parasite","floor":18,"turns":5},{"damage":33,"enemies":"3 Byrds","floor":24,"turns":7},{"damage":18,"enemies":"Snake Plant","floor":25,"turns":2}],"seed_played":"-5551625768634411398","potions_obtained":[{"floor":5,"key":"Weak Potion"},{"floor":5,"key":"Block Potion"},{"floor":5,"key":"BloodPotion"},{"floor":7,"key":"Explosive Potion"},{"floor":10,"key":"Block Potion"},{"floor":14,"key":"LiquidBronze"}],"is_trial":false,"path_per_floor":["M","?","?","$","?","R","E","R","T","M","M","?","$","M","R","B",null,"M","?","$","?","?","R","M"],"character_chosen":"IRONCLAD","items_purchased":[],"campfire_rested":0,"item_purchase_floors":[],"current_hp_per_floor":[72,72,65,65,65,65,57,57,57,63,69,72,72,72,72,39,64,36,36,36,36,36,36,16,0],"gold":149,"neow_bonus":"ONE_RARE_RELIC","is_prod":false,"is_daily":false,"chose_seed":false,"campfire_upgraded":4,"win_rate":0,"timestamp":1532692880,"path_taken":["M","?","?","$","?","R","E","R","T","M","M","?","$","M","R","BOSS","M","?","$","?","?","R","?","M"],"build_version":"2018-07-26","purchased_purges":3,"victory":false,"max_hp_per_floor":[72,72,72,72,72,72,72,72,72,72,72,72,72,72,72,72,72,72,72,72,72,72,72,72,72],"card_choices":[{"not_picked":["Twin Strike","Carnage"],"picked":"Shrug It Off","floor":1},{"not_picked":["Twin Strike","Power Through","Flex"],"picked":"SKIP","floor":7},{"not_picked":["Heavy Blade","Juggernaut","Sever Soul"],"picked":"SKIP","floor":10},{"not_picked":["Searing Blow","Intimidate","Iron Wave"],"picked":"SKIP","floor":11},{"not_picked":["Searing Blow","Intimidate","Iron Wave"],"picked":"SKIP","floor":11},{"not_picked":["Pommel Strike","Perfected Strike","Flame Barrier"],"picked":"SKIP","floor":14},{"not_picked":["Limit Break","Brutality"],"picked":"Barricade","floor":16},{"not_picked":["Fire Breathing+1","Havoc","Perfected Strike+1"],"picked":"SKIP","floor":18},{"not_picked":["Warcry","Pommel Strike"],"picked":"Feel No Pain","floor":24}],"player_experience":389126,"relics_obtained":[{"floor":7,"key":"Paper Frog"},{"floor":9,"key":"Whetstone"},{"floor":12,"key":"Odd Mushroom"}],"event_choices":[{"event_name":"Match and Keep!","player_choice":"1 cards matched","floor":2,"damage_taken":0},{"event_name":"Golden Wing","player_choice":"Card Removal","floor":3,"damage_taken":0},{"event_name":"The Lab","player_choice":"Got Potions","floor":5,"damage_taken":0},{"event_name":"Mushrooms","player_choice":"Fought Mushrooms","floor":12,"damage_taken":0},{"event_name":"The Joust","player_choice":"Bet on Owner","floor":19,"damage_taken":0},{"event_name":"Golden Shrine","player_choice":"Pray","floor":21,"damage_taken":0},{"event_name":"Vampires","player_choice":"Ignored","floor":22,"damage_taken":0}],"is_beta":false,"boss_relics":[{"not_picked":["Runic Cube","Calling Bell"],"picked":"Mark of Pain"}],"items_purged_floors":[4,13,20],"is_endless":false,"potions_floor_spawned":[7,10,11,14],"killed_by":"Snake Plant","ascension_level":10}