{"gold_per_floor":[112,126,139,25,25,25,42,42,69,69,89,105,120,70,70,165,165,175,186,86,105,30,30,47,47,70,81,106,106,119,119,119,217,217,230,246,39,85,85],"floor_reached":39,"playtime":1894,"items_purged":["Strike_R","Defend_R"],"score":488,"play_id":"197b5ea0-018c-47c2-809c-96a90e841ba5","local_time":"20181007141430","is_ascension_mode":true,"campfire_choices":[{"data":"Armaments","floor":6,"key":"SMITH"},{"data":"Metallicize","floor":8,"key":"SMITH"},{"data":"Shrug It Off","floor":10,"key":"SMITH"},{"data":"Bludgeon","floor":15,"key":"SMITH"},{"floor":23,"key":"REST"},{"floor":25,"key":"REST"},{"data":"Shockwave","floor":29,"key":"SMITH"},{"data":"Heavy Blade","floor":32,"key":"SMITH"}],"neow_cost":"NONE","seed_source_timestamp":328685302723195,"circlet_count":0,"master_deck":["Defend_R","Bash","Clothesline","Armaments+1","Pommel Strike","Shrug It Off+1","Metallicize+1","Bludgeon+1","Shrug It Off","Demon Form","Second Wind+1","Spot Weakness+1","Carnage+1","Shockwave+1","Fire Breathing+1","Battle Trance+1","Heavy Blade+1","Body Slam+1","Barricade","Panache"],"relics":["Burning Blood","Vajra","Astrolabe","Bag of Marbles","Dream Catcher","Busted Crown","Shovel"],"potions_floor_usage":[16,21,21,21,21,24,24,27,30,36,36,39],"damage_taken":[{"damage":13,"enemies":"2 Louse","floor":1,"turns":3},{"damage":4,"enemies":"Jaw Worm","floor":2,"turns":3},{"damage":0,"enemies":"Small Slimes","floor":3,"turns":3},{"damage":9,"enemies":"3 Louse","floor":7,"turns":4},{"damage":4,"enemies":"Blue Slaver","floor":11,"turns":4},{"damage":0,"enemies":"2 Fungi Beasts","floor":12,"turns":3},{"damage":7,"enemies":"Large Slime","floor":13,"turns":3},{"damage":9,"enemies":"The Guardian","floor":16,"turns":12},{"damage":18,"enemies":"Chosen","floor":18,"turns":6},{"damage":23,"enemies":"2 Thieves","floor":19,"turns":4},{"damage":19,"enemies":"Cultist and Chosen","floor":21,"turns":8},{"damage":27,"enemies":"Centurion and Healer","floor":24,"turns":4},{"damage":9,"enemies":"Chosen and Byrds","floor":27,"turns":6},{"damage":10,"enemies":"3 Cultists","floor":30,"turns":5},{"damage":40,"enemies":"Champ","floor":33,"turns":9},{"damage":22,"enemies":"3 Darklings","floor":35,"turns":8},{"damage":14,"enemies":"3 Shapes","floor":36,"turns":3},{"damage":34,"enemies":"Mysterious Sphere","floor":38,"turns":5},{"damage":37,"enemies":"Transient","floor":39,"turns":4}],"seed_played":"-5830601919927875186","potions_obtained":[{"floor":2,"key":"AttackPotion"},{"floor":3,"key":"SpeedPotion"},{"floor":7,"key":"EntropicBrew"},{"floor":16,"key":"SpeedPotion"},{"floor":19,"key":"Swift Potion"},{"floor":24,"key":"Fire Potion"},{"floor":27,"key":"Fire Potion"},{"floor":30,"key":"Swift Potion"},{"floor":35,"key":"PowerPotion"},{"floor":38,"key":"Dexterity Potion"}],"is_trial":false,"path_per_floor":["M","M","M","$","?","R","M","R","T","R","M","M","M","?","R","B",null,"M","M","$","M","?","R","M","R","T","M","T","R","M","?","R","B",null,"M","M","$","?"],"character_chosen":"IRONCLAD","items_purchased":["Metallicize","Panache"],"campfire_rested":2,"item_purchase_floors":[4,37],"current_hp_per_floor":[65,67,73,73,66,66,63,63,63,63,65,71,70,70,70,67,77,65,48,48,35,35,59,38,62,62,59,59,59,55,55,55,21,65,49,41,41,13,0],"gold":85,"neow_bonus":"THREE_CARDS","is_prod":false,"is_daily":false,"chose_seed":false,"campfire_upgraded":6,"win_rate":0,"timestamp":1538936070,"path_taken":["M","M","M","$","?","R","M","R","T","R","M","M","M","?","R","BOSS","M","M","$","M","?","R","M","R","T","M","?","R","M","?","R","BOSS","M","M","$","?","M"],"build_version":"2018-10-04v2","purchased_purges":2,"victory":false,"max_hp_per_floor":[80,80,80,80,80,80,80,80,80,80,80,80,80,80,80,80,80,80,80,80,80,80,80,80,80,80,80,80,80,80,80,80,80,80,80,80,80,80,80],"card_choices":[{"not_picked":["Twin Strike","Pommel Strike"],"picked":"Clothesline","floor":0},{"not_picked":["Rage","Fire Breathing"],"picked":"Armaments","floor":1},{"not_picked":["Iron Wave","Clash"],"picked":"Pommel Strike","floor":2},{"not_picked":["Rage","Heavy Blade"],"picked":"Shrug It Off","floor":3},{"not_picked":["Iron Wave","Wild Strike","Ghostly Armor"],"picked":"SKIP","floor":7},{"not_picked":["Dropkick","Corruption"],"picked":"Bludgeon","floor":11},{"not_picked":["Body Slam","Headbutt","Iron Wave"],"picked":"SKIP","floor":12},{"not_picked":["Armaments","Rampage"],"picked":"Shrug It Off","floor":13},{"not_picked":["Reaper","Immolate"],"picked":"Demon Form","floor":16},{"not_picked":["Perfected Strike","Clash"],"picked":"Shockwave","floor":18},{"not_picked":["Clothesline","Cleave"],"picked":"Fire Breathing+1","floor":19},{"not_picked":["Perfected Strike","Metallicize"],"picked":"Battle Trance+1","floor":21},{"not_picked":["Entrench","Bloodletting","Wild Strike+1"],"picked":"SKIP","floor":24},{"not_picked":["Thunderclap","Twin Strike"],"picked":"Heavy Blade","floor":27},{"not_picked":["Armaments","True Grit"],"picked":"Body Slam+1","floor":30},{"not_picked":["Feed","Immolate"],"picked":"Barricade","floor":33},{"not_picked":["Power Through"],"picked":"SKIP","floor":35},{"not_picked":["Armaments"],"picked":"SKIP","floor":36}],"player_experience":1211051,"relics_obtained":[{"floor":9,"key":"Vajra"},{"floor":26,"key":"Bag of Marbles"},{"floor":28,"key":"Dream Catcher"},{"floor":38,"key":"Shovel"}],"event_choices":[{"event_name":"Golden Wing","player_choice":"Card Removal","floor":5,"damage_taken":0},{"event_name":"The Cleric","player_choice":"Card Removal","floor":14,"damage_taken":0},{"event_name":"Beggar","player_choice":"Gave Gold","floor":22,"damage_taken":0},{"event_name":"Ghosts","player_choice":"Ignored","floor":31,"damage_taken":0},{"event_name":"Mysterious Sphere","player_choice":"Fight","floor":38,"damage_taken":0}],"is_beta":false,"boss_relics":[{"not_picked":["Philosopher\u0027s Stone","Snecko Eye"],"picked":"Astrolabe"},{"not_picked":["Runic Pyramid","Tiny House"],"picked":"Busted Crown"}],"items_purged_floors":[4,20],"is_endless":false,"potions_floor_spawned":[2,3,7,16,19,24,27,30,35,38],"killed_by":"Transient","ascension_level":6}