{"gold_per_floor":[13,30,105,105,125,125,154,169,195,195],"floor_reached":10,"playtime":548,"items_purged":[],"score":88,"play_id":"f5a4889f-c5e8-4933-8965-5e324ff0b268","local_time":"20190214192817","is_ascension_mode":true,"campfire_choices":[{"data":"Echo Form","floor":6.0,"key":"SMITH"}],"neow_cost":"NO_GOLD","seed_source_timestamp":124624149662440,"circlet_count":0,"master_deck":["Strike_B","Strike_B","Strike_B","Strike_B","Defend_B","Defend_B","Defend_B","Defend_B","Zap","Dualcast","Echo Form+1","Defragment","White Noise","Multi-Cast"],"special_seed":0,"relics":["Cracked Core","DataDisk","Strawberry","Happy Flower"],"potions_floor_usage":[],"damage_taken":[{"damage":0.0,"enemies":"2 Louse","floor":1.0,"turns":3.0},{"damage":12.0,"enemies":"Jaw Worm","floor":2.0,"turns":3.0},{"damage":0.0,"enemies":"Cultist","floor":5.0,"turns":4.0},{"damage":20.0,"enemies":"Gremlin Nob","floor":7.0,"turns":3.0},{"damage":15.0,"enemies":"Large Slime","floor":8.0,"turns":4.0},{"damage":10,"enemies":"Lagavulin","floor":10,"turns":3}],"seed_played":"-7430497586363007515","potions_obtained":[{"floor":1.0,"key":"Ancient Potion"},{"floor":5.0,"key":"Poison Potion"},{"floor":7.0,"key":"Explosive Potion"}],"is_trial":false,"path_per_floor":["M","M","?","T","M","R","E","M","T","E"],"character_chosen":"DEFECT","items_purchased":[],"campfire_rested":0,"item_purchase_floors":[],"current_hp_per_floor":[68,56,45,45,45,45,32,17,17,7],"gold":195,"neow_bonus":"THREE_RARE_CARDS","is_prod":false,"is_daily":false,"chose_seed":false,"campfire_upgraded":1,"win_rate":0,"timestamp":1550194097,"path_taken":["M","M","?","?","M","R","E","M","T","E"],"build_version":"2019-01-23","purchased_purges":0,"victory":false,"max_hp_per_floor":[75,75,75,75,75,75,82,82,82,82],"card_choices":[{"not_picked":["Machine Learning","Seek"],"picked":"Echo Form","floor":0.0},{"not_picked":["Stack","Steam Power","Redo"],"picked":"SKIP","floor":1.0},{"not_picked":["Consume","Beam Cell"],"picked":"Defragment","floor":2.0},{"not_picked":["Beam Cell","Glacier"],"picked":"White Noise","floor":5.0},{"not_picked":["Rip and Tear","Glacier"],"picked":"Multi-Cast","floor":7.0},{"not_picked":["Beam Cell","Lockon","Melter"],"picked":"SKIP","floor":8.0}],"player_experience":616336,"relics_obtained":[{"floor":4.0,"key":"DataDisk"},{"floor":7.0,"key":"Strawberry"},{"floor":9.0,"key":"Happy Flower"}],"event_choices":[{"damage_healed":0.0,"max_hp_gain":0.0,"max_hp_loss":0.0,"gold_gain":75.0,"event_name":"World of Goop","player_choice":"Gather Gold","floor":3.0,"gold_loss":0.0,"damage_taken":11.0}],"is_beta":false,"boss_relics":[],"items_purged_floors":[],"is_endless":false,"potions_floor_spawned":[1,5,7],"killed_by":"Lagavulin","ascension_level":6}