{"gold_per_floor":[109,124,199,86,36,70,88,62,62,87,103,103,118,118,118,220,220,160,173,173,192,192,192,203,221,268,268],"floor_reached":27,"playtime":1774,"items_purged":["Strike_B"],"score":452,"play_id":"e3d57dfc-1851-4bd5-90a2-9c6aaeb2b054","local_time":"20190202175503","is_ascension_mode":true,"campfire_choices":[{"data":"Zap","floor":12,"key":"SMITH"},{"data":"Buffer","floor":15,"key":"SMITH"},{"data":"Redo","floor":23,"key":"SMITH"}],"neow_cost":"NONE","seed_source_timestamp":101874047107676,"circlet_count":0,"master_deck":["Defend_B","Defend_B","Zap+1","Dualcast+1","Self Repair","Loop","Doom and Gloom","Loop","Gash","Conserve Battery","Buffer+1","Beam Cell","All For One","Darkness+1","Buffer+1","Consume+1","Lockon+1","Double Energy","All For One","Redo+1","Trip"],"relics":["Cracked Core","NeowsBlessing","Unceasing Top","Pantograph","Astrolabe","Blood Vial"],"potions_floor_usage":[11,25],"damage_taken":[{"damage":0,"enemies":"Small Slimes","floor":1,"turns":1},{"damage":0,"enemies":"2 Louse","floor":2,"turns":2},{"damage":0,"enemies":"3 Sentries","floor":6,"turns":2},{"damage":11,"enemies":"Jaw Worm","floor":7,"turns":4},{"damage":30,"enemies":"Lagavulin","floor":10,"turns":5},{"damage":0,"enemies":"Gremlin Gang","floor":11,"turns":4},{"damage":4,"enemies":"Blue Slaver","floor":13,"turns":4},{"damage":0,"enemies":"Slime Boss","floor":16,"turns":10},{"damage":0,"enemies":"2 Thieves","floor":18,"turns":4},{"damage":7,"enemies":"Chosen","floor":19,"turns":6},{"damage":28,"enemies":"Shelled Parasite and Fungi","floor":21,"turns":3},{"damage":12,"enemies":"Centurion and Healer","floor":24,"turns":5},{"damage":29,"enemies":"Snecko","floor":25,"turns":4},{"damage":26,"enemies":"Shelled Parasite and Fungi","floor":27,"turns":2}],"seed_played":"4109953291070174889","potions_obtained":[{"floor":1,"key":"Block Potion"},{"floor":6,"key":"LiquidBronze"},{"floor":11,"key":"FairyPotion"},{"floor":13,"key":"Ancient Potion"}],"is_trial":false,"path_per_floor":["M","M","?","$","?","E","M","$","T","E","M","R","M","?","R","B",null,"M","M","?","M","?","R","M","M","T","M"],"character_chosen":"DEFECT","items_purchased":["Doom and Gloom","Conserve Battery"],"campfire_rested":0,"item_purchase_floors":[4,8],"current_hp_per_floor":[68,75,64,64,64,71,67,67,67,44,51,51,54,54,54,75,75,75,75,75,47,47,47,35,13,13,0],"gold":268,"neow_bonus":"THREE_ENEMY_KILL","is_prod":false,"is_daily":false,"chose_seed":false,"campfire_upgraded":3,"win_rate":0,"timestamp":1549148103,"path_taken":["M","M","?","$","?","E","M","?","T","E","M","R","?","?","R","BOSS","M","M","?","?","?","R","M","M","T","?"],"build_version":"2019-01-23","purchased_purges":1,"victory":false,"max_hp_per_floor":[75,75,75,75,75,75,75,75,75,75,75,75,75,75,75,75,75,75,75,75,75,75,75,75,75,75,75],"card_choices":[{"not_picked":["Reinforced Body","Heatsinks"],"picked":"Self Repair","floor":1},{"not_picked":["Recycle","Stack"],"picked":"Loop","floor":2},{"not_picked":["Storm","Streamline"],"picked":"Loop","floor":6},{"not_picked":["Sweeping Beam","Stack"],"picked":"Gash","floor":7},{"not_picked":["Conserve Battery","Ball Lightning"],"picked":"Buffer","floor":10},{"not_picked":["Compile Driver","Ball Lightning","Turbo"],"picked":"SKIP","floor":11},{"not_picked":["Hologram","Double Energy"],"picked":"Beam Cell","floor":13},{"not_picked":["Multi-Cast","Machine Learning"],"picked":"All For One","floor":16},{"not_picked":["Cold Snap","Aggregate+1"],"picked":"Lockon+1","floor":18},{"not_picked":["Sweeping Beam+1","Compile Driver"],"picked":"Double Energy","floor":19},{"not_picked":["Melter","Rebound","Barrage"],"picked":"SKIP","floor":21},{"not_picked":["Ball Lightning","Coolheaded","Steam Power"],"picked":"SKIP","floor":24},{"not_picked":["Double Energy","All For One","Barrage"],"picked":"SKIP","floor":25}],"player_experience":558491,"relics_obtained":[{"floor":6,"key":"Unceasing Top"},{"floor":10,"key":"Pantograph"},{"floor":26,"key":"Blood Vial"}],"event_choices":[{"damage_healed":0,"gold_gain":75,"player_choice":"Gather Gold","damage_taken":11,"max_hp_gain":0,"max_hp_loss":0,"event_name":"World of Goop","floor":3,"gold_loss":0},{"cards_removed":["Strike_B"],"damage_healed":0,"gold_gain":0,"player_choice":"Card Removal","damage_taken":0,"max_hp_gain":0,"max_hp_loss":0,"event_name":"The Cleric","floor":5,"gold_loss":50},{"damage_healed":0,"gold_gain":0,"player_choice":"Forge","damage_taken":0,"max_hp_gain":0,"max_hp_loss":0,"event_name":"Accursed Blacksmith","floor":14,"gold_loss":0,"cards_upgraded":["Dualcast"]},{"damage_healed":0,"gold_gain":0,"cards_transformed":["Strike_B"],"player_choice":"Transformed","damage_taken":0,"max_hp_gain":0,"max_hp_loss":0,"event_name":"Transmorgrifier","floor":20,"gold_loss":0,"cards_obtained":["All For One"]},{"damage_healed":0,"gold_gain":0,"player_choice":"2 cards matched","damage_taken":0,"max_hp_gain":0,"max_hp_loss":0,"event_name":"Match and Keep!","floor":22,"gold_loss":0,"cards_obtained":["Redo","Trip"]}],"is_beta":false,"boss_relics":[{"not_picked":["Nuclear Battery","Orrery"],"picked":"Astrolabe"}],"items_purged_floors":[4],"is_endless":false,"potions_floor_spawned":[1,6,11,13,24],"killed_by":"Shelled Parasite and Fungi","ascension_level":8}