{"gold_per_floor":[109,122,138,153,164,164,198,49,73,73,89,89,14,42,42,117,117,136,156,156],"floor_reached":20,"playtime":1206,"items_purged":["Pain"],"score":335,"play_id":"73060ebf-e897-47e4-8bb7-559d19f576cb","local_time":"20190503031300","is_ascension_mode":true,"campfire_choices":[{"data":"Defragment","floor":6.0,"key":"SMITH"},{"data":"Double Energy","floor":10.0,"key":"SMITH"},{"data":"Bandage Up","floor":12.0,"key":"SMITH"},{"floor":15.0,"key":"REST"}],"neow_cost":"CURSE","seed_source_timestamp":0,"circlet_count":0,"master_deck":["AscendersBane","Strike_B","Strike_B","Strike_B","Strike_B","Defend_B+1","Defend_B","Defend_B","Defend_B+1","Zap","Dualcast","Conserve Battery","Capacitor","Conserve Battery","Defragment+1","Lockon","Double Energy+1","Lockon","Bandage Up+1","Core Surge","Undo","Thunder Strike","Heatsinks","Conserve Battery+1"],"special_seed":0,"relics":["FrozenCore","Girya","Boot","War Paint"],"potions_floor_usage":[],"damage_taken":[{"damage":5.0,"enemies":"2 Louse","floor":1.0,"turns":2.0},{"damage":2.0,"enemies":"Small Slimes","floor":2.0,"turns":2.0},{"damage":2.0,"enemies":"Cultist","floor":3.0,"turns":4.0},{"damage":1.0,"enemies":"Exordium Wildlife","floor":4.0,"turns":3.0},{"damage":10.0,"enemies":"Looter","floor":5.0,"turns":5.0},{"damage":20.0,"enemies":"Gremlin Nob","floor":7.0,"turns":4.0},{"damage":2.0,"enemies":"2 Fungi Beasts","floor":11.0,"turns":3.0},{"damage":23.0,"enemies":"3 Sentries","floor":14.0,"turns":8.0},{"damage":43,"enemies":"Hexaghost","floor":16,"turns":12},{"damage":0,"enemies":"Spheric Guardian","floor":18,"turns":10},{"damage":0,"enemies":"Shell Parasite","floor":19,"turns":11},{"damage":108,"enemies":"3 Cultists","floor":20,"turns":8}],"seed_played":"4652618772085248838","potions_obtained":[{"floor":2.0,"key":"FocusPotion"},{"floor":3.0,"key":"Swift Potion"},{"floor":7.0,"key":"Poison Potion"},{"floor":11.0,"key":"Ancient Potion"}],"is_trial":false,"path_per_floor":["M","M","M","M","M","R","E","$","T","R","M","R","$","E","R","B",null,"M","M","M"],"character_chosen":"DEFECT","items_purchased":["Lockon","Bandage Up"],"campfire_rested":1,"item_purchase_floors":[8,8],"current_hp_per_floor":[73,71,69,68,58,58,38,38,38,38,40,40,40,23,48,11,67,73,79,0],"gold":156,"neow_bonus":"TWENTY_PERCENT_HP_BONUS","is_prod":false,"is_daily":false,"chose_seed":false,"campfire_upgraded":3,"win_rate":0,"timestamp":1556867580,"path_taken":["M","M","M","M","M","R","E","$","T","R","M","R","$","E","R","BOSS","M","M","M"],"build_version":"2019-01-23","purchased_purges":1,"victory":false,"max_hp_per_floor":[85,85,85,85,85,85,85,85,85,85,85,85,85,85,85,85,85,85,85,85],"card_choices":[{"not_picked":["Steam Power","Go for the Eyes"],"picked":"Conserve Battery","floor":1.0},{"not_picked":["Stack","Cold Snap"],"picked":"Capacitor","floor":2.0},{"not_picked":["Force Field","Compile Driver"],"picked":"Conserve Battery","floor":3.0},{"not_picked":["Force Field","Redo"],"picked":"Defragment","floor":4.0},{"not_picked":["Beam Cell","Hologram"],"picked":"Lockon","floor":5.0},{"not_picked":["Leap","Blizzard"],"picked":"Double Energy","floor":7.0},{"not_picked":["Gash","Coolheaded"],"picked":"Core Surge","floor":11.0},{"not_picked":["Turbo","Gash"],"picked":"Undo","floor":14.0},{"not_picked":["Buffer","Reboot"],"picked":"Thunder Strike","floor":16},{"not_picked":["Stack","Compile Driver"],"picked":"Heatsinks","floor":18},{"not_picked":["Cold Snap","Coolheaded"],"picked":"Conserve Battery+1","floor":19}],"player_experience":2876099,"relics_obtained":[{"floor":7.0,"key":"Girya"},{"floor":9.0,"key":"Boot"},{"floor":14.0,"key":"War Paint"}],"event_choices":[],"is_beta":false,"boss_relics":[{"not_picked":["White Beast Statue","Busted Crown"],"picked":"FrozenCore"}],"items_purged_floors":[13],"is_endless":false,"potions_floor_spawned":[2,3,5,7,11],"killed_by":"3 Cultists","ascension_level":16}