{"gold_per_floor":[114,126,28,28,46,78,78,148,148,148,181,181,81,81,81,81],"floor_reached":16,"playtime":493,"items_purged":["Strike_R","Defend_R"],"score":154,"play_id":"50df950a-10d3-4115-a357-8c3ea3ffb927","local_time":"20180726223418","is_ascension_mode":true,"campfire_choices":[{"data":"True Grit","floor":7,"key":"SMITH"},{"floor":10,"key":"REST"},{"data":"Metallicize","floor":12,"key":"SMITH"},{"floor":15,"key":"REST"}],"neow_cost":"","seed_source_timestamp":3460081087179879,"circlet_count":0,"master_deck":["Strike_R","Strike_R","Strike_R","Defend_R+1","Defend_R","Defend_R+1","Bash","True Grit+1","Cleave","Metallicize+1"],"relics":["Burning Blood","Anchor","Bottled Lightning","Centennial Puzzle","War Paint"],"potions_floor_usage":[5,6],"damage_taken":[{"damage":15,"enemies":"Jaw Worm","floor":1,"turns":6},{"damage":0,"enemies":"2 Louse","floor":2,"turns":2},{"damage":4,"enemies":"Cultist","floor":5,"turns":5},{"damage":54,"enemies":"Lagavulin","floor":6,"turns":7},{"damage":44,"enemies":"Gremlin Nob","floor":11,"turns":6},{"damage":54,"enemies":"Slime Boss","floor":16,"turns":8}],"seed_played":"3692490848156351135","potions_obtained":[{"floor":2,"key":"AttackPotion"},{"floor":5,"key":"Block Potion"}],"is_trial":false,"path_per_floor":["M","M","$","?","M","E","R","T","T","R","E","R","$","?","R"],"character_chosen":"IRONCLAD","items_purchased":["Cleave"],"campfire_rested":2,"item_purchase_floors":[3],"current_hp_per_floor":[63,69,69,74,76,28,28,28,28,53,15,15,15,15,40,0],"gold":81,"neow_bonus":"","is_prod":false,"is_daily":false,"chose_seed":false,"campfire_upgraded":2,"win_rate":0,"timestamp":1532637258,"path_taken":["M","M","$","?","?","E","R","?","T","R","E","R","$","?","R","BOSS"],"build_version":"2018-07-19v2","purchased_purges":2,"victory":false,"max_hp_per_floor":[80,80,80,85,85,85,85,85,85,85,85,85,85,85,85,85],"card_choices":[{"not_picked":["Flex","Combust","Headbutt"],"picked":"SKIP","floor":1},{"not_picked":["Flame Barrier","Blood for Blood"],"picked":"True Grit","floor":2},{"not_picked":["True Grit","Iron Wave","Havoc"],"picked":"SKIP","floor":5},{"not_picked":["Thunderclap","Entrench"],"picked":"Metallicize","floor":6},{"not_picked":["Sentinel","Warcry","Heavy Blade"],"picked":"SKIP","floor":11}],"player_experience":378235,"relics_obtained":[{"floor":6,"key":"Anchor"},{"floor":8,"key":"Bottled Lightning"},{"floor":9,"key":"Centennial Puzzle"},{"floor":11,"key":"War Paint"}],"event_choices":[{"event_name":"Big Fish","player_choice":"Donut","floor":4,"damage_taken":0},{"event_name":"Purifier","player_choice":"One Purge","floor":14,"damage_taken":0}],"is_beta":false,"boss_relics":[],"items_purged_floors":[3,13],"is_endless":false,"potions_floor_spawned":[2,5],"killed_by":"Slime Boss","ascension_level":9}