{"gold_per_floor":[115,65,65,83,45,45,64,64,64,64,78,96,21,21,21,142,142,163,176,197,15,40,40,83,106,132,132,132,145,71,84,84,215,215,239,252,232,250,275,275,296,296,296,421,421,754,754,768,768,768,768,768,51,79,79],"floor_reached":55,"playtime":6304,"items_purged":["Injury","Defend_B","Strike_B"],"score":845,"play_id":"b175bcbb-6b29-492c-894d-101e6eb2a170","local_time":"20190127215544","is_ascension_mode":true,"campfire_choices":[{"data":"Zap","floor":6,"key":"SMITH"},{"data":"Fusion","floor":10,"key":"SMITH"},{"data":"Lockon","floor":15,"key":"SMITH"},{"data":"Defragment","floor":23,"key":"SMITH"},{"floor":28,"key":"REST"},{"floor":32,"key":"REST"},{"floor":40,"key":"REST"},{"floor":42,"key":"REST"},{"data":"Fission","floor":45,"key":"SMITH"},{"floor":47,"key":"RECALL"},{"floor":49,"key":"REST"},{"data":"Blizzard","floor":52,"key":"SMITH"}],"neow_cost":"NONE","seed_source_timestamp":877154210187727,"circlet_count":0,"master_deck":["Defend_B+1","Zap+1","Dualcast+1","Fusion+1","Melter","Doom and Gloom","Lockon+1","Leap","Compile Driver","Electrodynamics","Barrage+1","Defragment+1","Cold Snap+1","Chill","Coolheaded","Conserve Battery","Self Repair","Defragment+1","Loop+1","Fission+1","Loop","Blizzard+1","Seek","Tempest+1","Defragment+1","Chill+1","Undo+1","Glacier+1","Seek","Stack+1"],"relics":["Cracked Core","Blood Vial","GremlinMask","Astrolabe","Pocketwatch","Vajra","White Beast Statue","Bottled Flame","Nunchaku","Mercury Hourglass","Toy Ornithopter","War Paint"],"potions_floor_usage":[11,16,16,19,22,31,33,38,39,41,44,48,50,50,50,54,55],"damage_taken":[{"damage":0,"enemies":"2 Louse","floor":1,"turns":2},{"damage":5,"enemies":"Cultist","floor":4,"turns":5},{"damage":4,"enemies":"Small Slimes","floor":7,"turns":3},{"damage":9,"enemies":"2 Fungi Beasts","floor":11,"turns":3},{"damage":21,"enemies":"Lots of Slimes","floor":12,"turns":3},{"damage":44,"enemies":"The Guardian","floor":16,"turns":9},{"damage":3,"enemies":"Chosen","floor":18,"turns":3},{"damage":5,"enemies":"2 Thieves","floor":19,"turns":3},{"damage":6,"enemies":"Snecko","floor":20,"turns":3},{"damage":12,"enemies":"Centurion and Healer","floor":22,"turns":4},{"damage":50,"enemies":"Book of Stabbing","floor":24,"turns":5},{"damage":8,"enemies":"3 Cultists","floor":25,"turns":3},{"damage":30,"enemies":"Snake Plant","floor":29,"turns":4},{"damage":4,"enemies":"Centurion and Healer","floor":31,"turns":3},{"damage":50,"enemies":"Champ","floor":33,"turns":9},{"damage":6,"enemies":"3 Shapes","floor":35,"turns":3},{"damage":22,"enemies":"3 Darklings","floor":36,"turns":2},{"damage":31,"enemies":"Transient","floor":38,"turns":5},{"damage":11,"enemies":"Spire Growth","floor":39,"turns":4},{"damage":7,"enemies":"3 Darklings","floor":41,"turns":3},{"damage":0,"enemies":"Mind Bloom Boss Battle","floor":44,"turns":5},{"damage":30,"enemies":"4 Shapes","floor":48,"turns":7},{"damage":32,"enemies":"Donu and Deca","floor":50,"turns":10},{"damage":55,"enemies":"Shield and Spear","floor":54,"turns":6},{"damage":52,"enemies":"The Heart","floor":55,"turns":5}],"seed_played":"-7464975239044223775","potions_obtained":[{"floor":1,"key":"Regen Potion"},{"floor":7,"key":"SkillPotion"},{"floor":12,"key":"Regen Potion"},{"floor":18,"key":"Explosive Potion"},{"floor":19,"key":"Swift Potion"},{"floor":29,"key":"PowerPotion"},{"floor":31,"key":"LiquidBronze"},{"floor":35,"key":"Strength Potion"},{"floor":36,"key":"SkillPotion"},{"floor":37,"key":"Swift Potion"},{"floor":38,"key":"FocusPotion"},{"floor":39,"key":"Explosive Potion"},{"floor":41,"key":"EssenceOfSteel"},{"floor":44,"key":"FocusPotion"},{"floor":48,"key":"Swift Potion"},{"floor":54,"key":"FairyPotion"}],"is_trial":false,"path_per_floor":["M","?","?","M","$","R","M","?","T","R","M","M","$","?","R","B",null,"M","M","M","$","M","R","E","M","T","?","R","M","$","M","R","B",null,"M","M","?","M","M","R","M","R","T","?","R","?","R","M","R","B",null,"R","$","E","B"],"character_chosen":"DEFECT","items_purchased":["Doom and Gloom","Self Repair","Blizzard","Mercury Hourglass","Toy Ornithopter","Regen Potion","Ancient Potion"],"campfire_rested":5,"item_purchase_floors":[5,21,30,53,53,53,53],"current_hp_per_floor":[70,70,70,67,67,67,65,65,65,65,58,39,39,39,39,49,69,68,65,61,61,58,58,17,18,18,18,40,19,19,31,53,12,59,55,35,35,13,4,26,28,50,50,52,52,52,52,31,53,30,64,64,64,35,0],"gold":79,"neow_bonus":"RANDOM_COMMON_RELIC","is_prod":false,"is_daily":false,"chose_seed":false,"campfire_upgraded":6,"win_rate":0,"timestamp":1548644144,"path_taken":["M","?","?","?","$","R","M","?","T","R","M","M","$","?","R","BOSS","M","?","M","$","M","R","E","M","T","?","R","M","?","M","R","BOSS","M","M","?","?","M","R","M","R","T","?","R","?","R","M","R","BOSS","R","$","E","BOSS"],"build_version":"2019-01-23","purchased_purges":3,"victory":false,"max_hp_per_floor":[75,75,75,75,75,75,75,75,75,75,75,75,75,75,75,75,75,75,75,75,75,75,75,75,75,75,75,75,75,75,75,75,75,75,75,75,75,75,75,75,75,75,75,75,75,75,75,75,75,75,75,75,75,75,75],"card_choices":[{"not_picked":["Force Field","Stack"],"picked":"Fusion","floor":1},{"not_picked":["Compile Driver","Sweeping Beam"],"picked":"Melter","floor":4},{"not_picked":["Blizzard","Compile Driver"],"picked":"Lockon","floor":7},{"not_picked":["Stack","Thunder Strike"],"picked":"Leap","floor":11},{"not_picked":["Steam","Turbo"],"picked":"Compile Driver","floor":12},{"not_picked":["Core Surge","Seek"],"picked":"Electrodynamics","floor":16},{"not_picked":["Scrape+1","Sweeping Beam"],"picked":"Chill","floor":18},{"not_picked":["Barrage","Go for the Eyes"],"picked":"Coolheaded","floor":19},{"not_picked":["BootSequence","Leap+1"],"picked":"Conserve Battery","floor":20},{"not_picked":["Heatsinks","Melter"],"picked":"Defragment","floor":22},{"not_picked":["Scrape","Redo"],"picked":"Loop+1","floor":24},{"not_picked":["Leap","Storm+1"],"picked":"Fission","floor":25},{"not_picked":["Lockon","Turbo"],"picked":"Loop","floor":29},{"not_picked":["Leap","Consume","Darkness"],"picked":"SKIP","floor":31},{"not_picked":["Creative AI","Thunder Strike"],"picked":"Seek","floor":33},{"not_picked":["Ball Lightning+1","Genetic Algorithm+1"],"picked":"Tempest+1","floor":35},{"not_picked":["Gash","Barrage+1","Streamline"],"picked":"SKIP","floor":36},{"not_picked":["Sweeping Beam+1","Streamline+1"],"picked":"Defragment+1","floor":38},{"not_picked":["Gash","Lockon+1"],"picked":"Chill","floor":39},{"not_picked":["Static Discharge","Gash+1"],"picked":"Undo+1","floor":41},{"not_picked":["Barrage+1","Tempest+1"],"picked":"Glacier+1","floor":44},{"not_picked":["Barrage+1","Skim"],"picked":"Seek","floor":48},{"not_picked":["Aggregate","Barrage"],"picked":"Stack+1","floor":54}],"player_experience":502338,"relics_obtained":[{"floor":24,"key":"Pocketwatch"},{"floor":26,"key":"Vajra"},{"floor":43,"key":"Bottled Flame"},{"floor":44,"key":"Nunchaku"},{"floor":54,"key":"War Paint"}],"event_choices":[{"cards_removed":["Strike_B"],"damage_healed":0,"gold_gain":0,"player_choice":"Card Removal","damage_taken":0,"max_hp_gain":0,"max_hp_loss":0,"event_name":"The Cleric","floor":2,"gold_loss":50},{"damage_healed":0,"gold_gain":0,"player_choice":"Trade","damage_taken":0,"relics_obtained":["GremlinMask"],"max_hp_gain":0,"max_hp_loss":0,"event_name":"FaceTrader","floor":3,"gold_loss":0},{"damage_healed":0,"gold_gain":0,"player_choice":"Take Wound","damage_taken":0,"relics_obtained":["Golden Idol"],"max_hp_gain":0,"max_hp_loss":0,"event_name":"Golden Idol","floor":8,"gold_loss":0,"cards_obtained":["Injury"]},{"damage_healed":0,"gold_gain":0,"player_choice":"Forge","damage_taken":0,"max_hp_gain":0,"max_hp_loss":0,"event_name":"Accursed Blacksmith","floor":14,"gold_loss":0,"cards_upgraded":["Dualcast"]},{"cards_removed":["Defend_B"],"damage_healed":0,"gold_gain":0,"player_choice":"Elegance","damage_taken":0,"max_hp_gain":0,"max_hp_loss":0,"event_name":"Back to Basics","floor":27,"gold_loss":0},{"damage_healed":0,"gold_gain":0,"player_choice":"Bought 1 Potion","damage_taken":0,"max_hp_gain":0,"max_hp_loss":0,"event_name":"The Woman in Blue","floor":37,"gold_loss":0},{"damage_healed":0,"gold_gain":0,"player_choice":"Fight","damage_taken":0,"max_hp_gain":0,"max_hp_loss":0,"event_name":"MindBloom","floor":44,"gold_loss":0},{"damage_healed":0,"gold_gain":333,"player_choice":"Gave Idol","damage_taken":0,"max_hp_gain":0,"max_hp_loss":0,"event_name":"The Moai Head","floor":46,"relics_lost":["Golden Idol"],"gold_loss":0}],"is_beta":false,"boss_relics":[{"not_picked":["Eternal Feather","Orrery"],"picked":"Astrolabe"},{"not_picked":["Philosopher\u0027s Stone","Pandora\u0027s Box"],"picked":"White Beast Statue"}],"items_purged_floors":[13,21,53],"is_endless":false,"potions_floor_spawned":[1,7,12,18,19,29,31,35,36,38,39,41,44,48,54],"killed_by":"The Heart","ascension_level":6}