{"gold_per_floor":[114,189,189,203,219,219,106,118,118,151,166,166,66,79,79,79],"floor_reached":16,"playtime":658,"items_purged":["Strike_R","Strike_R"],"score":173,"play_id":"cb5c9b08-24b1-4716-a92b-3082e7bd9057","local_time":"20190519224029","is_ascension_mode":true,"campfire_choices":[{"data":"Rupture","floor":6,"key":"SMITH"},{"data":"Heavy Blade","floor":15,"key":"SMITH"}],"neow_cost":"NONE","seed_source_timestamp":4352961744450284,"circlet_count":0,"master_deck":["AscendersBane","Strike_R","Strike_R","Strike_R","Defend_R","Defend_R","Defend_R","Defend_R","Bash","Limit Break+1","Heavy Blade+1","Rupture+1","Combust","Iron Wave","Heavy Blade","Seeing Red+1"],"relics":["Burning Blood","Toxic Egg 2","Turnip","Golden Idol"],"potions_floor_usage":[10,10,16],"damage_taken":[{"damage":10,"enemies":"Cultist","floor":1,"turns":5},{"damage":0,"enemies":"2 Louse","floor":4,"turns":3},{"damage":4,"enemies":"Small Slimes","floor":5,"turns":3},{"damage":14,"enemies":"Looter","floor":8,"turns":3},{"damage":18,"enemies":"Gremlin Nob","floor":10,"turns":4},{"damage":12,"enemies":"2 Fungi Beasts","floor":11,"turns":3},{"damage":14,"enemies":"Red Slaver","floor":14,"turns":4},{"damage":27,"enemies":"Hexaghost","floor":16,"turns":9}],"seed_played":"-905396627368347438","potions_obtained":[{"floor":1,"key":"GamblersBrew"},{"floor":8,"key":"EssenceOfSteel"},{"floor":10,"key":"Dexterity Potion"}],"is_trial":false,"path_per_floor":["M","?","?","M","M","R","$","M","T","E","M","?","$","M","R","B"],"character_chosen":"IRONCLAD","items_purchased":["Combust"],"campfire_rested":0,"item_purchase_floors":[7],"current_hp_per_floor":[64,53,53,59,61,61,61,53,53,41,35,35,35,27,27,0],"gold":79,"neow_bonus":"ONE_RANDOM_RARE_CARD","is_prod":false,"is_daily":false,"chose_seed":false,"campfire_upgraded":2,"win_rate":0,"timestamp":1558298429,"path_taken":["M","?","?","M","M","R","$","?","T","E","M","?","$","M","R","BOSS"],"build_version":"2019-01-23","purchased_purges":2,"victory":false,"max_hp_per_floor":[75,75,75,75,75,75,75,75,75,75,75,69,69,69,69,69],"card_choices":[{"not_picked":["Reckless Charge","Anger","Entrench"],"picked":"SKIP","floor":1},{"not_picked":["Dropkick","Metallicize"],"picked":"Heavy Blade","floor":4},{"not_picked":["Sentinel","Havoc"],"picked":"Rupture","floor":5},{"not_picked":["Wild Strike","Sever Soul","Sword Boomerang"],"picked":"SKIP","floor":8},{"not_picked":["Wild Strike","Sword Boomerang"],"picked":"Iron Wave","floor":10},{"not_picked":["Pommel Strike","Iron Wave"],"picked":"Heavy Blade","floor":11},{"not_picked":["Clothesline","Clash"],"picked":"Seeing Red+1","floor":14}],"player_experience":553310,"relics_obtained":[{"floor":9,"key":"Toxic Egg 2"},{"floor":10,"key":"Turnip"}],"event_choices":[{"damage_healed":0,"gold_gain":75,"player_choice":"Gather Gold","damage_taken":11,"max_hp_gain":0,"max_hp_loss":0,"event_name":"World of Goop","floor":2,"gold_loss":0},{"damage_healed":0,"gold_gain":0,"player_choice":"Upgraded","damage_taken":0,"max_hp_gain":0,"max_hp_loss":0,"event_name":"Upgrade Shrine","floor":3,"gold_loss":0,"cards_upgraded":["Limit Break"]},{"damage_healed":0,"gold_gain":0,"player_choice":"Lose Max HP","damage_taken":0,"relics_obtained":["Golden Idol"],"max_hp_gain":0,"max_hp_loss":6,"event_name":"Golden Idol","floor":12,"gold_loss":0}],"is_beta":false,"boss_relics":[],"items_purged_floors":[7,13],"is_endless":false,"potions_floor_spawned":[1,8,10],"killed_by":"Hexaghost","ascension_level":14}