{"gold_per_floor":[116,135,151,162,312,312,312,341,341,4,4,4,4,27,39,51],"floor_reached":16,"playtime":488,"items_purged":[],"score":172,"play_id":"1d1539ad-0319-4747-9e58-6d43eb54bb25","local_time":"20190428003729","is_ascension_mode":true,"campfire_choices":[{"floor":6.0,"key":"REST"},{"data":"Lockon","floor":13.0,"key":"SMITH"},{"data":"Buffer","floor":15.0,"key":"SMITH"}],"neow_cost":"PERCENT_DAMAGE","seed_source_timestamp":0,"circlet_count":0,"master_deck":["AscendersBane","Strike_B","Strike_B","Strike_B","Strike_B","Defend_B","Defend_B","Defend_B","Defend_B","Zap","Dualcast","Electrodynamics","Lockon+1","Buffer+1","BootSequence","Conserve Battery","Doubt","Auto Shields","Self Repair","Regret"],"special_seed":0,"relics":["Cracked Core","Pantograph","Shuriken","Mercury Hourglass","Question Card","MawBank"],"potions_floor_usage":[16],"damage_taken":[{"damage":0.0,"enemies":"2 Louse","floor":1.0,"turns":1.0},{"damage":2.0,"enemies":"Jaw Worm","floor":2.0,"turns":3.0},{"damage":0.0,"enemies":"Small Slimes","floor":3.0,"turns":3.0},{"damage":0.0,"enemies":"Exordium Thugs","floor":4.0,"turns":3.0},{"damage":25.0,"enemies":"Lagavulin","floor":8.0,"turns":10.0},{"damage":71,"enemies":"Hexaghost","floor":16,"turns":11}],"seed_played":"6646799514677991850","potions_obtained":[{"floor":2.0,"key":"Strength Potion"},{"floor":3.0,"key":"SteroidPotion"},{"floor":8.0,"key":"Swift Potion"}],"is_trial":false,"path_per_floor":["M","M","M","M","?","R","?","E","T","$","?","?","R","T","R","B"],"character_chosen":"DEFECT","items_purchased":["Mercury Hourglass","Self Repair"],"campfire_rested":1,"item_purchase_floors":[10,10],"current_hp_per_floor":[46,44,44,44,44,65,65,40,40,40,40,40,40,40,40,0],"gold":51,"neow_bonus":"THREE_RARE_CARDS","is_prod":false,"is_daily":false,"chose_seed":false,"campfire_upgraded":2,"win_rate":0,"timestamp":1556426249,"path_taken":["M","M","M","M","?","R","?","E","T","$","?","?","R","?","R","BOSS"],"build_version":"2019-01-23","purchased_purges":0,"victory":false,"max_hp_per_floor":[71,71,71,71,71,71,71,71,71,71,71,71,71,71,71,71],"card_choices":[{"not_picked":["Buffer","Meteor Strike"],"picked":"Electrodynamics","floor":0.0},{"not_picked":["Barrage","Streamline"],"picked":"Lockon","floor":1.0},{"not_picked":["Hologram","Sweeping Beam"],"picked":"Buffer","floor":2.0},{"not_picked":["Hologram","Fusion"],"picked":"BootSequence","floor":3.0},{"not_picked":["Turbo","Streamline"],"picked":"Conserve Battery","floor":4.0},{"not_picked":["Gash","Sweeping Beam"],"picked":"Auto Shields","floor":8.0}],"player_experience":2855692,"relics_obtained":[{"floor":8.0,"key":"Pantograph"},{"floor":9.0,"key":"Shuriken"},{"floor":14.0,"key":"MawBank"}],"event_choices":[{"damage_healed":0.0,"max_hp_gain":0.0,"max_hp_loss":0.0,"gold_gain":150.0,"event_name":"Liars Game","player_choice":"AGREE","floor":5.0,"gold_loss":0.0,"damage_taken":0.0,"cards_obtained":["Doubt"]},{"damage_healed":0.0,"max_hp_gain":0.0,"max_hp_loss":0.0,"gold_gain":0.0,"event_name":"Dead Adventurer","player_choice":"Searched \u00271\u0027 times","floor":7.0,"gold_loss":0.0,"damage_taken":0.0},{"damage_healed":0.0,"max_hp_gain":0.0,"max_hp_loss":0.0,"gold_gain":0.0,"event_name":"Big Fish","player_choice":"Box","floor":11.0,"gold_loss":0.0,"damage_taken":0.0,"relics_obtained":["Question Card"],"cards_obtained":["Regret"]},{"damage_healed":0.0,"max_hp_gain":0.0,"max_hp_loss":0.0,"gold_gain":0.0,"event_name":"The Cleric","player_choice":"Leave","floor":12.0,"gold_loss":0.0,"damage_taken":0.0}],"is_beta":false,"boss_relics":[],"items_purged_floors":[],"is_endless":false,"potions_floor_spawned":[2,3,8],"killed_by":"Hexaghost","ascension_level":15}