{"gold_per_floor":[115,65,65,77,77,106,106,106,183,183,183,108,142,166,166,292,292,312,312],"floor_reached":19,"playtime":1764,"items_purged":["Strike_R"],"score":208,"play_id":"7e7040da-dd0d-4d69-802b-d881fca8b215","local_time":"20181211225603","is_ascension_mode":true,"campfire_choices":[{"data":"Armaments","floor":7,"key":"SMITH"},{"data":"Body Slam","floor":10,"key":"SMITH"},{"data":"Heavy Blade","floor":15,"key":"SMITH"}],"neow_cost":"NONE","seed_source_timestamp":47894168048218,"circlet_count":0,"master_deck":["Strike_R","Defend_R","Defend_R","Defend_R","Defend_R","Bash","Spot Weakness","Body Slam+1","Armaments+1","Heavy Blade+1","Limit Break"],"relics":["Burning Blood","NeowsBlessing","Unceasing Top","Golden Idol","Question Card","Self Forming Clay","Gremlin Horn","Empty Cage"],"potions_floor_usage":[16,19],"damage_taken":[{"damage":0,"enemies":"Jaw Worm","floor":1,"turns":1},{"damage":0,"enemies":"Small Slimes","floor":4,"turns":1},{"damage":0,"enemies":"Gremlin Nob","floor":6,"turns":1},{"damage":17,"enemies":"3 Sentries","floor":13,"turns":11},{"damage":1,"enemies":"Cultist","floor":14,"turns":3},{"damage":42,"enemies":"The Guardian","floor":16,"turns":10},{"damage":28,"enemies":"3 Byrds","floor":18,"turns":6},{"damage":75,"enemies":"Masked Bandits","floor":19,"turns":5}],"seed_played":"-4362717142811784523","potions_obtained":[{"floor":3,"key":"EssenceOfSteel"},{"floor":3,"key":"LiquidBronze"},{"floor":3,"key":"Block Potion"},{"floor":4,"key":"Ancient Potion"},{"floor":13,"key":"Dexterity Potion"},{"floor":14,"key":"Ancient Potion"},{"floor":18,"key":"GamblersBrew"}],"is_trial":false,"path_per_floor":["M","?","?","M","?","E","R","?","T","R","?","$","E","M","R","B",null,"M","?"],"character_chosen":"IRONCLAD","items_purchased":[],"campfire_rested":0,"item_purchase_floors":[],"current_hp_per_floor":[80,80,80,80,80,80,80,60,60,60,60,60,49,54,54,18,80,58,0],"gold":312,"neow_bonus":"THREE_ENEMY_KILL","is_prod":false,"is_daily":false,"chose_seed":false,"campfire_upgraded":3,"win_rate":0,"timestamp":1544590563,"path_taken":["M","?","?","?","?","E","R","?","T","R","?","$","E","?","R","BOSS","M","?"],"build_version":"2018-12-06","purchased_purges":1,"victory":false,"max_hp_per_floor":[80,80,80,80,80,80,80,80,80,80,80,80,80,80,80,80,80,80,80],"card_choices":[{"not_picked":["Clash","Ghostly Armor"],"picked":"Spot Weakness","floor":1},{"not_picked":["Reckless Charge","Rage"],"picked":"Body Slam","floor":4},{"not_picked":["Flex","Demon Form"],"picked":"Armaments","floor":6},{"not_picked":["Feel No Pain","Flame Barrier","Fire Breathing","Entrench"],"picked":"SKIP","floor":13},{"not_picked":["Pummel","Warcry","Twin Strike"],"picked":"Heavy Blade","floor":14},{"not_picked":["Double Tap","Reaper","Fiend Fire"],"picked":"Limit Break","floor":16},{"not_picked":["Fire Breathing","Twin Strike","Clothesline","Clash"],"picked":"SKIP","floor":18}],"player_experience":167361,"relics_obtained":[{"floor":6,"key":"Unceasing Top"},{"floor":9,"key":"Question Card"},{"floor":13,"key":"Gremlin Horn"}],"event_choices":[{"cards_removed":["Strike_R"],"damage_healed":0,"gold_gain":0,"player_choice":"Card Removal","damage_taken":0,"max_hp_gain":0,"max_hp_loss":0,"event_name":"The Cleric","floor":2,"gold_loss":50},{"damage_healed":0,"gold_gain":0,"player_choice":"Got Potions","damage_taken":0,"max_hp_gain":0,"max_hp_loss":0,"event_name":"Lab","floor":3,"gold_loss":0},{"damage_healed":0,"gold_gain":0,"player_choice":"Ignored","damage_taken":0,"max_hp_gain":0,"max_hp_loss":0,"event_name":"Liars Game","floor":5,"gold_loss":0},{"damage_healed":0,"gold_gain":0,"player_choice":"Take Damage","damage_taken":20,"relics_obtained":["Golden Idol"],"max_hp_gain":0,"max_hp_loss":0,"event_name":"Golden Idol","floor":8,"gold_loss":0},{"damage_healed":0,"gold_gain":0,"player_choice":"Gave Potion","damage_taken":0,"relics_obtained":["Self Forming Clay"],"max_hp_gain":0,"max_hp_loss":0,"event_name":"WeMeetAgain","floor":11,"gold_loss":0},{"damage_healed":0,"gold_gain":0,"player_choice":"Fought Bandits","damage_taken":0,"max_hp_gain":0,"max_hp_loss":0,"event_name":"Masked Bandits","floor":19,"gold_loss":0}],"is_beta":false,"boss_relics":[{"not_picked":["Astrolabe","Coffee Dripper"],"picked":"Empty Cage"}],"items_purged_floors":[12],"is_endless":false,"potions_floor_spawned":[4,13,14,18],"killed_by":"Masked Bandits","ascension_level":1}