{"path_per_floor":["M","?","?","?","M","E","R","?","T","M","$","E","M","?","R","B",null,"M","M","$","M","M","E","R","?","T","M","M","$","M","?","R","B",null,"M","?","$","M","?","E","R","E","T","R","M","M","E"],"character_chosen":"IRONCLAD","items_purchased":["Demon Form","War Paint"],"gold_per_floor":[117,67,67,167,187,222,222,286,313,332,40,72,86,86,86,185,185,199,211,111,128,148,176,176,99,126,136,155,30,48,48,48,146,146,156,156,6,26,26,55,55,88,111,111,126,141,174,174],"floor_reached":48,"campfire_rested":2,"playtime":2798,"item_purchase_floors":[11,11],"current_hp_per_floor":[80,80,73,73,79,39,39,29,29,46,46,48,59,59,59,57,85,85,78,78,69,62,41,66,66,66,58,60,60,54,54,79,52,85,76,76,76,81,81,59,59,65,65,65,43,54,59,0],"items_purged":["Strike_R","Defend_R","Strike_R","Defend_R+1"],"gold":174,"score":633,"play_id":"fdfdbb62-66be-4d2c-a1cb-38b97bacc762","local_time":"20180605024507","is_prod":false,"is_daily":false,"chose_seed":false,"is_ascension_mode":true,"campfire_upgraded":4,"win_rate":0,"timestamp":1528159507,"campfire_choices":[{"data":"Iron Wave","floor":7,"key":"SMITH"},{"data":"Armaments","floor":15,"key":"SMITH"},{"floor":24,"key":"REST"},{"floor":32,"key":"REST"},{"data":"Demon Form","floor":41,"key":"SMITH"},{"data":"Bash","floor":44,"key":"SMITH"}],"path_taken":["M","?","?","?","M","E","R","?","T","M","$","E","?","?","R","BOSS","M","?","$","M","M","E","R","?","T","M","M","$","M","?","R","BOSS","M","?","$","M","?","E","R","E","T","R","M","M","E","M"],"build_version":"2018-05-31","seed_source_timestamp":1657021883495810,"purchased_purges":4,"victory":false,"master_deck":["Defend_R+1","Bash+1","Dropkick","Iron Wave+1","Thunderclap","Armaments+1","Thunderclap","Demon Form+1","Twin Strike","Clash","Dual Wield+1","Clash","Dropkick+1","J.A.X.","Seeing Red","Metallicize","Reaper","True Grit+1","Offering"],"max_hp_per_floor":[80,80,80,80,80,80,80,85,85,85,85,85,85,85,85,85,85,85,85,85,85,85,85,85,85,85,85,85,85,85,85,85,85,85,85,85,85,85,85,85,85,85,85,85,85,87,87,87],"relics":["Burning Blood","Lantern","Meat on the Bone","Bronze Scales","Potion Belt","War Paint","Gambling Chip","Philosopher\u0027s Stone","Dream Catcher","Orichalcum","Mark of Pain","Oddly Smooth Stone","Happy Flower","Singing Bowl","Matryoshka"],"card_choices":[{"not_picked":["Corruption","Perfected Strike"],"picked":"Dropkick","floor":1},{"not_picked":["Twin Strike","Entrench"],"picked":"Iron Wave","floor":5},{"not_picked":["Seeing Red","Evolve"],"picked":"Thunderclap","floor":6},{"not_picked":["Sentinel","Feel No Pain"],"picked":"Armaments","floor":8},{"not_picked":["Havoc","Evolve"],"picked":"Thunderclap","floor":10},{"not_picked":["Havoc","Body Slam"],"picked":"Twin Strike","floor":12},{"not_picked":["Shrug It Off","Body Slam","Reckless Charge"],"picked":"SKIP","floor":13},{"not_picked":["Clothesline","Armaments","Thunderclap"],"picked":"SKIP","floor":18},{"not_picked":["Feel No Pain+1","Uppercut+1"],"picked":"Clash","floor":19},{"not_picked":["Havoc","Clothesline"],"picked":"Dual Wield+1","floor":21},{"not_picked":["Hemokinesis","Armaments","Shrug It Off+1"],"picked":"SKIP","floor":22},{"not_picked":["Cleave","Dual Wield"],"picked":"Clash","floor":23},{"not_picked":["Whirlwind","Burning Pact"],"picked":"Dropkick+1","floor":24},{"not_picked":["Fire Breathing","Reckless Charge+1"],"picked":"Seeing Red","floor":27},{"not_picked":["Perfected Strike","Blood for Blood"],"picked":"Metallicize","floor":28},{"not_picked":["True Grit","Limit Break","Twin Strike"],"picked":"SKIP","floor":30},{"not_picked":["Dark Embrace","Exhume"],"picked":"Reaper","floor":33},{"not_picked":["Clothesline+1","Entrench","Spot Weakness"],"picked":"SKIP","floor":35},{"not_picked":["Havoc+1","Flex+1","Shockwave"],"picked":"SKIP","floor":38},{"not_picked":["Bloodletting","Body Slam","True Grit"],"picked":"SKIP","floor":40},{"not_picked":["Carnage+1","Sword Boomerang+1","Wild Strike+1"],"picked":"SKIP","floor":42},{"not_picked":["Sword Boomerang+1","Heavy Blade"],"picked":"True Grit+1","floor":45},{"not_picked":["Reaper","Thunderclap+1","Warcry"],"picked":"Singing Bowl","floor":46},{"not_picked":["Headbutt","Twin Strike"],"picked":"Offering","floor":47}],"player_experience":187360,"potions_floor_usage":[6,8,12,33,33,33,42,42,42,46,46],"damage_taken":[{"damage":4,"enemies":"Jaw Worm","floor":1,"turns":4},{"damage":0,"enemies":"2 Louse","floor":5,"turns":3},{"damage":46,"enemies":"3 Sentries","floor":6,"turns":14},{"damage":33,"enemies":"3 Sentries","floor":8,"turns":6},{"damage":1,"enemies":"Small Slimes","floor":10,"turns":2},{"damage":16,"enemies":"Gremlin Nob","floor":12,"turns":4},{"damage":7,"enemies":"Exordium Thugs","floor":13,"turns":3},{"damage":8,"enemies":"Hexaghost","floor":16,"turns":7},{"damage":0,"enemies":"Chosen","floor":18,"turns":3},{"damage":13,"enemies":"Shell Parasite","floor":19,"turns":5},{"damage":15,"enemies":"Snecko","floor":21,"turns":3},{"damage":13,"enemies":"Chosen and Byrds","floor":22,"turns":3},{"damage":39,"enemies":"Book of Stabbing","floor":23,"turns":4},{"damage":26,"enemies":"Snake Plant","floor":27,"turns":2},{"damage":4,"enemies":"3 Cultists","floor":28,"turns":3},{"damage":12,"enemies":"Centurion and Healer","floor":30,"turns":3},{"damage":45,"enemies":"Collector","floor":33,"turns":4},{"damage":26,"enemies":"3 Shapes","floor":35,"turns":3},{"damage":16,"enemies":"3 Darklings","floor":38,"turns":3},{"damage":39,"enemies":"Giant Head","floor":40,"turns":6},{"damage":17,"enemies":"2 Orb Walkers","floor":42,"turns":3},{"damage":53,"enemies":"Maw","floor":45,"turns":6},{"damage":35,"enemies":"4 Shapes","floor":46,"turns":5},{"damage":44,"enemies":"Giant Head","floor":47,"turns":6},{"damage":64,"enemies":"Sphere and 2 Shapes","floor":48,"turns":5}],"relics_obtained":[{"floor":6,"key":"Meat on the Bone"},{"floor":9,"key":"Potion Belt"},{"floor":12,"key":"Gambling Chip"},{"floor":23,"key":"Dream Catcher"},{"floor":26,"key":"Orichalcum"},{"floor":40,"key":"Oddly Smooth Stone"},{"floor":42,"key":"Happy Flower"},{"floor":43,"key":"Singing Bowl"},{"floor":47,"key":"Matryoshka"}],"event_choices":[{"event_name":"The Cleric","player_choice":"Card Removal","floor":2,"damage_taken":0},{"event_name":"Golden Wing","player_choice":"Card Removal","floor":3,"damage_taken":0},{"event_name":"Golden Shrine","player_choice":"Pray","floor":4,"damage_taken":0},{"event_name":"Dead Adventurer","player_choice":"Searched \u00272\u0027 times","floor":8,"damage_taken":0},{"event_name":"Living Wall","player_choice":"Forget","floor":14,"damage_taken":0},{"event_name":"Drug Dealer","player_choice":"Got JAXXED","floor":25,"damage_taken":0},{"event_name":"Purifier","player_choice":"One Purge","floor":31,"damage_taken":0},{"event_name":"Match and Keep!","player_choice":"0 cards matched","floor":36,"damage_taken":0},{"event_name":"SecretPortal","player_choice":"Rejected Portal.","floor":39,"damage_taken":0}],"boss_relics":[{"not_picked":["White Beast Statue","Black Blood"],"picked":"Philosopher\u0027s Stone"},{"not_picked":["Runic Pyramid","Eternal Feather"],"picked":"Mark of Pain"}],"items_purged_floors":[11,20,29,37],"potions_floor_spawned":[1,6,10,16,21,27,28,33,35,38,42,45],"seed_played":"-6574505785022348680","killed_by":"Sphere and 2 Shapes","ascension_level":3,"potions_obtained":[{"floor":1,"key":"SteroidPotion"},{"floor":6,"key":"Fruit Juice"},{"floor":10,"key":"FearPotion"},{"floor":16,"key":"EssenceOfSteel"},{"floor":21,"key":"SteroidPotion"},{"floor":27,"key":"FearPotion"},{"floor":28,"key":"Strength Potion"},{"floor":33,"key":"BloodPotion"},{"floor":35,"key":"Fire Potion"},{"floor":38,"key":"GamblersBrew"},{"floor":42,"key":"EssenceOfSteel"},{"floor":45,"key":"LiquidBronze"}],"is_trial":false}