{"path_per_floor":["M","?","?","$","M","R","E","R","T","E","?","R","M","M","R","B",null,"M","?","$","M","?","R","M","M","T","R","T","?","$","M","R","B",null,"M","?","$","M","?","R","E","M","T","R","M","?","$","M","R","B"],"character_chosen":"THE_SILENT","items_purchased":["Lee\u0027s Waffle"],"gold_per_floor":[117,117,117,42,60,60,95,95,95,122,122,122,133,143,143,247,247,266,266,166,182,182,182,193,209,209,209,236,236,111,121,121,225,225,236,236,37,57,57,57,91,111,138,138,156,0,0,15,15,15],"floor_reached":51,"campfire_rested":4,"playtime":2978,"item_purchase_floors":[37],"current_hp_per_floor":[61,61,58,58,54,54,34,55,55,69,52,52,52,52,77,77,82,82,82,82,82,82,82,82,79,79,79,79,79,79,79,79,4,64,51,51,91,91,91,91,65,47,47,74,74,74,74,74,91,55],"items_purged":["Defend_G","Defend_G","Strike_G"],"gold":15,"score":970,"play_id":"b6c0e8ae-ce64-40e3-8e8f-b6317c2d5d5a","local_time":"20180609035147","is_prod":false,"is_daily":false,"chose_seed":false,"is_ascension_mode":true,"campfire_upgraded":6,"win_rate":0,"timestamp":1528509107,"campfire_choices":[{"data":"Neutralize","floor":6,"key":"SMITH"},{"floor":8,"key":"REST"},{"data":"Survivor","floor":12,"key":"SMITH"},{"floor":15,"key":"REST"},{"data":"Glass Knife","floor":23,"key":"SMITH"},{"data":"Defend_G","floor":27,"key":"SMITH"},{"data":"Glass Knife","floor":32,"key":"SMITH"},{"data":"Glass Knife","floor":40,"key":"SMITH"},{"floor":44,"key":"REST"},{"floor":49,"key":"REST"}],"path_taken":["M","?","?","$","M","R","E","R","T","E","?","R","?","M","R","BOSS","M","?","$","?","?","R","M","M","T","R","?","?","?","M","R","BOSS","M","?","$","M","?","R","E","M","T","R","M","?","$","M","R","BOSS"],"build_version":"2018-06-07v3","seed_source_timestamp":2006425704341903,"purchased_purges":3,"victory":true,"master_deck":["Defend_G+1","Defend_G+1","Strike_G","Strike_G+1","Strike_G","Survivor+1","Neutralize+1","Phantasmal Killer+1","Well Laid Plans","Adrenaline","Malaise+1","Glass Knife+1","Backflip+1","Glass Knife+1","Glass Knife+1","Deep Breath","Prepared+1","Escape Plan+1","Escape Plan+1","Cloak And Dagger+1","Infinite Blades+1"],"max_hp_per_floor":[70,70,70,70,70,70,70,70,70,84,84,84,84,84,84,84,84,84,84,84,84,84,84,84,84,84,84,84,84,84,84,84,84,84,84,84,91,91,91,91,91,91,91,91,91,91,91,91,91,91],"relics":["Ring of the Snake","War Paint","Vajra","Paper Crane","Mango","Philosopher\u0027s Stone","Ice Cream","Juzu Bracelet","Lizard Tail","Lee\u0027s Waffle","Bag of Preparation","Dream Catcher","Red Mask"],"card_choices":[{"not_picked":["Underhanded Strike","Cloak And Dagger"],"picked":"Well Laid Plans","floor":1},{"not_picked":["Blur","Dodge and Roll"],"picked":"Adrenaline","floor":5},{"not_picked":["PiercingWail","Quick Slash","Underhanded Strike"],"picked":"SKIP","floor":7},{"not_picked":["Deadly Poison","Escape Plan"],"picked":"Malaise","floor":10},{"not_picked":["Dodge and Roll","Dagger Throw","Masterful Stab"],"picked":"SKIP","floor":13},{"not_picked":["PiercingWail","Outmaneuver","Infinite Blades"],"picked":"SKIP","floor":14},{"not_picked":["Venomology","Night Terror"],"picked":"Glass Knife","floor":16},{"not_picked":["Accuracy","Eviscerate+1","Catalyst"],"picked":"SKIP","floor":18},{"not_picked":["Poisoned Stab","Acrobatics","PiercingWail"],"picked":"SKIP","floor":21},{"not_picked":["Poisoned Stab","Deflect","Bane"],"picked":"SKIP","floor":24},{"not_picked":["Flying Knee+1","Noxious Fumes"],"picked":"Backflip+1","floor":25},{"not_picked":["Underhanded Strike","Deadly Poison"],"picked":"Glass Knife","floor":31},{"not_picked":["Corpse Explosion","A Thousand Cuts"],"picked":"Glass Knife","floor":33},{"not_picked":["Flechettes","PiercingWail","Outmaneuver"],"picked":"SKIP","floor":35},{"not_picked":["Dark Shackles","Swift Strike"],"picked":"Deep Breath","floor":36},{"not_picked":["Acrobatics+1","Caltrops+1"],"picked":"Prepared+1","floor":38},{"not_picked":["Prepared","Escape Plan","Masterful Stab+1"],"picked":"SKIP","floor":41},{"not_picked":["Deadly Poison","Accuracy","Slice+1"],"picked":"SKIP","floor":42},{"not_picked":["Dash","Dagger Spray"],"picked":"Escape Plan+1","floor":44},{"not_picked":["Phantasmal Killer","Blade Dance"],"picked":"Escape Plan+1","floor":45},{"not_picked":["Prepared+1","Reflex"],"picked":"Cloak And Dagger+1","floor":48},{"not_picked":["Prepared+1","Finisher+1"],"picked":"Infinite Blades+1","floor":49}],"player_experience":271069,"potions_floor_usage":[7,10,16,18,33,33,42,50,50],"damage_taken":[{"damage":2,"enemies":"2 Louse","floor":1,"turns":4},{"damage":4,"enemies":"Jaw Worm","floor":5,"turns":4},{"damage":20,"enemies":"Lagavulin","floor":7,"turns":7},{"damage":0,"enemies":"Gremlin Nob","floor":10,"turns":3},{"damage":0,"enemies":"Small Slimes","floor":13,"turns":2},{"damage":0,"enemies":"2 Fungi Beasts","floor":14,"turns":2},{"damage":0,"enemies":"Slime Boss","floor":16,"turns":9},{"damage":0,"enemies":"Shell Parasite","floor":18,"turns":5},{"damage":0,"enemies":"Spheric Guardian","floor":21,"turns":2},{"damage":0,"enemies":"Snecko","floor":24,"turns":3},{"damage":3,"enemies":"Slaver and Parasite","floor":25,"turns":5},{"damage":0,"enemies":"Cultist and Chosen","floor":31,"turns":3},{"damage":75,"enemies":"Collector","floor":33,"turns":8},{"damage":13,"enemies":"3 Shapes","floor":35,"turns":5},{"damage":0,"enemies":"Orb Walker","floor":38,"turns":2},{"damage":26,"enemies":"Giant Head","floor":41,"turns":8},{"damage":18,"enemies":"4 Shapes","floor":42,"turns":4},{"damage":0,"enemies":"Sphere and 2 Shapes","floor":45,"turns":2},{"damage":0,"enemies":"3 Darklings","floor":48,"turns":3},{"damage":36,"enemies":"Donu and Deca","floor":50,"turns":8}],"relics_obtained":[{"floor":7,"key":"Vajra"},{"floor":9,"key":"Paper Crane"},{"floor":10,"key":"Mango"},{"floor":26,"key":"Ice Cream"},{"floor":28,"key":"Juzu Bracelet"},{"floor":41,"key":"Bag of Preparation"},{"floor":43,"key":"Dream Catcher"}],"event_choices":[{"event_name":"Liars Game","player_choice":"disagreed","floor":2,"damage_taken":0},{"event_name":"Scrap Ooze","player_choice":"success","floor":3,"damage_taken":3},{"event_name":"Shining Light","player_choice":"Entered Light","floor":11,"damage_taken":0},{"event_name":"Drug Dealer","player_choice":"Ignored","floor":19,"damage_taken":0},{"event_name":"Purifier","player_choice":"One Purge","floor":22,"damage_taken":0},{"event_name":"The Mausoleum","player_choice":"No","floor":29,"damage_taken":0},{"event_name":"SensoryStone","player_choice":"Memory 1","floor":36,"damage_taken":0},{"event_name":"Falling","player_choice":"Removed Attack","floor":39,"damage_taken":0},{"event_name":"Tomb of Lord Red Mask","player_choice":"Paid","floor":46,"damage_taken":0}],"boss_relics":[{"not_picked":["Runic Dome","Orrery"],"picked":"Philosopher\u0027s Stone"},{"not_picked":["Calling Bell","Velvet Choker"],"picked":"Lizard Tail"}],"items_purged_floors":[4,20,30],"potions_floor_spawned":[1,5,7,10,21,25,33,38,42,45],"seed_played":"4446584304823938938","ascension_level":6,"potions_obtained":[{"floor":1,"key":"SkillPotion"},{"floor":5,"key":"GamblersBrew"},{"floor":7,"key":"SteroidPotion"},{"floor":10,"key":"SpeedPotion"},{"floor":21,"key":"Poison Potion"},{"floor":25,"key":"SkillPotion"},{"floor":33,"key":"AttackPotion"},{"floor":38,"key":"SpeedPotion"},{"floor":42,"key":"PowerPotion"},{"floor":45,"key":"Weak Potion"}],"is_trial":false}