{"gold_per_floor":[118,129,54,70,20,20,49,49,73,73,101,111,42,42],"floor_reached":14,"playtime":528,"items_purged":[],"score":127,"play_id":"cd993f5a-2833-4014-a2e1-6467113679b4","local_time":"20190521113441","is_ascension_mode":true,"campfire_choices":[{"data":"Chaos","floor":6,"key":"SMITH"},{"floor":10,"key":"REST"}],"neow_cost":"NONE","seed_source_timestamp":61516074597435,"circlet_count":0,"master_deck":["Strike_B","Strike_B","Strike_B","Defend_B","Defend_B","Defend_B","Defend_B","Zap","Dualcast","Sweeping Beam","Chaos+1","Capacitor","Darkness","Rebound","Chaos","Hologram","Skim"],"relics":["Cracked Core","Ancient Tea Set","PreservedInsect","Bag of Preparation","Shovel"],"potions_floor_usage":[],"damage_taken":[{"damage":13,"enemies":"Small Slimes","floor":1,"turns":5},{"damage":3,"enemies":"2 Louse","floor":2,"turns":2},{"damage":7,"enemies":"Jaw Worm","floor":4,"turns":5},{"damage":35,"enemies":"3 Sentries","floor":7,"turns":7},{"damage":18,"enemies":"Gremlin Nob","floor":11,"turns":3},{"damage":11,"enemies":"Blue Slaver","floor":12,"turns":3},{"damage":5,"enemies":"The Mushroom Lair","floor":14,"turns":2}],"seed_played":"3386327956112732961","potions_obtained":[{"floor":7,"key":"LiquidBronze"}],"is_trial":false,"path_per_floor":["M","M","$","M","?","R","E","?","T","R","E","M","$","?"],"character_chosen":"DEFECT","items_purchased":["Capacitor","Skim"],"campfire_rested":1,"item_purchase_floors":[3,13],"current_hp_per_floor":[55,52,52,45,45,45,10,10,10,32,14,3,3,0],"gold":42,"neow_bonus":"RANDOM_COMMON_RELIC","is_prod":false,"is_daily":false,"chose_seed":false,"campfire_upgraded":1,"win_rate":0,"timestamp":1558456481,"path_taken":["M","M","$","M","?","R","E","?","T","R","E","M","?","?"],"build_version":"2019-01-23","purchased_purges":0,"victory":false,"max_hp_per_floor":[75,75,75,75,75,75,75,75,75,75,75,75,75,75],"card_choices":[{"not_picked":["Redo","Double Energy"],"picked":"Sweeping Beam","floor":1},{"not_picked":["Barrage","Sweeping Beam"],"picked":"Chaos","floor":2},{"not_picked":["Streamline","Beam Cell"],"picked":"Darkness","floor":4},{"not_picked":["Force Field","Streamline"],"picked":"Rebound","floor":7},{"not_picked":["BootSequence","Sweeping Beam"],"picked":"Chaos","floor":11},{"not_picked":["Tempest","Sweeping Beam"],"picked":"Hologram","floor":12}],"player_experience":713921,"relics_obtained":[{"floor":7,"key":"PreservedInsect"},{"floor":9,"key":"Bag of Preparation"},{"floor":11,"key":"Shovel"}],"event_choices":[{"cards_removed":["Strike_B"],"damage_healed":0,"gold_gain":0,"player_choice":"Card Removal","damage_taken":0,"max_hp_gain":0,"max_hp_loss":0,"event_name":"The Cleric","floor":5,"gold_loss":50},{"damage_healed":0,"gold_gain":0,"player_choice":"Ignored","damage_taken":0,"max_hp_gain":0,"max_hp_loss":0,"event_name":"Liars Game","floor":8,"gold_loss":0},{"damage_healed":0,"gold_gain":0,"player_choice":"Fought Mushrooms","damage_taken":0,"max_hp_gain":0,"max_hp_loss":0,"event_name":"Mushrooms","floor":14,"gold_loss":0}],"is_beta":false,"boss_relics":[],"items_purged_floors":[],"is_endless":false,"potions_floor_spawned":[7],"killed_by":"The Mushroom Lair","ascension_level":6}