{"gold_per_floor":[111,36,52,64,64,95,114,125,152,166,166,184,245,265,265,265],"floor_reached":16,"playtime":867,"items_purged":[],"score":138,"play_id":"d1d0f140-6ebf-4de5-82bf-11bfc139eacd","local_time":"20181007133647","is_ascension_mode":true,"campfire_choices":[{"floor":15,"key":"REST"}],"neow_cost":"NONE","seed_source_timestamp":327450390558128,"circlet_count":0,"master_deck":["Strike_R","Strike_R","Strike_R","Defend_R","Defend_R","Defend_R","Defend_R","Bash","Inflame","Shockwave+1","Burning Pact","Power Through","Inflame","Corruption","Power Through","Metallicize"],"relics":["Burning Blood","Bronze Scales","Boot","Ancient Tea Set"],"potions_floor_usage":[10,10,13,16,16],"damage_taken":[{"damage":2,"enemies":"Jaw Worm","floor":1,"turns":3},{"damage":9,"enemies":"2 Louse","floor":3,"turns":3},{"damage":0,"enemies":"Small Slimes","floor":4,"turns":3},{"damage":36,"enemies":"Gremlin Nob","floor":6,"turns":5},{"damage":14,"enemies":"Gremlin Gang","floor":7,"turns":5},{"damage":5,"enemies":"2 Fungi Beasts","floor":8,"turns":4},{"damage":7,"enemies":"Exordium Thugs","floor":10,"turns":6},{"damage":3,"enemies":"Blue Slaver","floor":12,"turns":5},{"damage":30,"enemies":"Gremlin Nob","floor":13,"turns":6},{"damage":5,"enemies":"3 Louse","floor":14,"turns":4},{"damage":42,"enemies":"Slime Boss","floor":16,"turns":14}],"seed_played":"5378095885472453270","potions_obtained":[{"floor":3,"key":"Fire Potion"},{"floor":4,"key":"PowerPotion"},{"floor":7,"key":"SmokeBomb"},{"floor":10,"key":"Energy Potion"},{"floor":12,"key":"Strength Potion"},{"floor":13,"key":"Swift Potion"}],"is_trial":false,"path_per_floor":["M","$","M","M","?","E","M","M","T","M","?","M","?","M","R"],"character_chosen":"IRONCLAD","items_purchased":["Shockwave"],"campfire_rested":1,"item_purchase_floors":[2],"current_hp_per_floor":[76,76,73,79,72,42,34,35,35,34,34,37,13,14,38,0],"gold":265,"neow_bonus":"REMOVE_CARD","is_prod":false,"is_daily":false,"chose_seed":false,"campfire_upgraded":0,"win_rate":0,"timestamp":1538933807,"path_taken":["M","$","M","M","?","E","M","?","T","M","?","M","?","?","R","BOSS"],"build_version":"2018-10-04v2","purchased_purges":0,"victory":false,"max_hp_per_floor":[80,80,80,80,80,80,80,80,80,80,80,80,80,80,80,80],"card_choices":[{"not_picked":["Perfected Strike","Metallicize"],"picked":"Inflame","floor":1},{"not_picked":["Havoc","Clash","Second Wind"],"picked":"SKIP","floor":3},{"not_picked":["Clash","Combust"],"picked":"Burning Pact","floor":4},{"not_picked":["Flex","Reckless Charge"],"picked":"Power Through","floor":6},{"not_picked":["Sword Boomerang","Uppercut","True Grit"],"picked":"SKIP","floor":7},{"not_picked":["Rampage","Pummel","Second Wind"],"picked":"SKIP","floor":8},{"not_picked":["Clothesline","Body Slam"],"picked":"Inflame","floor":10},{"not_picked":["Feed","Shrug It Off"],"picked":"Corruption","floor":12},{"not_picked":["Clash","Intimidate"],"picked":"Power Through","floor":13},{"not_picked":["Shrug It Off","Flex"],"picked":"Metallicize","floor":14}],"player_experience":1210184,"relics_obtained":[{"floor":6,"key":"Bronze Scales"},{"floor":9,"key":"Boot"},{"floor":13,"key":"Ancient Tea Set"}],"event_choices":[{"event_name":"Golden Wing","player_choice":"Card Removal","floor":5,"damage_taken":0},{"event_name":"Upgrade Shrine","player_choice":"Upgraded","floor":11,"damage_taken":0},{"event_name":"Dead Adventurer","player_choice":"Searched \u00271\u0027 times","floor":13,"damage_taken":0}],"is_beta":false,"boss_relics":[],"items_purged_floors":[],"is_endless":false,"potions_floor_spawned":[3,4,7,10,12,13],"killed_by":"Slime Boss","ascension_level":6}