{"gold_per_floor":[112,112,20,31,31,31,43,43,68,98,114,130,164,176,176,250,250,270,270,288,50,50,50],"floor_reached":23,"playtime":1167,"items_purged":[],"score":402,"play_id":"156c4593-22f6-4baf-b8c5-a28c945ba5de","local_time":"20190517184151","is_ascension_mode":true,"campfire_choices":[{"data":"Noxious Fumes","floor":6.0,"key":"SMITH"},{"data":"Cloak And Dagger","floor":8.0,"key":"SMITH"},{"data":"1","floor":15.0,"key":"LIFT"}],"neow_cost":"CURSE","seed_source_timestamp":262023886635037,"circlet_count":0,"master_deck":["AscendersBane","Defend_G","Defend_G","Defend_G","Defend_G","Defend_G","Survivor","Neutralize","Storm of Steel","Accuracy","Noxious Fumes+1","Leg Sweep","Burst+1","Cloak And Dagger+1","Cloak And Dagger","Poisoned Stab","Backflip","PiercingWail","Corpse Explosion","Deadly Poison+1","Slice+1","Escape Plan+1","Escape Plan","Footwork"],"special_seed":0,"relics":["Ring of the Snake","Omamori","Letter Opener","Girya","Astrolabe","Oddly Smooth Stone"],"potions_floor_usage":[23],"damage_taken":[{"damage":2.0,"enemies":"Jaw Worm","floor":1.0,"turns":5.0},{"damage":0.0,"enemies":"2 Louse","floor":4.0,"turns":2.0},{"damage":8.0,"enemies":"Cultist","floor":7.0,"turns":5.0},{"damage":20.0,"enemies":"Lagavulin","floor":10.0,"turns":6.0},{"damage":0.0,"enemies":"Looter","floor":11.0,"turns":4.0},{"damage":8.0,"enemies":"Exordium Thugs","floor":12.0,"turns":4.0},{"damage":20.0,"enemies":"Gremlin Nob","floor":13.0,"turns":4.0},{"damage":1.0,"enemies":"Blue Slaver","floor":14.0,"turns":4.0},{"damage":2.0,"enemies":"Hexaghost","floor":16.0,"turns":9.0},{"damage":11.0,"enemies":"2 Thieves","floor":18.0,"turns":3.0},{"damage":0.0,"enemies":"Chosen","floor":20.0,"turns":3.0},{"damage":55,"enemies":"Gremlin Leader","floor":23,"turns":6}],"seed_played":"4543211686277382890","potions_obtained":[{"floor":1.0,"key":"Regen Potion"},{"floor":7.0,"key":"SteroidPotion"},{"floor":16.0,"key":"EssenceOfSteel"},{"floor":20.0,"key":"Fruit Juice"}],"is_trial":false,"path_per_floor":["M","?","$","M","?","R","M","R","T","E","M","M","E","M","R","B",null,"M","?","M","$","$","E"],"character_chosen":"THE_SILENT","items_purchased":["Noxious Fumes","PowerPotion","Oddly Smooth Stone","Footwork"],"campfire_rested":0,"item_purchase_floors":[3,3,21,21],"current_hp_per_floor":[57,57,57,57,57,57,61,61,61,41,41,33,13,12,12,10,52,41,41,41,41,41,0],"gold":50,"neow_bonus":"TRANSFORM_TWO_CARDS","is_prod":false,"is_daily":false,"chose_seed":false,"campfire_upgraded":2,"win_rate":0,"timestamp":1558143711,"path_taken":["M","?","$","M","?","R","M","R","T","E","M","?","E","M","R","BOSS","M","?","M","?","$","E"],"build_version":"2019-05-07","purchased_purges":0,"victory":false,"max_hp_per_floor":[66,66,66,66,66,66,66,66,66,66,66,66,66,66,66,66,66,66,66,66,66,66,71],"card_choices":[{"not_picked":["Flying Knee","Sucker Punch"],"picked":"Accuracy","floor":1.0},{"not_picked":["Poisoned Stab","Slice"],"picked":"Leg Sweep","floor":4.0},{"not_picked":["Dagger Throw","Slice"],"picked":"Cloak And Dagger","floor":7.0},{"not_picked":["Finisher","Acrobatics"],"picked":"Cloak And Dagger","floor":10.0},{"not_picked":["Storm of Steel","Dagger Throw","Choke"],"picked":"SKIP","floor":11.0},{"not_picked":["Dagger Throw","Slice"],"picked":"Poisoned Stab","floor":12.0},{"not_picked":["All Out Attack","Flechettes"],"picked":"Backflip","floor":13.0},{"not_picked":["Poisoned Stab","Cloak And Dagger"],"picked":"PiercingWail","floor":14.0},{"not_picked":["Storm of Steel","Wraith Form v2"],"picked":"Corpse Explosion","floor":16.0},{"not_picked":["Underhanded Strike","Dagger Throw+1","Choke"],"picked":"SKIP","floor":18.0},{"not_picked":["Prepared","Eviscerate"],"picked":"Escape Plan","floor":20.0}],"player_experience":1544089,"relics_obtained":[{"floor":9.0,"key":"Omamori"},{"floor":10.0,"key":"Letter Opener"},{"floor":13.0,"key":"Girya"}],"event_choices":[{"cards_removed":["Regret"],"damage_healed":0.0,"max_hp_gain":0.0,"max_hp_loss":0.0,"gold_gain":0.0,"event_name":"Living Wall","player_choice":"Forget","floor":2.0,"gold_loss":0.0,"damage_taken":0.0},{"damage_healed":0.0,"max_hp_gain":0.0,"max_hp_loss":0.0,"gold_gain":0.0,"cards_transformed":["Strike_G"],"event_name":"Transmorgrifier","player_choice":"Transformed","floor":5.0,"gold_loss":0.0,"damage_taken":0.0,"cards_obtained":["Burst"]},{"damage_healed":0.0,"max_hp_gain":0.0,"max_hp_loss":0.0,"gold_gain":0.0,"event_name":"Upgrade Shrine","player_choice":"Upgraded","floor":19.0,"gold_loss":0.0,"damage_taken":0.0,"cards_upgraded":["Burst"]}],"is_beta":true,"boss_relics":[{"not_picked":["Coffee Dripper","Eternal Feather"],"picked":"Astrolabe"}],"items_purged_floors":[],"is_endless":false,"potions_floor_spawned":[1,7,16,20],"killed_by":"Gremlin Leader","ascension_level":20}