{"gold_per_floor":[110,129,129,14,32,64,64,94,94,94,94,41,41,57,57,161,161,175,2,2,2,2,35,35,35,60,71,85,85,85],"floor_reached":30,"playtime":2157,"items_purged":["Strike_G","Strike_G"],"score":279,"play_id":"507be0dd-be27-4437-9493-31398ee11e20","local_time":"20180721194116","is_ascension_mode":false,"campfire_choices":[{"data":"Bouncing Flask","floor":7,"key":"SMITH"},{"floor":10,"key":"REST"},{"data":"Caltrops","floor":13,"key":"SMITH"},{"data":"Crippling Poison","floor":15,"key":"SMITH"},{"data":"A Thousand Cuts","floor":25,"key":"SMITH"},{"floor":29,"key":"REST"}],"neow_cost":"","seed_source_timestamp":129009956788102,"circlet_count":0,"master_deck":["Defend_G","Defend_G","Defend_G","Defend_G","Defend_G","Survivor","Neutralize","Bouncing Flask+1","Caltrops+1","Bane","Crippling Poison+1","Parasite","Acrobatics","Setup","Die Die Die","Bane","A Thousand Cuts+1","Bane","Purity","Bite","Bite","Bite","Bite","Bite","Footwork+1","Writhe","Outmaneuver","Tactician"],"relics":["Ring of the Snake","NlothsMask","Matryoshka","Thread and Needle","Runic Pyramid","Shuriken","Meat on the Bone","Strawberry","Potion Belt"],"potions_floor_usage":[6,6,8],"damage_taken":[{"damage":0,"enemies":"2 Louse","floor":1,"turns":4},{"damage":0,"enemies":"Cultist","floor":2,"turns":3},{"damage":2,"enemies":"Small Slimes","floor":5,"turns":3},{"damage":45,"enemies":"3 Sentries","floor":6,"turns":11},{"damage":8,"enemies":"Lagavulin","floor":8,"turns":5},{"damage":2,"enemies":"2 Fungi Beasts","floor":14,"turns":4},{"damage":27,"enemies":"Hexaghost","floor":16,"turns":8},{"damage":18,"enemies":"3 Byrds","floor":18,"turns":4},{"damage":23,"enemies":"Book of Stabbing","floor":23,"turns":6},{"damage":2,"enemies":"Shell Parasite","floor":27,"turns":5},{"damage":28,"enemies":"Sentry and Sphere","floor":28,"turns":6},{"damage":54,"enemies":"Gremlin Leader","floor":30,"turns":5}],"seed_played":"7784035507908401225","potions_obtained":[{"floor":1,"key":"Regen Potion"},{"floor":5,"key":"PowerPotion"},{"floor":6,"key":"Fire Potion"},{"floor":16,"key":"FearPotion"},{"floor":27,"key":"Weak Potion"},{"floor":28,"key":"Weak Potion"}],"is_trial":false,"path_per_floor":["M","M","?","$","M","E","R","E","T","R","?","$","R","M","R","B",null,"M","$","?","$","?","E","?","R","T","M","M","R"],"character_chosen":"THE_SILENT","items_purchased":["Caltrops","Acrobatics","A Thousand Cuts"],"campfire_rested":2,"item_purchase_floors":[4,12,19],"current_hp_per_floor":[70,70,70,70,68,38,38,30,30,51,68,68,68,66,66,39,70,52,52,52,52,49,32,32,32,39,41,35,51,0],"gold":85,"neow_bonus":"","is_prod":false,"is_daily":false,"chose_seed":false,"campfire_upgraded":4,"win_rate":0,"timestamp":1532216476,"path_taken":["M","M","?","$","M","E","R","E","T","R","?","?","R","M","R","BOSS","M","$","?","$","?","E","?","R","T","M","M","R","E"],"build_version":"2018-07-19v2","purchased_purges":2,"victory":false,"max_hp_per_floor":[70,70,70,70,70,70,70,70,70,70,70,70,70,70,70,70,70,70,70,70,70,49,49,49,49,56,56,56,56,56],"card_choices":[{"not_picked":["Skewer","Slice"],"picked":"Bouncing Flask","floor":1},{"not_picked":["Sucker Punch","Riddle With Holes","Dagger Spray"],"picked":"SKIP","floor":2},{"not_picked":["Flechettes","Finisher"],"picked":"Bane","floor":5},{"not_picked":["Masterful Stab","Prepared"],"picked":"Crippling Poison","floor":6},{"not_picked":["Dagger Spray","Eviscerate","Phantasmal Killer"],"picked":"SKIP","floor":8},{"not_picked":["Cloak And Dagger","Prepared"],"picked":"Setup","floor":14},{"not_picked":["Grand Finale","Unload"],"picked":"Die Die Die","floor":16},{"not_picked":["Slice","Cloak And Dagger"],"picked":"Bane","floor":18},{"not_picked":["Venomology","Dodge and Roll"],"picked":"Footwork+1","floor":23},{"not_picked":["Slice","Quick Slash+1"],"picked":"Outmaneuver","floor":27},{"not_picked":["Dagger Spray+1","Dagger Throw"],"picked":"Tactician","floor":28}],"player_experience":412234,"relics_obtained":[{"floor":6,"key":"Matryoshka"},{"floor":8,"key":"Thread and Needle"},{"floor":23,"key":"Shuriken"},{"floor":26,"key":"Strawberry"},{"floor":26,"key":"Potion Belt"}],"event_choices":[{"event_name":"FaceTrader","player_choice":"Trade","floor":3,"damage_taken":0},{"event_name":"Mushrooms","player_choice":"Healed and dodged fight","floor":11,"damage_taken":0},{"event_name":"Match and Keep!","player_choice":"2 cards matched","floor":20,"damage_taken":0},{"event_name":"Vampires","player_choice":"Became a vampire","floor":22,"damage_taken":0},{"event_name":"The Mausoleum","player_choice":"Yes","floor":24,"damage_taken":0}],"is_beta":false,"boss_relics":[{"not_picked":["Empty Cage","White Beast Statue"],"picked":"Runic Pyramid"}],"items_purged_floors":[4,19],"is_endless":false,"potions_floor_spawned":[1,5,6,16,27,28],"killed_by":"Gremlin Leader","ascension_level":0}