{"gold_per_floor":[118,135,154],"floor_reached":3,"playtime":409,"items_purged":[],"score":71,"play_id":"9e5059f4-beb8-4342-b034-76d056e4efac","local_time":"20190520220324","daily_mods":["Draft","Colorless Cards","Binary"],"is_ascension_mode":false,"campfire_choices":[],"neow_cost":"","seed_source_timestamp":0,"circlet_count":0,"master_deck":["Headbutt","Shrug It Off","Body Slam","True Grit","Body Slam","Armaments","Finesse","Pommel Strike","Intimidate","Headbutt","Rage","Inflame","Clash","Warcry","Carnage"],"relics":["Burning Blood","Busted Crown"],"potions_floor_usage":[],"damage_taken":[{"damage":0,"enemies":"Cultist","floor":1,"turns":2},{"damage":9,"enemies":"Jaw Worm","floor":2,"turns":2},{"damage":0,"enemies":"Small Slimes","floor":3,"turns":2}],"seed_played":"-7040517442915478968","potions_obtained":[{"floor":1,"key":"Explosive Potion"}],"is_trial":true,"path_per_floor":["M","M","M"],"character_chosen":"IRONCLAD","items_purchased":[],"campfire_rested":0,"item_purchase_floors":[],"current_hp_per_floor":[80,77,80],"gold":154,"neow_bonus":"","is_prod":false,"is_daily":false,"chose_seed":false,"campfire_upgraded":0,"win_rate":0,"timestamp":1558415004,"path_taken":["M","M","?"],"build_version":"2019-01-23","purchased_purges":0,"victory":false,"max_hp_per_floor":[80,80,80],"card_choices":[{"not_picked":["Discovery","Jack Of All Trades"],"picked":"Headbutt","floor":0},{"not_picked":["Twin Strike","Havoc"],"picked":"Shrug It Off","floor":0},{"not_picked":["Warcry","Searing Blow"],"picked":"Body Slam","floor":0},{"not_picked":["Sword Boomerang","Headbutt"],"picked":"True Grit","floor":0},{"not_picked":["Iron Wave","Flex"],"picked":"Body Slam","floor":0},{"not_picked":["Cleave","PanicButton"],"picked":"Armaments","floor":0},{"not_picked":["True Grit","Body Slam"],"picked":"Finesse","floor":0},{"not_picked":["Warcry","Discovery"],"picked":"Pommel Strike","floor":0},{"not_picked":["Whirlwind","Heavy Blade"],"picked":"Intimidate","floor":0},{"not_picked":["Twin Strike","Flex"],"picked":"Headbutt","floor":0},{"not_picked":["Havoc","Battle Trance"],"picked":"Rage","floor":0},{"not_picked":["Body Slam","Flex"],"picked":"Inflame","floor":0},{"not_picked":["Second Wind","Wild Strike"],"picked":"Clash","floor":0},{"not_picked":["Havoc","Anger"],"picked":"Warcry","floor":0},{"not_picked":["Anger","Pummel"],"picked":"Carnage","floor":0}],"player_experience":671573,"relics_obtained":[],"event_choices":[],"is_beta":false,"boss_relics":[],"items_purged_floors":[],"is_endless":true,"potions_floor_spawned":[1],"killed_by":"Small Slimes","ascension_level":0}