{"gold_per_floor":[112,112,112,130,130,163,163,88,88,88,105,105],"floor_reached":12,"playtime":951,"items_purged":["Strike_G"],"score":91,"play_id":"73f226e0-970d-4841-96b1-5924ef4c8a2d","local_time":"20181224121344","is_ascension_mode":true,"campfire_choices":[{"floor":7,"key":"REST"}],"neow_cost":"NONE","seed_source_timestamp":226429023638420,"circlet_count":0,"master_deck":["Defend_G","Defend_G","Defend_G","Defend_G","Defend_G","Strike_G","Strike_G+1","Strike_G","Strike_G","Survivor","Neutralize","Malaise+1","Sucker Punch","Backflip","Escape Plan","Finisher"],"relics":["Ring of the Snake","Vajra","Happy Flower","Orichalcum","Mummified Hand"],"potions_floor_usage":[12],"damage_taken":[{"damage":4,"enemies":"2 Louse","floor":1,"turns":3},{"damage":0,"enemies":"Small Slimes","floor":4,"turns":3},{"damage":36,"enemies":"Gremlin Nob","floor":6,"turns":5},{"damage":3,"enemies":"Jaw Worm","floor":11,"turns":4},{"damage":11,"enemies":"3 Sentries","floor":12,"turns":3}],"seed_played":"-6852724215702024722","potions_obtained":[{"floor":4,"key":"AttackPotion"},{"floor":6,"key":"Block Potion"}],"is_trial":false,"path_per_floor":["M","?","?","M","?","E","R","$","T","$","M","E"],"character_chosen":"THE_SILENT","items_purchased":[],"campfire_rested":1,"item_purchase_floors":[],"current_hp_per_floor":[66,52,45,45,45,9,30,30,30,30,27,16],"gold":105,"neow_bonus":"ONE_RANDOM_RARE_CARD","is_prod":false,"is_daily":false,"chose_seed":false,"campfire_upgraded":0,"win_rate":0,"timestamp":1545675224,"path_taken":["M","?","?","?","?","E","R","?","T","$","?","E"],"build_version":"2018-12-20","purchased_purges":1,"victory":false,"max_hp_per_floor":[70,70,70,70,70,70,70,70,70,70,70,70],"card_choices":[{"not_picked":["Acrobatics","Heel Hook"],"picked":"Sucker Punch","floor":1},{"not_picked":["Bane","Escape Plan"],"picked":"Backflip","floor":4},{"not_picked":["Blur","Dagger Spray"],"picked":"Escape Plan","floor":6},{"not_picked":["Accuracy","Calculated Gamble"],"picked":"Finisher","floor":11}],"player_experience":252541,"relics_obtained":[{"floor":6,"key":"Orichalcum"},{"floor":9,"key":"Mummified Hand"}],"event_choices":[{"damage_healed":0,"gold_gain":0,"player_choice":"Entered Light","damage_taken":14,"max_hp_gain":0,"max_hp_loss":0,"event_name":"Shining Light","floor":2,"gold_loss":0,"cards_upgraded":["Strike_G","Malaise"]},{"damage_healed":0,"gold_gain":0,"player_choice":"Success","damage_taken":7,"relics_obtained":["Vajra"],"max_hp_gain":0,"max_hp_loss":0,"event_name":"Scrap Ooze","floor":3,"gold_loss":0},{"damage_healed":0,"gold_gain":0,"player_choice":"Gave Potion","damage_taken":0,"relics_obtained":["Happy Flower"],"max_hp_gain":0,"max_hp_loss":0,"event_name":"WeMeetAgain","floor":5,"gold_loss":0}],"is_beta":false,"boss_relics":[],"items_purged_floors":[8],"is_endless":false,"potions_floor_spawned":[4,6],"killed_by":"3 Sentries","ascension_level":4}