{"gold_per_floor":[114,64,76,95,95,95,25,54,54,54,129,129,94,94,94,190,240,228,244,255,270,270],"floor_reached":22,"playtime":812,"items_purged":[],"score":276,"play_id":"d65a08d1-2d36-479e-a6f8-aa55604c53ad","local_time":"20190311011231","is_ascension_mode":true,"campfire_choices":[{"data":"Phantasmal Killer","floor":6,"key":"SMITH"},{"floor":10,"key":"REST"},{"data":"Accuracy","floor":12,"key":"SMITH"},{"data":"Cloak And Dagger","floor":15,"key":"SMITH"}],"neow_cost":"NONE","seed_source_timestamp":687194929062400,"circlet_count":0,"master_deck":["AscendersBane","Defend_G","Defend_G","Defend_G","Defend_G","Defend_G+1","Strike_G","Strike_G","Strike_G","Strike_G","Strike_G","Survivor","Neutralize","Blade Dance","Cloak And Dagger+1","Phantasmal Killer+1","Accuracy+1","Cloak And Dagger","Corpse Explosion","Blade Dance","PiercingWail","Infinite Blades","PiercingWail+1","Choke+1"],"relics":["Ring of the Snake","The Specimen","Kunai","Tiny House"],"potions_floor_usage":[8,18,20,21,22,22],"damage_taken":[{"damage":1,"enemies":"Jaw Worm","floor":1,"turns":8},{"damage":0,"enemies":"Small Slimes","floor":3,"turns":3},{"damage":4,"enemies":"2 Louse","floor":4,"turns":3},{"damage":52,"enemies":"Gremlin Nob","floor":8,"turns":6},{"damage":11,"enemies":"Slime Boss","floor":16,"turns":5},{"damage":6,"enemies":"2 Thieves","floor":18,"turns":4},{"damage":19,"enemies":"Spheric Guardian","floor":19,"turns":5},{"damage":34,"enemies":"Snake Plant","floor":20,"turns":6},{"damage":0,"enemies":"3 Cultists","floor":21,"turns":3},{"damage":13,"enemies":"Shelled Parasite and Fungi","floor":22,"turns":3}],"seed_played":"-4403787758982421568","potions_obtained":[{"floor":1,"key":"Regen Potion"},{"floor":16,"key":"SkillPotion"},{"floor":17,"key":"Weak Potion"},{"floor":18,"key":"Fire Potion"},{"floor":20,"key":"LiquidBronze"},{"floor":21,"key":"Poison Potion"}],"is_trial":false,"path_per_floor":["M","$","M","M","?","R","$","E","T","R","?","R","?","?","R","B",null,"M","M","M","M","M"],"character_chosen":"THE_SILENT","items_purchased":["Cloak And Dagger","Accuracy"],"campfire_rested":1,"item_purchase_floors":[2,7],"current_hp_per_floor":[69,69,69,65,65,65,65,18,18,41,30,30,49,49,49,38,72,66,47,13,13,0],"gold":270,"neow_bonus":"TEN_PERCENT_HP_BONUS","is_prod":false,"is_daily":false,"chose_seed":false,"campfire_upgraded":3,"win_rate":0,"timestamp":1552281151,"path_taken":["M","$","M","M","?","R","$","E","T","R","?","R","?","?","R","BOSS","M","?","M","M","M"],"build_version":"2019-01-23","purchased_purges":0,"victory":false,"max_hp_per_floor":[77,77,77,77,77,77,77,77,77,77,77,77,77,77,77,77,82,82,82,82,82,82],"card_choices":[{"not_picked":["Escape Plan","Poisoned Stab"],"picked":"Blade Dance","floor":1},{"not_picked":["Dodge and Roll","Outmaneuver","Flechettes"],"picked":"SKIP","floor":3},{"not_picked":["Escape Plan","Dagger Throw"],"picked":"Phantasmal Killer","floor":4},{"not_picked":["Escape Plan","Deflect"],"picked":"Cloak And Dagger","floor":8},{"not_picked":["Malaise","Venomology"],"picked":"Corpse Explosion","floor":16},{"not_picked":["Acrobatics","Deadly Poison"],"picked":"Blade Dance","floor":17},{"not_picked":["Dodge and Roll","Calculated Gamble"],"picked":"PiercingWail","floor":18},{"not_picked":["Dagger Throw","Deflect"],"picked":"Infinite Blades","floor":19},{"not_picked":["Prepared","Doppelganger"],"picked":"PiercingWail+1","floor":20},{"not_picked":["Bouncing Flask","Backflip+1"],"picked":"Choke+1","floor":21}],"player_experience":2384494,"relics_obtained":[{"floor":8,"key":"The Specimen"},{"floor":9,"key":"Kunai"}],"event_choices":[{"damage_healed":0,"gold_gain":0,"player_choice":"Ignored","damage_taken":0,"max_hp_gain":0,"max_hp_loss":0,"event_name":"Golden Idol","floor":5,"gold_loss":0},{"damage_healed":0,"gold_gain":75,"player_choice":"Gather Gold","damage_taken":11,"max_hp_gain":0,"max_hp_loss":0,"event_name":"World of Goop","floor":11,"gold_loss":0},{"damage_healed":19,"gold_gain":0,"player_choice":"Healed","damage_taken":0,"max_hp_gain":0,"max_hp_loss":0,"event_name":"The Cleric","floor":13,"gold_loss":35},{"damage_healed":0,"gold_gain":0,"player_choice":"Bought 0 Potions","damage_taken":0,"max_hp_gain":0,"max_hp_loss":0,"event_name":"The Woman in Blue","floor":14,"gold_loss":0}],"is_beta":false,"boss_relics":[{"not_picked":["Philosopher\u0027s Stone","Coffee Dripper"],"picked":"Tiny House"}],"items_purged_floors":[],"is_endless":false,"potions_floor_spawned":[1,16,18,20,21],"killed_by":"Shelled Parasite and Fungi","ascension_level":10}