{"gold_per_floor":[119,136,102,113,113,113,132,162,162,162,192,467,497,510,510,582,582,595,505,493,157,157,157,173,272,272,292,292],"floor_reached":28,"playtime":1181,"items_purged":[],"score":388,"play_id":"e2ce03a0-81f5-4f5f-83cc-e70c610e6637","local_time":"20190419091700","is_ascension_mode":true,"campfire_choices":[{"floor":6,"key":"REST"},{"data":"Static Discharge","floor":10,"key":"SMITH"},{"floor":15,"key":"REST"},{"floor":23,"key":"REST"}],"neow_cost":"NONE","seed_source_timestamp":179568924836600,"circlet_count":0,"master_deck":["AscendersBane","Strike_B","Strike_B+1","Strike_B","Defend_B","Defend_B","Defend_B","Defend_B","Zap","Dualcast","Ball Lightning","Static Discharge+1","Heatsinks","Barrage","Cold Snap","Ball Lightning","Regret","Ball Lightning","Melter","Meteor Strike","Coolheaded+1","FTL","Storm","Chill","Panache","Decay","Melter","White Noise"],"relics":["FrozenCore","Regal Pillow","Art of War","Bottled Flame","Matryoshka"],"potions_floor_usage":[7,13,24],"damage_taken":[{"damage":2,"enemies":"Jaw Worm","floor":1,"turns":3},{"damage":3,"enemies":"Small Slimes","floor":2,"turns":3},{"damage":1,"enemies":"Cultist","floor":4,"turns":3},{"damage":11,"enemies":"Gremlin Gang","floor":7,"turns":4},{"damage":23,"enemies":"Lagavulin","floor":8,"turns":7},{"damage":22,"enemies":"Gremlin Nob","floor":13,"turns":3},{"damage":11,"enemies":"3 Louse","floor":14,"turns":3},{"damage":38,"enemies":"Hexaghost","floor":16,"turns":8},{"damage":12,"enemies":"3 Byrds","floor":18,"turns":5},{"damage":44,"enemies":"2 Thieves","floor":20,"turns":4},{"damage":11,"enemies":"Snecko","floor":24,"turns":4},{"damage":23,"enemies":"Snake Plant","floor":27,"turns":3},{"damage":13,"enemies":"Shelled Parasite and Fungi","floor":28,"turns":1}],"seed_played":"-899358189535551207","potions_obtained":[{"floor":2,"key":"Fire Potion"},{"floor":7,"key":"SteroidPotion"},{"floor":8,"key":"SteroidPotion"},{"floor":20,"key":"SkillPotion"},{"floor":24,"key":"SteroidPotion"}],"is_trial":false,"path_per_floor":["M","M","$","M","?","R","M","E","T","R","?","?","E","M","R","B",null,"M","?","M","$","?","R","M","?","T","M","M"],"character_chosen":"DEFECT","items_purchased":["Heatsinks","Storm","Chill","Panache"],"campfire_rested":3,"item_purchase_floors":[3,21,21,21],"current_hp_per_floor":[69,66,66,65,65,78,67,44,44,44,44,44,22,11,49,11,61,49,49,5,5,5,43,32,32,32,9,0],"gold":292,"neow_bonus":"TEN_PERCENT_HP_BONUS","is_prod":false,"is_daily":false,"chose_seed":false,"campfire_upgraded":1,"win_rate":0,"timestamp":1555679820,"path_taken":["M","M","$","M","?","R","M","E","T","R","?","?","E","M","R","BOSS","M","?","?","$","?","R","M","?","T","M","M"],"build_version":"2019-01-23","purchased_purges":0,"victory":false,"max_hp_per_floor":[78,78,78,78,78,78,78,78,78,78,78,78,78,78,78,78,78,78,78,78,78,78,78,78,78,78,78,78],"card_choices":[{"not_picked":["Compile Driver","Aggregate"],"picked":"Ball Lightning","floor":1},{"not_picked":["Ball Lightning","Cold Snap"],"picked":"Static Discharge","floor":2},{"not_picked":["Scrape","Hologram"],"picked":"Barrage","floor":4},{"not_picked":["Sweeping Beam","Amplify"],"picked":"Cold Snap","floor":7},{"not_picked":["Scrape","Compile Driver"],"picked":"Ball Lightning","floor":8},{"not_picked":["Leap","Hologram"],"picked":"Ball Lightning","floor":13},{"not_picked":["Blizzard","Compile Driver"],"picked":"Melter","floor":14},{"not_picked":["Amplify","All For One"],"picked":"Meteor Strike","floor":16},{"not_picked":["Redo","Double Energy"],"picked":"Coolheaded+1","floor":18},{"not_picked":["Turbo","Compile Driver"],"picked":"FTL","floor":20},{"not_picked":["Chill","Compile Driver"],"picked":"Melter","floor":24},{"not_picked":["Beam Cell","Barrage"],"picked":"White Noise","floor":27}],"player_experience":2774426,"relics_obtained":[{"floor":8,"key":"Regal Pillow"},{"floor":9,"key":"Art of War"},{"floor":13,"key":"Bottled Flame"},{"floor":26,"key":"Matryoshka"}],"event_choices":[{"damage_healed":0,"gold_gain":0,"player_choice":"Ignored","damage_taken":0,"max_hp_gain":0,"max_hp_loss":0,"event_name":"Liars Game","floor":5,"gold_loss":0},{"damage_healed":0,"gold_gain":30,"player_choice":"Searched \u00271\u0027 times","damage_taken":0,"max_hp_gain":0,"max_hp_loss":0,"event_name":"Dead Adventurer","floor":11,"gold_loss":0},{"damage_healed":0,"gold_gain":275,"player_choice":"Desecrate","damage_taken":0,"max_hp_gain":0,"max_hp_loss":0,"event_name":"Golden Shrine","floor":12,"gold_loss":0,"cards_obtained":["Regret"]},{"cards_removed":["Strike_B"],"damage_healed":0,"gold_gain":0,"player_choice":"Upgrade and Remove","damage_taken":0,"max_hp_gain":0,"max_hp_loss":0,"event_name":"Designer","floor":19,"gold_loss":90,"cards_upgraded":["Strike_B"]},{"damage_healed":0,"gold_gain":0,"player_choice":"Smashed Altar","damage_taken":0,"max_hp_gain":0,"max_hp_loss":0,"event_name":"Forgotten Altar","floor":22,"gold_loss":0,"cards_obtained":["Decay"]},{"damage_healed":0,"gold_gain":99,"player_choice":"Stole From Cult","damage_taken":0,"max_hp_gain":0,"max_hp_loss":0,"event_name":"Nest","floor":25,"gold_loss":0}],"is_beta":false,"boss_relics":[{"not_picked":["Black Star","Busted Crown"],"picked":"FrozenCore"}],"items_purged_floors":[],"is_endless":false,"potions_floor_spawned":[2,7,8,20,24],"killed_by":"Shelled Parasite and Fungi","ascension_level":14}