{"gold_per_floor":[362,202,214,229,243,243,318,85,138,138,138,150,184,201,201,201],"floor_reached":16,"playtime":618,"items_purged":["Strike_R"],"score":204,"play_id":"21ff3579-b9da-47d0-bcb1-9773515152f1","local_time":"20190508112245","is_ascension_mode":true,"campfire_choices":[{"data":"Blood for Blood","floor":6,"key":"SMITH"},{"floor":10,"key":"REST"},{"floor":15,"key":"REST"}],"neow_cost":"PERCENT_DAMAGE","seed_source_timestamp":1098163366043808,"circlet_count":0,"master_deck":["AscendersBane","Strike_R","Strike_R","Strike_R","Strike_R","Defend_R","Defend_R","Defend_R","Defend_R","Bash","True Grit","Blood for Blood+1","Headbutt","Iron Wave","Combust+1","Iron Wave","Infernal Blade","Heavy Blade"],"relics":["Burning Blood","Blood Vial","Red Skull","Bag of Marbles"],"potions_floor_usage":[16,16],"damage_taken":[{"damage":4,"enemies":"2 Louse","floor":1,"turns":3},{"damage":12,"enemies":"Jaw Worm","floor":3,"turns":4},{"damage":9,"enemies":"Small Slimes","floor":4,"turns":3},{"damage":9,"enemies":"Blue Slaver","floor":5,"turns":3},{"damage":17,"enemies":"3 Louse","floor":12,"turns":3},{"damage":28,"enemies":"3 Sentries","floor":13,"turns":6},{"damage":14,"enemies":"Gremlin Gang","floor":14,"turns":3},{"damage":51,"enemies":"Slime Boss","floor":16,"turns":6}],"seed_played":"-8640848257194758958","potions_obtained":[{"floor":5,"key":"Dexterity Potion"},{"floor":12,"key":"FearPotion"}],"is_trial":false,"path_per_floor":["M","$","M","M","M","R","?","$","T","R","?","M","E","M","R","B"],"character_chosen":"IRONCLAD","items_purchased":["Blood for Blood","Combust","Blood Vial"],"campfire_rested":2,"item_purchase_floors":[2,8,8],"current_hp_per_floor":[52,52,46,43,40,40,29,29,29,51,51,42,22,16,38,0],"gold":201,"neow_bonus":"TWO_FIFTY_GOLD","is_prod":false,"is_daily":false,"chose_seed":false,"campfire_upgraded":1,"win_rate":0,"timestamp":1557323565,"path_taken":["M","$","M","M","M","R","?","$","T","R","?","M","E","M","R","BOSS"],"build_version":"2019-01-23","purchased_purges":1,"victory":false,"max_hp_per_floor":[75,75,75,75,75,75,75,75,75,75,75,75,75,75,75,75],"card_choices":[{"not_picked":["True Grit","Sword Boomerang","Disarm"],"picked":"SKIP","floor":1},{"not_picked":["Sword Boomerang","Disarm"],"picked":"True Grit","floor":1},{"not_picked":["Twin Strike","Heavy Blade"],"picked":"Headbutt","floor":3},{"not_picked":["Dropkick","True Grit"],"picked":"Iron Wave","floor":4},{"not_picked":["Evolve","Body Slam","Flame Barrier"],"picked":"SKIP","floor":5},{"not_picked":["Whirlwind","Fire Breathing"],"picked":"Iron Wave","floor":12},{"not_picked":["Anger","Carnage"],"picked":"Infernal Blade","floor":13},{"not_picked":["Uppercut","Flame Barrier"],"picked":"Heavy Blade","floor":14}],"player_experience":1183181,"relics_obtained":[{"floor":9,"key":"Red Skull"},{"floor":13,"key":"Bag of Marbles"}],"event_choices":[{"damage_healed":0,"gold_gain":75,"player_choice":"Gather Gold","damage_taken":11,"max_hp_gain":0,"max_hp_loss":0,"event_name":"World of Goop","floor":7,"gold_loss":0},{"damage_healed":0,"gold_gain":0,"player_choice":"Grow","damage_taken":0,"max_hp_gain":0,"max_hp_loss":0,"event_name":"Living Wall","floor":11,"gold_loss":0,"cards_upgraded":["Combust"]}],"is_beta":false,"boss_relics":[],"items_purged_floors":[2],"is_endless":false,"potions_floor_spawned":[5,12,13],"killed_by":"Slime Boss","ascension_level":20}