{"gold_per_floor":[115,115,132,307,307,307,337,65,88,88,98,61,61,71,71,167,167,183,283,79,0,14,14],"floor_reached":23,"playtime":3262,"items_purged":["Doubt"],"score":215,"play_id":"ba816e04-8da9-4fbb-9590-a62fb7cd788c","local_time":"20180922205503","is_ascension_mode":true,"campfire_choices":[{"floor":6,"key":"REST"},{"floor":10,"key":"REST"},{"floor":13,"key":"REST"},{"data":"Adrenaline","floor":15,"key":"SMITH"}],"neow_cost":"PERCENT_DAMAGE","seed_source_timestamp":0,"circlet_count":0,"master_deck":["Defend_G","Defend_G","Defend_G","Defend_G","Defend_G","Strike_G","Strike_G","Strike_G","Strike_G","Survivor","Neutralize","Adrenaline+1","Noxious Fumes","Dagger Spray","Dagger Spray","Crippling Poison","Noxious Fumes","Dodge and Roll","Envenom","Blade Dance","Malaise","Magnetism","Deflect"],"special_seed":0,"relics":["Ring of the Snake","Anchor","ClockworkSouvenir","Ancient Tea Set","WristBlade","Mango","Pantograph"],"potions_floor_usage":[19],"damage_taken":[{"damage":0.0,"enemies":"2 Louse","floor":1.0,"turns":2.0},{"damage":8,"enemies":"Small Slimes","floor":3,"turns":5},{"damage":40,"enemies":"Lagavulin","floor":7,"turns":8},{"damage":0,"enemies":"Jaw Worm","floor":11,"turns":2},{"damage":0,"enemies":"Large Slime","floor":14,"turns":4},{"damage":42,"enemies":"The Guardian","floor":16,"turns":11},{"damage":12,"enemies":"Chosen","floor":18,"turns":7},{"damage":13,"enemies":"Colosseum Slavers","floor":19,"turns":5},{"damage":32,"enemies":"Colosseum Nobs","floor":19,"turns":4},{"damage":21,"enemies":"Spheric Guardian","floor":22,"turns":6},{"damage":13,"enemies":"Gremlin Leader","floor":23,"turns":2}],"seed_played":"2810830746766529572","potions_obtained":[{"floor":1.0,"key":"Energy Potion"}],"is_trial":false,"path_per_floor":["M","?","M","?","?","R","E","$","T","R","M","$","R","M","R","B",null,"M","?","$","?","M"],"character_chosen":"THE_SILENT","items_purchased":["ClockworkSouvenir","Noxious Fumes","Magnetism"],"campfire_rested":3,"item_purchase_floors":[8,12,20],"current_hp_per_floor":[49,49,41,41,41,62,22,22,22,43,43,43,64,64,64,22,70,58,27,27,27,6,0],"gold":14,"neow_bonus":"THREE_RARE_CARDS","is_prod":false,"is_daily":false,"chose_seed":false,"campfire_upgraded":1,"win_rate":0,"timestamp":1537664103,"path_taken":["M","?","M","?","?","R","E","$","T","R","M","$","R","M","R","BOSS","M","?","$","?","M","E"],"build_version":"2018-09-20","purchased_purges":1,"victory":false,"max_hp_per_floor":[70,70,70,70,70,70,70,70,70,70,70,70,70,70,70,70,70,70,84,84,84,84,84],"card_choices":[{"not_picked":["Bullet Time","Malaise"],"picked":"Adrenaline","floor":0.0},{"not_picked":["Underhanded Strike","Endless Agony"],"picked":"Noxious Fumes","floor":1.0},{"not_picked":["Outmaneuver","Poisoned Stab"],"picked":"Dagger Spray","floor":3},{"not_picked":["Concentrate","Flying Knee","Dagger Throw"],"picked":"SKIP","floor":7},{"not_picked":["Flying Knee","Blur"],"picked":"Crippling Poison","floor":11},{"not_picked":["Reflex","Quick Slash"],"picked":"Dodge and Roll","floor":14},{"not_picked":["Wraith Form v2","Unload"],"picked":"Envenom","floor":16},{"not_picked":["Endless Agony","Cloak And Dagger"],"picked":"Blade Dance","floor":18},{"not_picked":["Dagger Throw","Sucker Punch+1"],"picked":"Malaise","floor":19},{"not_picked":["Acrobatics","Flechettes"],"picked":"Deflect","floor":22}],"player_experience":871353,"relics_obtained":[{"floor":7,"key":"Anchor"},{"floor":9,"key":"Ancient Tea Set"},{"floor":19,"key":"Mango"},{"floor":19,"key":"Pantograph"}],"event_choices":[{"event_name":"Golden Idol","player_choice":"Ignored","floor":2.0,"damage_taken":0.0},{"event_name":"Liars Game","player_choice":"agreed","floor":4,"damage_taken":0},{"event_name":"Transmorgrifier","player_choice":"Transform","floor":5,"damage_taken":0},{"event_name":"Colosseum","player_choice":"Fight","floor":19,"damage_taken":0},{"event_name":"Colosseum","player_choice":"Fought Nobs","floor":19,"damage_taken":0},{"event_name":"Masked Bandits","player_choice":"Paid Fearfully","floor":21,"damage_taken":0}],"is_beta":false,"boss_relics":[{"not_picked":["Ectoplasm","Fusion Hammer"],"picked":"WristBlade"}],"items_purged_floors":[8],"is_endless":false,"potions_floor_spawned":[1],"killed_by":"Gremlin Leader","ascension_level":3}