{"gold_per_floor":[111,129,58,58,75,75,75,103,103,103,103,123,141,155,155,254,254,268,286,95,295,38,73,85,116,139,156,166,184,184,197,197,301,301,312,330,330,348,358,391,391,54,54,54,54,54,69,69,69,69],"floor_reached":51,"playtime":4257,"items_purged":["Injury"],"score":1194,"play_id":"3c651c03-78cf-4949-a0b5-5fcb034ce7a4","local_time":"20190128193820","is_ascension_mode":true,"campfire_choices":[{"data":"Cloak And Dagger","floor":6,"key":"SMITH"},{"data":"Cloak And Dagger","floor":11,"key":"SMITH"},{"data":"Cloak And Dagger","floor":15,"key":"SMITH"},{"floor":30,"key":"REST"},{"data":"Terror","floor":32,"key":"SMITH"},{"data":"Caltrops","floor":41,"key":"SMITH"},{"data":"Infinite Blades","floor":46,"key":"SMITH"},{"data":"Escape Plan","floor":49,"key":"SMITH"}],"neow_cost":"","seed_source_timestamp":0,"circlet_count":0,"master_deck":["Cloak And Dagger+1","Cloak And Dagger+1","Cloak And Dagger+1","Infinite Blades+1","Cloak And Dagger+1","Accuracy+1","Caltrops+1","Terror+1","A Thousand Cuts+1","Panache+1","Escape Plan+1","Finisher+1"],"relics":["Ring of the Snake","Shuriken","Kunai","Matryoshka","Pen Nib","Darkstone Periapt","Frozen Egg 2","Black Star","Sling","Omamori","Mummified Hand","Strawberry","Singing Bowl","Whetstone","Regal Pillow","Calling Bell","Orichalcum","Pantograph","Tingsha","Smiling Mask","Lantern","Turnip","Snake Skull"],"potions_floor_usage":[50],"damage_taken":[{"damage":0,"enemies":"Small Slimes","floor":1,"turns":4},{"damage":0,"enemies":"Cultist","floor":2,"turns":4},{"damage":0,"enemies":"Jaw Worm","floor":5,"turns":2},{"damage":0,"enemies":"Lagavulin","floor":8,"turns":4},{"damage":0,"enemies":"Gremlin Gang","floor":12,"turns":3},{"damage":0,"enemies":"Exordium Thugs","floor":13,"turns":2},{"damage":0,"enemies":"Red Slaver","floor":14,"turns":4},{"damage":16,"enemies":"The Guardian","floor":16,"turns":5},{"damage":0,"enemies":"3 Byrds","floor":18,"turns":3},{"damage":0,"enemies":"Spheric Guardian","floor":19,"turns":3},{"damage":39,"enemies":"Gremlin Leader","floor":23,"turns":4},{"damage":9,"enemies":"Snake Plant","floor":24,"turns":2},{"damage":0,"enemies":"Book of Stabbing","floor":25,"turns":2},{"damage":0,"enemies":"Chosen and Byrds","floor":27,"turns":2},{"damage":2,"enemies":"Centurion and Healer","floor":28,"turns":2},{"damage":12,"enemies":"Snake Plant","floor":29,"turns":2},{"damage":0,"enemies":"Sentry and Sphere","floor":31,"turns":1},{"damage":4,"enemies":"Champ","floor":33,"turns":4},{"damage":10,"enemies":"3 Darklings","floor":35,"turns":2},{"damage":2,"enemies":"Orb Walker","floor":36,"turns":2},{"damage":0,"enemies":"Sphere and 2 Shapes","floor":38,"turns":2},{"damage":15,"enemies":"3 Darklings","floor":39,"turns":3},{"damage":0,"enemies":"Giant Head","floor":40,"turns":3},{"damage":17,"enemies":"Writhing Mass","floor":47,"turns":2},{"damage":54,"enemies":"Awakened One","floor":50,"turns":5}],"seed_played":"-813538150601665666","potions_obtained":[{"floor":1,"key":"Regen Potion"},{"floor":5,"key":"Weak Potion"},{"floor":8,"key":"LiquidBronze"},{"floor":13,"key":"Weak Potion"},{"floor":14,"key":"SteroidPotion"},{"floor":23,"key":"PowerPotion"},{"floor":24,"key":"Regen Potion"},{"floor":29,"key":"PowerPotion"}],"is_trial":true,"path_per_floor":["M","M","$","?","M","R","?","E","T","?","R","M","M","M","R","B",null,"M","M","$","?","$","E","M","E","T","M","M","M","R","M","R","B",null,"M","M","?","M","M","E","R","$","T","$","$","R","M","$","R","B",null],"character_chosen":"THE_SILENT","items_purchased":["Accuracy","Sling","Panache+1","Escape Plan","Turnip"],"campfire_rested":1,"item_purchase_floors":[3,20,22,22,42],"current_hp_per_floor":[63,63,63,63,63,63,68,68,68,68,68,68,68,68,68,52,69,69,69,69,69,69,30,21,28,28,30,30,20,61,63,63,61,90,82,82,82,84,71,73,73,73,73,73,73,73,58,58,58,41],"gold":69,"neow_bonus":"","is_prod":false,"is_daily":false,"chose_seed":false,"campfire_upgraded":7,"win_rate":0,"timestamp":1548725900,"path_taken":["M","M","$","?","M","R","?","E","T","?","R","M","M","M","R","BOSS","M","M","$","?","?","E","M","E","T","M","?","M","R","M","R","BOSS","M","?","?","?","M","E","R","$","T","?","$","R","?","$","R","BOSS"],"build_version":"2019-01-23","purchased_purges":1,"victory":true,"max_hp_per_floor":[70,70,70,70,70,70,75,75,75,75,75,75,75,75,75,75,75,75,75,75,75,75,75,75,82,82,84,86,88,88,90,90,92,98,100,102,102,104,106,108,108,108,108,108,108,108,110,110,110,110],"card_choices":[{"not_picked":["Sucker Punch","Deflect"],"picked":"Infinite Blades","floor":1},{"not_picked":["Sucker Punch","Heel Hook"],"picked":"Cloak And Dagger","floor":2},{"not_picked":["Quick Slash","Calculated Gamble","Dagger Throw"],"picked":"SKIP","floor":5},{"not_picked":["Dagger Throw","Riddle With Holes"],"picked":"Caltrops","floor":8},{"not_picked":["Distraction","Caltrops+1","Slice"],"picked":"SKIP","floor":12},{"not_picked":["Bouncing Flask","Predator"],"picked":"Terror","floor":13},{"not_picked":["All Out Attack","Bane","Underhanded Strike"],"picked":"SKIP","floor":14},{"not_picked":["Bullet Time","Malaise"],"picked":"A Thousand Cuts+1","floor":16},{"not_picked":["Deflect","Dash+1","Bouncing Flask"],"picked":"SKIP","floor":18},{"not_picked":["Leg Sweep","Deflect","Acrobatics"],"picked":"SKIP","floor":19},{"not_picked":["Dagger Spray","Acrobatics","Backflip"],"picked":"SKIP","floor":23},{"not_picked":["Blade Dance","Deadly Poison+1","Sucker Punch+1"],"picked":"SKIP","floor":24},{"not_picked":["Corpse Explosion","Footwork+1"],"picked":"Finisher","floor":25},{"not_picked":["Bane","Deadly Poison","Acrobatics"],"picked":"Singing Bowl","floor":27},{"not_picked":["Sucker Punch","Flechettes+1","Calculated Gamble+1"],"picked":"Singing Bowl","floor":28},{"not_picked":["Masterful Stab+1","Eviscerate","Tactician"],"picked":"Singing Bowl","floor":29},{"not_picked":["Footwork+1","Poisoned Stab+1","Prepared+1"],"picked":"Singing Bowl","floor":31},{"not_picked":["Storm of Steel","Night Terror","Unload"],"picked":"Singing Bowl","floor":33},{"not_picked":["Outmaneuver+1","Bane","Prepared+1"],"picked":"Singing Bowl","floor":35},{"not_picked":["Slice","Outmaneuver","Predator+1"],"picked":"Singing Bowl","floor":36},{"not_picked":["Outmaneuver","Slice","Blade Dance"],"picked":"Singing Bowl","floor":38},{"not_picked":["Noxious Fumes+1","Bouncing Flask","Heel Hook+1"],"picked":"Singing Bowl","floor":39},{"not_picked":["Poisoned Stab+1","Dagger Spray+1","Deadly Poison"],"picked":"Singing Bowl","floor":40},{"not_picked":["Corpse Explosion","Crippling Poison+1","Deadly Poison+1"],"picked":"Singing Bowl","floor":47}],"player_experience":581361,"relics_obtained":[{"floor":8,"key":"Matryoshka"},{"floor":9,"key":"Pen Nib"},{"floor":9,"key":"Darkstone Periapt"},{"floor":23,"key":"Omamori"},{"floor":23,"key":"Mummified Hand"},{"floor":25,"key":"Strawberry"},{"floor":25,"key":"Singing Bowl"},{"floor":26,"key":"Whetstone"},{"floor":26,"key":"Regal Pillow"},{"floor":34,"key":"Orichalcum"},{"floor":34,"key":"Pantograph"},{"floor":34,"key":"Tingsha"},{"floor":40,"key":"Smiling Mask"},{"floor":40,"key":"Lantern"},{"floor":43,"key":"Snake Skull"}],"event_choices":[{"damage_healed":0,"gold_gain":0,"player_choice":"Grow","damage_taken":0,"max_hp_gain":0,"max_hp_loss":0,"event_name":"Living Wall","floor":4,"gold_loss":0,"cards_upgraded":["Cloak And Dagger"]},{"damage_healed":0,"gold_gain":0,"player_choice":"Donut","damage_taken":0,"max_hp_gain":5,"max_hp_loss":0,"event_name":"Big Fish","floor":7,"gold_loss":0},{"damage_healed":0,"gold_gain":0,"player_choice":"Gave Potion","damage_taken":0,"relics_obtained":["Frozen Egg 2"],"max_hp_gain":0,"max_hp_loss":0,"event_name":"WeMeetAgain","floor":10,"gold_loss":0},{"damage_healed":0,"gold_gain":200,"player_choice":"Gold","damage_taken":0,"max_hp_gain":0,"max_hp_loss":0,"event_name":"Wheel of Change","floor":21,"gold_loss":0},{"damage_healed":0,"gold_gain":0,"player_choice":"Forge","damage_taken":0,"max_hp_gain":0,"max_hp_loss":0,"event_name":"Accursed Blacksmith","floor":37,"gold_loss":0,"cards_upgraded":["Accuracy"]}],"is_beta":false,"boss_relics":[{"not_picked":["Orrery","Eternal Feather"],"picked":"Black Star"},{"not_picked":["Fusion Hammer","Empty Cage"],"picked":"Calling Bell"}],"items_purged_floors":[42],"is_endless":false,"potions_floor_spawned":[1,5,8,13,14,19,23,24,27,29,33,36,38],"ascension_level":10}