{"gold_per_floor":[115,78,97,107,120,120,152,165,165,465,465,465,475,491,491,594,594,609,144,164,64,64],"floor_reached":22,"playtime":945,"items_purged":["Regret","Strike_B"],"score":263,"play_id":"1e4eb4a5-47ba-46ac-bd96-e8cab4c9f012","local_time":"20190127184142","is_ascension_mode":true,"campfire_choices":[{"floor":6,"key":"REST"},{"data":"Sunder","floor":12,"key":"SMITH"},{"floor":15,"key":"REST"}],"neow_cost":"NONE","seed_source_timestamp":344394665126424,"circlet_count":0,"master_deck":["Strike_B","Strike_B","Strike_B","Defend_B","Defend_B","Defend_B","Defend_B","Zap","Dualcast","Sweeping Beam","Sunder+1","Fusion","Steam","Ball Lightning","Storm","Hologram","Doom and Gloom","Buffer","Cold Snap","Apotheosis"],"relics":["Cracked Core","Centennial Puzzle","Oddly Smooth Stone","Unceasing Top","Old Coin","Nunchaku","Black Star","Runic Capacitor"],"potions_floor_usage":[5,16,16,16],"damage_taken":[{"damage":14,"enemies":"2 Louse","floor":1,"turns":2},{"damage":0,"enemies":"Jaw Worm","floor":3,"turns":3},{"damage":1,"enemies":"Cultist","floor":4,"turns":3},{"damage":5,"enemies":"Lots of Slimes","floor":5,"turns":2},{"damage":15,"enemies":"3 Sentries","floor":7,"turns":5},{"damage":7,"enemies":"Blue Slaver","floor":8,"turns":3},{"damage":1,"enemies":"2 Fungi Beasts","floor":13,"turns":2},{"damage":12,"enemies":"Lots of Slimes","floor":14,"turns":2},{"damage":28,"enemies":"Slime Boss","floor":16,"turns":4},{"damage":36,"enemies":"Chosen","floor":18,"turns":5},{"damage":18,"enemies":"Shell Parasite","floor":20,"turns":7},{"damage":15,"enemies":"Centurion and Healer","floor":22,"turns":3}],"seed_played":"5418907551033929518","potions_obtained":[{"floor":3,"key":"Energy Potion"},{"floor":4,"key":"FearPotion"},{"floor":5,"key":"Regen Potion"},{"floor":13,"key":"Weak Potion"},{"floor":14,"key":"GamblersBrew"},{"floor":18,"key":"Explosive Potion"}],"is_trial":false,"path_per_floor":["M","$","M","M","M","R","E","M","T","?","?","R","M","M","R","B",null,"M","$","M","$","M"],"character_chosen":"DEFECT","items_purchased":["Sunder","Apotheosis","Runic Capacitor"],"campfire_rested":2,"item_purchase_floors":[2,19,19],"current_hp_per_floor":[54,54,54,53,48,70,55,48,48,48,48,48,47,35,57,29,64,28,28,10,10,0],"gold":64,"neow_bonus":"RANDOM_COMMON_RELIC","is_prod":false,"is_daily":false,"chose_seed":false,"campfire_upgraded":1,"win_rate":0,"timestamp":1548632502,"path_taken":["M","$","M","M","M","R","E","M","T","?","?","R","?","M","R","BOSS","M","?","?","$","M"],"build_version":"2019-01-23","purchased_purges":2,"victory":false,"max_hp_per_floor":[75,75,75,75,75,75,75,75,75,75,75,75,75,75,75,75,75,75,75,75,75,75],"card_choices":[{"not_picked":["Rebound","Beam Cell"],"picked":"Sweeping Beam","floor":1},{"not_picked":["Ball Lightning","Steam"],"picked":"Fusion","floor":3},{"not_picked":["Fusion","Rebound"],"picked":"Steam","floor":4},{"not_picked":["Reprogram","Heatsinks"],"picked":"Ball Lightning","floor":5},{"not_picked":["Conserve Battery","Beam Cell"],"picked":"Storm","floor":7},{"not_picked":["Compile Driver","Go for the Eyes","Stack"],"picked":"SKIP","floor":8},{"not_picked":["Go for the Eyes","Multi-Cast"],"picked":"Hologram","floor":13},{"not_picked":["Streamline","Darkness"],"picked":"Doom and Gloom","floor":14},{"not_picked":["Seek","All For One"],"picked":"Buffer","floor":16},{"not_picked":["Stack","Go for the Eyes"],"picked":"Cold Snap","floor":18},{"not_picked":["Sweeping Beam","Streamline","Gash+1"],"picked":"SKIP","floor":20}],"player_experience":2036396,"relics_obtained":[{"floor":7,"key":"Oddly Smooth Stone"},{"floor":9,"key":"Unceasing Top"}],"event_choices":[{"damage_healed":0,"gold_gain":0,"player_choice":"Box","damage_taken":0,"relics_obtained":["Old Coin"],"max_hp_gain":0,"max_hp_loss":0,"event_name":"Big Fish","floor":10,"gold_loss":0,"cards_obtained":["Regret"]},{"damage_healed":0,"gold_gain":0,"player_choice":"Gave Potion","damage_taken":0,"relics_obtained":["Nunchaku"],"max_hp_gain":0,"max_hp_loss":0,"event_name":"WeMeetAgain","floor":11,"gold_loss":0}],"is_beta":false,"boss_relics":[{"not_picked":["Velvet Choker","Coffee Dripper"],"picked":"Black Star"}],"items_purged_floors":[19,21],"is_endless":false,"potions_floor_spawned":[3,4,5,13,14,18],"killed_by":"Centurion and Healer","ascension_level":8}