{"gold_per_floor":[118,118,137,137,151,151,178,178,251,265,340,46,62,62,62,191,191,215,215,23,23],"floor_reached":21,"playtime":648,"items_purged":["Strike_B","Defend_B"],"score":295,"play_id":"6393c842-4da6-4c53-9788-a64d43c5d0f2","local_time":"20190404173516","is_ascension_mode":true,"campfire_choices":[{"data":"Ball Lightning","floor":6,"key":"SMITH"},{"floor":8,"key":"REST"},{"floor":15,"key":"REST"}],"neow_cost":"NONE","seed_source_timestamp":192136184982224,"circlet_count":0,"master_deck":["Strike_B","Strike_B","Defend_B","Defend_B+1","Zap+1","Dualcast+1","Ball Lightning+1","Ball Lightning","Auto Shields","Loop","Leap","Capacitor","Machine Learning","Self Repair","Thunder Strike","Conserve Battery"],"relics":["Cracked Core","Dream Catcher","Cables","Membership Card","Golden Idol","Inserter","Frozen Egg 2"],"potions_floor_usage":[16],"damage_taken":[{"damage":1,"enemies":"Cultist","floor":1,"turns":3},{"damage":0,"enemies":"Small Slimes","floor":3,"turns":2},{"damage":0,"enemies":"2 Louse","floor":5,"turns":1},{"damage":22,"enemies":"Lagavulin","floor":7,"turns":5},{"damage":0,"enemies":"Looter","floor":10,"turns":2},{"damage":2,"enemies":"Blue Slaver","floor":13,"turns":2},{"damage":0,"enemies":"Slime Boss","floor":16,"turns":5},{"damage":10,"enemies":"Shell Parasite","floor":18,"turns":5},{"damage":57,"enemies":"3 Byrds","floor":21,"turns":3}],"seed_played":"-7839931896093925857","potions_obtained":[{"floor":1,"key":"EntropicBrew"},{"floor":3,"key":"GamblersBrew"},{"floor":13,"key":"FocusPotion"}],"is_trial":false,"path_per_floor":["M","?","M","?","M","R","E","R","T","M","?","$","M","?","R","B",null,"M","?","$","M"],"character_chosen":"DEFECT","items_purchased":["Membership Card","Capacitor","Frozen Egg 2","Conserve Battery"],"campfire_rested":2,"item_purchase_floors":[12,12,20,20],"current_hp_per_floor":[67,52,52,52,52,52,30,52,52,52,41,41,39,39,59,59,67,57,57,57,0],"gold":23,"neow_bonus":"UPGRADE_CARD","is_prod":false,"is_daily":false,"chose_seed":false,"campfire_upgraded":1,"win_rate":0,"timestamp":1554408316,"path_taken":["M","?","M","?","M","R","E","R","T","M","?","$","M","?","R","BOSS","M","?","$","M"],"build_version":"2019-01-23","purchased_purges":2,"victory":false,"max_hp_per_floor":[75,75,75,75,75,75,75,75,75,75,75,75,75,69,69,69,69,69,69,69,69],"card_choices":[{"not_picked":["Cold Snap","Coolheaded"],"picked":"Ball Lightning","floor":1},{"not_picked":["White Noise","Darkness"],"picked":"Ball Lightning","floor":3},{"not_picked":["Compile Driver","Turbo","Undo"],"picked":"SKIP","floor":5},{"not_picked":["Meteor Strike","Storm"],"picked":"Auto Shields","floor":7},{"not_picked":["Turbo","Compile Driver"],"picked":"Loop","floor":8},{"not_picked":["White Noise","Blizzard"],"picked":"Leap","floor":10},{"not_picked":["Compile Driver","FTL","Genetic Algorithm"],"picked":"SKIP","floor":13},{"not_picked":["All For One","Amplify"],"picked":"Machine Learning","floor":16},{"not_picked":["Fusion","Go for the Eyes","Stack"],"picked":"SKIP","floor":18}],"player_experience":1135765,"relics_obtained":[{"floor":7,"key":"Dream Catcher"},{"floor":9,"key":"Cables"}],"event_choices":[{"damage_healed":0,"gold_gain":0,"player_choice":"Entered Light","damage_taken":15,"max_hp_gain":0,"max_hp_loss":0,"event_name":"Shining Light","floor":2,"gold_loss":0,"cards_upgraded":["Dualcast","Defend_B"]},{"damage_healed":0,"gold_gain":0,"player_choice":"Ignored","damage_taken":0,"max_hp_gain":0,"max_hp_loss":0,"event_name":"Liars Game","floor":4,"gold_loss":0},{"damage_healed":0,"gold_gain":75,"player_choice":"Gather Gold","damage_taken":11,"max_hp_gain":0,"max_hp_loss":0,"event_name":"World of Goop","floor":11,"gold_loss":0},{"damage_healed":0,"gold_gain":0,"player_choice":"Lose Max HP","damage_taken":0,"relics_obtained":["Golden Idol"],"max_hp_gain":0,"max_hp_loss":6,"event_name":"Golden Idol","floor":14,"gold_loss":0},{"damage_healed":0,"gold_gain":0,"cards_transformed":["Defend_B","Strike_B"],"player_choice":"Became Test Subject","damage_taken":0,"max_hp_gain":0,"max_hp_loss":0,"event_name":"Drug Dealer","floor":19,"gold_loss":0,"cards_obtained":["Self Repair","Thunder Strike"]}],"is_beta":false,"boss_relics":[{"not_picked":["Black Star","Orrery"],"picked":"Inserter"}],"items_purged_floors":[12,20],"is_endless":false,"potions_floor_spawned":[1,3,13],"killed_by":"3 Byrds","ascension_level":6}