{"path_per_floor":["M","?","?","?","M","E","R","$","T","R","M","?","R","M","R","B",null,"M","M","$","?","?","R","M","?","T","E","M","M","?","M","R","B",null,"M","M","M","?","?","R","E","R","T","E","R","E","M","M","R","B"],"character_chosen":"THE_SILENT","items_purchased":["Apotheosis"],"gold_per_floor":[117,292,292,242,258,283,283,0,0,0,19,19,19,31,31,131,131,149,164,64,64,164,164,178,93,142,167,178,194,194,204,204,306,306,321,341,352,452,452,452,480,480,526,553,553,581,601,616,616,616],"floor_reached":51,"campfire_rested":4,"playtime":5147,"item_purchase_floors":[8],"current_hp_per_floor":[70,70,70,70,70,61,61,61,61,61,61,61,61,49,49,35,70,56,38,38,38,38,59,70,70,70,70,70,70,70,66,66,50,74,57,59,52,52,52,58,50,80,80,15,63,62,40,38,88,39],"items_purged":["Strike_G","Strike_G"],"gold":616,"score":780,"play_id":"c0249ec6-225c-4e5a-ba94-ca2312689db9","local_time":"20180530214326","is_prod":false,"is_daily":false,"chose_seed":false,"is_ascension_mode":false,"campfire_upgraded":6,"win_rate":0.0,"timestamp":1527709406,"campfire_choices":[{"data":"Neutralize","floor":7,"key":"SMITH"},{"data":"Apotheosis","floor":10,"key":"SMITH"},{"data":"Infinite Blades","floor":13,"key":"SMITH"},{"data":"Footwork","floor":15,"key":"SMITH"},{"floor":23,"key":"REST"},{"data":"Footwork","floor":32,"key":"SMITH"},{"data":"Phantasmal Killer","floor":40,"key":"SMITH"},{"floor":42,"key":"REST"},{"floor":45,"key":"REST"},{"floor":49,"key":"REST"}],"path_taken":["M","?","?","?","?","E","R","$","T","R","M","?","R","M","R","BOSS","M","?","$","?","?","R","M","?","T","E","?","M","?","M","R","BOSS","M","?","M","?","?","R","E","R","T","E","R","E","?","M","R","BOSS"],"build_version":"2018-05-24","seed_source_timestamp":1204569749652282,"purchased_purges":2,"victory":true,"master_deck":["Defend_G","Defend_G","Defend_G","Defend_G","Survivor","Neutralize+1","Quick Slash","Footwork+1","Endless Agony","Apotheosis+1","Infinite Blades+1","Footwork+1","Doppelganger+1","Burst+1","Predator+1","Blade Dance+1","Backflip+1","Phantasmal Killer+1"],"max_hp_per_floor":[70,70,70,70,70,70,70,70,70,70,70,70,70,70,70,70,70,70,70,70,70,70,70,70,70,70,72,72,72,72,74,74,74,74,76,78,80,80,80,80,82,82,82,91,91,93,95,97,97,97],"relics":["Ring of the Snake","Shuriken","Potion Belt","Astrolabe","Kunai","Pen Nib","Singing Bowl","Eternal Feather","Happy Flower","Regal Pillow","Strawberry","Toolbox"],"card_choices":[{"not_picked":["Blade Dance","Dagger Spray"],"picked":"Quick Slash","floor":1},{"not_picked":["Riddle With Holes","Sucker Punch"],"picked":"Footwork","floor":5},{"not_picked":["Poisoned Stab","Die Die Die"],"picked":"Endless Agony","floor":6},{"not_picked":["Bouncing Flask","Blade Dance"],"picked":"Infinite Blades","floor":11},{"not_picked":["Deadly Poison","Sucker Punch"],"picked":"Footwork","floor":14},{"not_picked":["Venomology","Unload"],"picked":"Doppelganger","floor":16},{"not_picked":["Dagger Spray","Terror","Underhanded Strike"],"picked":"SKIP","floor":18},{"not_picked":["Flying Knee","Poisoned Stab","Deflect"],"picked":"SKIP","floor":19},{"not_picked":["Predator","Skewer","Dodge and Roll"],"picked":"SKIP","floor":24},{"not_picked":["Prepared","Burst","Deadly Poison"],"picked":"Singing Bowl","floor":27},{"not_picked":["Flechettes+1","Sucker Punch"],"picked":"Endless Agony","floor":28},{"not_picked":["Dagger Throw","Flying Knee"],"picked":"Backflip+1","floor":29},{"not_picked":["Slice+1","Sucker Punch+1","Masterful Stab"],"picked":"Singing Bowl","floor":31},{"not_picked":["Corpse Explosion","Tactician"],"picked":"Phantasmal Killer","floor":33},{"not_picked":["Deadly Poison+1","Bane+1","Sucker Punch"],"picked":"Singing Bowl","floor":35},{"not_picked":["Flying Knee+1","Deflect","Slice+1"],"picked":"Singing Bowl","floor":36},{"not_picked":["Glass Knife","Deflect","Outmaneuver"],"picked":"Singing Bowl","floor":37},{"not_picked":["Skewer","Flying Knee","Riddle With Holes+1"],"picked":"Singing Bowl","floor":41},{"not_picked":["PiercingWail+1","Deflect","Masterful Stab+1"],"picked":"Singing Bowl","floor":44},{"not_picked":["Terror","Leg Sweep+1","Deflect"],"picked":"Singing Bowl","floor":46},{"not_picked":["Deadly Poison+1","Noxious Fumes","Underhanded Strike"],"picked":"Singing Bowl","floor":47},{"not_picked":["Well Laid Plans","Dagger Throw","Quick Slash"],"picked":"Singing Bowl","floor":48}],"player_experience":101363,"potions_floor_usage":[6,6,6,6,16,24,28,28,31,31,33,37,41,44,48,50,50],"damage_taken":[{"damage":0,"enemies":"Jaw Worm","floor":1,"turns":5},{"damage":0,"enemies":"Small Slimes","floor":5,"turns":3},{"damage":9,"enemies":"Lagavulin","floor":6,"turns":8},{"damage":0,"enemies":"2 Louse","floor":11,"turns":3},{"damage":12,"enemies":"Blue Slaver","floor":14,"turns":3},{"damage":14,"enemies":"Hexaghost","floor":16,"turns":10},{"damage":14,"enemies":"Spheric Guardian","floor":18,"turns":5},{"damage":18,"enemies":"Shell Parasite","floor":19,"turns":5},{"damage":0,"enemies":"Chosen and Byrds","floor":24,"turns":7},{"damage":2,"enemies":"Book of Stabbing","floor":27,"turns":7},{"damage":0,"enemies":"Cultist and Chosen","floor":28,"turns":8},{"damage":0,"enemies":"Snecko","floor":29,"turns":5},{"damage":6,"enemies":"Snake Plant","floor":31,"turns":5},{"damage":16,"enemies":"Champ","floor":33,"turns":8},{"damage":19,"enemies":"Orb Walker","floor":35,"turns":5},{"damage":0,"enemies":"3 Darklings","floor":36,"turns":5},{"damage":9,"enemies":"Sphere and 2 Shapes","floor":37,"turns":5},{"damage":10,"enemies":"Nemesis","floor":41,"turns":13},{"damage":74,"enemies":"2 Orb Walkers","floor":44,"turns":8},{"damage":3,"enemies":"Nemesis","floor":46,"turns":6},{"damage":24,"enemies":"4 Shapes","floor":47,"turns":8},{"damage":13,"enemies":"3 Darklings","floor":48,"turns":5},{"damage":49,"enemies":"Awakened One","floor":50,"turns":10}],"relics_obtained":[{"floor":6,"key":"Shuriken"},{"floor":9,"key":"Potion Belt"},{"floor":26,"key":"Pen Nib"},{"floor":27,"key":"Singing Bowl"},{"floor":41,"key":"Happy Flower"},{"floor":43,"key":"Regal Pillow"},{"floor":44,"key":"Strawberry"},{"floor":46,"key":"Toolbox"}],"event_choices":[{"event_name":"Liars Game","player_choice":"agreed","floor":2,"damage_taken":0},{"event_name":"The Lab","player_choice":"Got Potions","floor":3,"damage_taken":0},{"event_name":"The Cleric","player_choice":"Card Removal","floor":4,"damage_taken":0},{"event_name":"Living Wall","player_choice":"Forget","floor":12,"damage_taken":0},{"event_name":"Accursed Blacksmith","player_choice":"Forge","floor":21,"damage_taken":0},{"event_name":"Golden Shrine","player_choice":"Pray","floor":22,"damage_taken":0},{"event_name":"Addict","player_choice":"Obtained Relic","floor":25,"damage_taken":0},{"event_name":"The Woman in Blue","player_choice":"Bought 0 Potions","floor":30,"damage_taken":0},{"event_name":"Golden Shrine","player_choice":"Pray","floor":38,"damage_taken":0}],"boss_relics":[{"not_picked":["Philosopher\u0027s Stone","Tiny House"],"picked":"Astrolabe"},{"not_picked":["Snecko Eye","Calling Bell"],"picked":"Eternal Feather"}],"items_purged_floors":[8,20],"potions_floor_spawned":[1,11,14,16,19,24,28,31,36,41,44,46,48],"seed_played":"-384897092775417842","ascension_level":0,"potions_obtained":[{"floor":1,"key":"Strength Potion"},{"floor":3,"key":"Strength Potion"},{"floor":3,"key":"EntropicBrew"},{"floor":3,"key":"Explosive Potion"},{"floor":11,"key":"Poison Potion"},{"floor":14,"key":"Ancient Potion"},{"floor":16,"key":"SpeedPotion"},{"floor":19,"key":"Regen Potion"},{"floor":24,"key":"Poison Potion"},{"floor":28,"key":"Weak Potion"},{"floor":31,"key":"Energy Potion"},{"floor":36,"key":"GhostInAJar"},{"floor":41,"key":"SteroidPotion"},{"floor":44,"key":"Ancient Potion"},{"floor":46,"key":"Regen Potion"},{"floor":48,"key":"Strength Potion"}],"is_trial":false}