{"gold_per_floor":[417,417,218,249,264,264,317,592,592,652,715,715,715,715,715,870,870,843,882,907],"floor_reached":20,"playtime":952,"items_purged":[],"score":243,"play_id":"11027df0-711a-4eab-80e6-15582c62f0b8","local_time":"20190226012546","is_ascension_mode":true,"campfire_choices":[{"data":"HandOfGreed","floor":6.0,"key":"SMITH"},{"floor":13.0,"key":"REST"},{"floor":15.0,"key":"REST"}],"neow_cost":"CURSE","seed_source_timestamp":0,"circlet_count":0,"master_deck":["Defend_G","Defend_G","Defend_G","Defend_G","Defend_G","Strike_G","Strike_G","Strike_G","Strike_G","Strike_G","Survivor","Neutralize","Writhe","Sucker Punch","Terror","HandOfGreed+1","Tactician","Riddle With Holes","Deflect","Terror","Regret","Underhanded Strike","Acrobatics","Regret","Decay","Doppelganger","Backflip","Caltrops+1"],"special_seed":0,"relics":["Ring of the Snake","Old Coin","Incense Burner","Sundial","Molten Egg 2","Eternal Feather"],"potions_floor_usage":[20],"damage_taken":[{"damage":1.0,"enemies":"2 Louse","floor":1.0,"turns":5.0},{"damage":0.0,"enemies":"Cultist","floor":4.0,"turns":2.0},{"damage":4.0,"enemies":"Jaw Worm","floor":5.0,"turns":3.0},{"damage":32.0,"enemies":"3 Sentries","floor":7.0,"turns":9.0},{"damage":8.0,"enemies":"Exordium Thugs","floor":10.0,"turns":5.0},{"damage":5.0,"enemies":"3 Louse","floor":11.0,"turns":7.0},{"damage":41.0,"enemies":"Slime Boss","floor":16.0,"turns":13.0},{"damage":28.0,"enemies":"2 Thieves","floor":18.0,"turns":5.0},{"damage":13.0,"enemies":"3 Byrds","floor":19.0,"turns":4.0},{"damage":32,"enemies":"3 Cultists","floor":20,"turns":4}],"seed_played":"504150039076220090","potions_obtained":[{"floor":5.0,"key":"Weak Potion"},{"floor":10.0,"key":"Strength Potion"},{"floor":11.0,"key":"Regen Potion"},{"floor":16.0,"key":"LiquidBronze"}],"is_trial":false,"path_per_floor":["M","?","$","M","M","R","E","?","T","M","M","?","R","?","R","B",null,"M","M","M"],"character_chosen":"THE_SILENT","items_purchased":["HandOfGreed","Tactician"],"campfire_rested":2,"item_purchase_floors":[3,3],"current_hp_per_floor":[69,69,69,69,65,65,33,33,33,25,20,20,41,41,62,21,58,30,17,0],"gold":907,"neow_bonus":"ONE_RARE_RELIC","is_prod":false,"is_daily":false,"chose_seed":false,"campfire_upgraded":1,"win_rate":0,"timestamp":1551162346,"path_taken":["M","?","$","M","?","R","E","?","T","?","M","?","R","?","R","BOSS","M","?","M"],"build_version":"2019-01-23","purchased_purges":0,"victory":false,"max_hp_per_floor":[70,70,70,70,70,70,70,70,70,70,70,70,70,70,70,70,70,70,70,70],"card_choices":[{"not_picked":["Dagger Throw","Prepared"],"picked":"Sucker Punch","floor":1.0},{"not_picked":["Prepared","Dodge and Roll"],"picked":"Riddle With Holes","floor":4.0},{"not_picked":["Escape Plan","Dagger Throw"],"picked":"Deflect","floor":5.0},{"not_picked":["Flying Knee","Concentrate"],"picked":"Terror","floor":7.0},{"not_picked":["Backflip","Skewer"],"picked":"Underhanded Strike","floor":10.0},{"not_picked":["Blade Dance","Deflect"],"picked":"Acrobatics","floor":11.0},{"not_picked":["Bullet Time","Storm of Steel"],"picked":"Doppelganger","floor":16.0},{"not_picked":["Distraction","Deflect"],"picked":"Backflip","floor":18.0},{"not_picked":["Deadly Poison","Blade Dance+1"],"picked":"Caltrops+1","floor":19.0}],"player_experience":2228417,"relics_obtained":[{"floor":7.0,"key":"Incense Burner"},{"floor":9.0,"key":"Sundial"}],"event_choices":[{"damage_healed":0.0,"max_hp_gain":0.0,"max_hp_loss":0.0,"gold_gain":0.0,"event_name":"Match and Keep!","player_choice":"1 cards matched","floor":2.0,"gold_loss":0.0,"damage_taken":0.0,"cards_obtained":["Terror"]},{"damage_healed":0.0,"max_hp_gain":0.0,"max_hp_loss":0.0,"gold_gain":275.0,"event_name":"Golden Shrine","player_choice":"Desecrate","floor":8.0,"gold_loss":0.0,"damage_taken":0.0,"cards_obtained":["Regret"]},{"damage_healed":0.0,"max_hp_gain":0.0,"max_hp_loss":0.0,"gold_gain":0.0,"event_name":"Big Fish","player_choice":"Box","floor":12.0,"gold_loss":0.0,"damage_taken":0.0,"relics_obtained":["Molten Egg 2"],"cards_obtained":["Regret"]},{"damage_healed":0.0,"max_hp_gain":0.0,"max_hp_loss":0.0,"gold_gain":0.0,"event_name":"Wheel of Change","player_choice":"Cursed","floor":14.0,"gold_loss":0.0,"damage_taken":0.0,"cards_obtained":["Decay"]}],"is_beta":false,"boss_relics":[{"not_picked":["WristBlade","Black Star"],"picked":"Eternal Feather"}],"items_purged_floors":[],"is_endless":false,"potions_floor_spawned":[5,10,11,16],"killed_by":"3 Cultists","ascension_level":5}