{"gold_per_floor":[118,118,138,213,213,213,225,65,65,65,81,81,37,51,51,130,130,142,156,156,156],"floor_reached":21,"playtime":709,"items_purged":["Strike_B"],"score":304,"play_id":"27a53b66-406f-4f01-9868-5ec4f00232d7","local_time":"20190504235649","is_ascension_mode":true,"campfire_choices":[{"data":"Creative AI","floor":6,"key":"SMITH"},{"data":"Static Discharge","floor":10,"key":"SMITH"},{"data":"Static Discharge","floor":12,"key":"SMITH"},{"data":"Lockon","floor":15,"key":"SMITH"}],"neow_cost":"NONE","seed_source_timestamp":79018775435700,"circlet_count":0,"master_deck":["AscendersBane","Strike_B","Strike_B","Defend_B","Defend_B","Defend_B","Defend_B","Zap","Dualcast","Static Discharge+1","Melter","Sunder","Creative AI+1","Sunder","Static Discharge+1","Lockon+1","Consume","Conserve Battery","Electrodynamics","Capacitor+1"],"relics":["Cracked Core","Art of War","Girya","Inserter"],"potions_floor_usage":[19],"damage_taken":[{"damage":4,"enemies":"Small Slimes","floor":1,"turns":3},{"damage":4,"enemies":"Jaw Worm","floor":3,"turns":3},{"damage":0,"enemies":"Cultist","floor":7,"turns":3},{"damage":0,"enemies":"Large Slime","floor":11,"turns":4},{"damage":8,"enemies":"Red Slaver","floor":14,"turns":2},{"damage":34,"enemies":"The Guardian","floor":16,"turns":6},{"damage":19,"enemies":"Shell Parasite","floor":18,"turns":3},{"damage":2,"enemies":"3 Byrds","floor":19,"turns":3},{"damage":39,"enemies":"Centurion and Healer","floor":21,"turns":4}],"seed_played":"4280225912192333507","potions_obtained":[{"floor":3,"key":"Fire Potion"},{"floor":11,"key":"Strength Potion"}],"is_trial":false,"path_per_floor":["M","?","M","?","?","R","M","$","T","R","M","R","$","M","R","B",null,"M","M","$","M"],"character_chosen":"DEFECT","items_purchased":["Static Discharge","Consume"],"campfire_rested":0,"item_purchase_floors":[8,13],"current_hp_per_floor":[60,60,56,45,45,45,45,45,45,45,45,45,45,37,37,3,54,35,33,33,0],"gold":156,"neow_bonus":"RANDOM_COMMON_RELIC","is_prod":false,"is_daily":false,"chose_seed":false,"campfire_upgraded":4,"win_rate":0,"timestamp":1557028609,"path_taken":["M","?","M","?","?","R","M","$","T","R","M","R","$","M","R","BOSS","M","M","$","M"],"build_version":"2019-01-23","purchased_purges":1,"victory":false,"max_hp_per_floor":[71,71,71,71,71,71,71,71,71,71,71,71,71,71,71,71,71,71,71,71,71],"card_choices":[{"not_picked":["Compile Driver","Rebound"],"picked":"Static Discharge","floor":1},{"not_picked":["Go for the Eyes","Fusion"],"picked":"Sunder","floor":3},{"not_picked":["Barrage","Redo"],"picked":"Sunder","floor":7},{"not_picked":["Stack","Aggregate"],"picked":"Lockon","floor":11},{"not_picked":["Melter","Rebound"],"picked":"Conserve Battery","floor":14},{"not_picked":["Core Surge","Multi-Cast"],"picked":"Electrodynamics","floor":16},{"not_picked":["Steam","Recycle"],"picked":"Capacitor+1","floor":18},{"not_picked":["Sweeping Beam","Consume","Doom and Gloom+1"],"picked":"SKIP","floor":19}],"player_experience":2889684,"relics_obtained":[{"floor":9,"key":"Girya"}],"event_choices":[{"damage_healed":0,"gold_gain":0,"cards_transformed":["Strike_B"],"player_choice":"Change","damage_taken":0,"max_hp_gain":0,"max_hp_loss":0,"event_name":"Living Wall","floor":2,"gold_loss":0,"cards_obtained":["Melter"]},{"damage_healed":0,"gold_gain":75,"player_choice":"Gather Gold","damage_taken":11,"max_hp_gain":0,"max_hp_loss":0,"event_name":"World of Goop","floor":4,"gold_loss":0},{"damage_healed":0,"gold_gain":0,"player_choice":"1 cards matched","damage_taken":0,"max_hp_gain":0,"max_hp_loss":0,"event_name":"Match and Keep!","floor":5,"gold_loss":0,"cards_obtained":["Creative AI"]}],"is_beta":false,"boss_relics":[{"not_picked":["Calling Bell","Sozu"],"picked":"Inserter"}],"items_purged_floors":[8],"is_endless":false,"potions_floor_spawned":[3,11,14,18],"killed_by":"Centurion and Healer","ascension_level":16}