{"gold_per_floor":[113,188,206,222,240,240,165,340,413,430,463,474,490,524,524,524],"floor_reached":16,"playtime":704,"items_purged":["Defend_R"],"score":171,"play_id":"77c3573d-bda1-473e-93dc-15a4b5ce4006","local_time":"20180727005215","is_ascension_mode":true,"campfire_choices":[{"data":"True Grit","floor":6,"key":"SMITH"},{"floor":15,"key":"REST"}],"neow_cost":"TEN_PERCENT_HP_LOSS","seed_source_timestamp":3468146881927965,"circlet_count":0,"master_deck":["Strike_R","Strike_R","Strike_R","Strike_R","Strike_R","Defend_R","Defend_R","Defend_R","Bash","AscendersBane","Cleave","Warcry","Metallicize","True Grit+1","Doubt","Warcry","Dark Embrace","Exhume"],"relics":["Burning Blood","Charon\u0027s Ashes","Blue Candle","Happy Flower","Dodecahedron"],"potions_floor_usage":[14,14,14],"damage_taken":[{"damage":8,"enemies":"2 Louse","floor":1,"turns":5},{"damage":7,"enemies":"Jaw Worm","floor":3,"turns":3},{"damage":1,"enemies":"Cultist","floor":4,"turns":3},{"damage":13,"enemies":"Lots of Slimes","floor":5,"turns":2},{"damage":6,"enemies":"Blue Slaver","floor":10,"turns":5},{"damage":15,"enemies":"3 Sentries","floor":11,"turns":6},{"damage":6,"enemies":"3 Louse","floor":12,"turns":3},{"damage":6,"enemies":"Looter","floor":13,"turns":4},{"damage":34,"enemies":"Lagavulin","floor":14,"turns":6},{"damage":67,"enemies":"The Guardian","floor":16,"turns":8}],"seed_played":"564410509107223903","potions_obtained":[{"floor":4,"key":"Poison Potion"},{"floor":5,"key":"BloodPotion"},{"floor":10,"key":"Weak Potion"}],"is_trial":false,"path_per_floor":["M","?","M","M","M","R","$","?","T","M","E","M","M","E","R"],"character_chosen":"IRONCLAD","items_purchased":[],"campfire_rested":1,"item_purchase_floors":[],"current_hp_per_floor":[70,59,58,63,56,56,56,56,56,56,47,47,47,26,47,0],"gold":524,"neow_bonus":"ONE_RARE_RELIC","is_prod":false,"is_daily":false,"chose_seed":false,"campfire_upgraded":1,"win_rate":0,"timestamp":1532645535,"path_taken":["M","?","M","?","?","R","$","?","T","M","E","M","M","E","R","BOSS"],"build_version":"2018-07-19v2","purchased_purges":1,"victory":false,"max_hp_per_floor":[72,72,72,72,72,72,72,72,72,72,72,72,72,72,72,72],"card_choices":[{"not_picked":["Anger","Uppercut"],"picked":"Cleave","floor":1},{"not_picked":["Cleave","Sentinel"],"picked":"Warcry","floor":3},{"not_picked":["Fire Breathing","Inflame"],"picked":"Metallicize","floor":4},{"not_picked":["Headbutt","Cleave"],"picked":"True Grit","floor":5},{"not_picked":["Battle Trance","Pommel Strike","Iron Wave"],"picked":"SKIP","floor":10},{"not_picked":["Heavy Blade","Sword Boomerang"],"picked":"Warcry","floor":11},{"not_picked":["Anger","Sword Boomerang","Armaments"],"picked":"SKIP","floor":12},{"not_picked":["Battle Trance","Sword Boomerang"],"picked":"Dark Embrace","floor":13},{"not_picked":["Warcry","Shrug It Off"],"picked":"Exhume","floor":14}],"player_experience":385594,"relics_obtained":[{"floor":9,"key":"Blue Candle"},{"floor":11,"key":"Happy Flower"},{"floor":14,"key":"Dodecahedron"}],"event_choices":[{"event_name":"World of Goop","player_choice":"Gather Gold","floor":2,"damage_taken":0},{"event_name":"Liars Game","player_choice":"agreed","floor":8,"damage_taken":0}],"is_beta":false,"boss_relics":[],"items_purged_floors":[7],"is_endless":false,"potions_floor_spawned":[4,5,10,12],"killed_by":"The Guardian","ascension_level":10}