{"gold_per_floor":[113,188,198,198,208,208,226,226,226,226,301,319,40,51,51,148,148,165,181,181,101,118,118,128,128,154,253,27,27,6,23,23,120,120,136,136,136,16,16,16,16,16,16,16,30,30,42,61,61,61],"floor_reached":51,"playtime":1403,"items_purged":["Strike_B","Shame","Strike_B","Defend_B"],"score":637,"play_id":"635ec01e-b65e-4236-8bb5-6d6e0b60141e","local_time":"20190520060027","is_ascension_mode":false,"campfire_choices":[{"data":"Zap","floor":6.0,"key":"SMITH"},{"data":"Dualcast","floor":8.0,"key":"SMITH"},{"data":"Rip and Tear","floor":10.0,"key":"SMITH"},{"data":"Capacitor","floor":15.0,"key":"SMITH"},{"data":"Capacitor","floor":29.0,"key":"SMITH"},{"data":"Rip and Tear","floor":32.0,"key":"SMITH"},{"data":"Blind","floor":40,"key":"SMITH"},{"data":"Blind","floor":42,"key":"SMITH"},{"data":"Multi-Cast","floor":44,"key":"SMITH"},{"data":"Tempest","floor":46,"key":"SMITH"},{"floor":49,"key":"REST"}],"neow_cost":"NONE","seed_source_timestamp":46777626958360,"circlet_count":0,"master_deck":["Strike_B+1","Defend_B+1","Zap+1","Dualcast+1","Ball Lightning","Rip and Tear+1","Conserve Battery","Capacitor+1","Rip and Tear+1","Tempest+1","Biased Cognition","Coolheaded+1","Consume+1","Chaos+1","Capacitor+1","Leap","Fusion","Multi-Cast+1","Capacitor+1","Good Instincts","Blind+1","Blind+1","Consume","Static Discharge+1"],"special_seed":0,"relics":["Cracked Core","Anchor","The Courier","Bronze Scales","Nuclear Battery","Question Card","Pen Nib","Juzu Bracelet","Empty Cage","Meat on the Bone"],"potions_floor_usage":[33,33,39,50,50],"damage_taken":[{"damage":0.0,"enemies":"Small Slimes","floor":1.0,"turns":3.0},{"damage":0.0,"enemies":"2 Louse","floor":3.0,"turns":2.0},{"damage":0.0,"enemies":"Cultist","floor":5.0,"turns":2.0},{"damage":0.0,"enemies":"3 Louse","floor":7.0,"turns":2.0},{"damage":2.0,"enemies":"Large Slime","floor":12.0,"turns":4.0},{"damage":0.0,"enemies":"Exordium Thugs","floor":14.0,"turns":3.0},{"damage":24.0,"enemies":"The Guardian","floor":16.0,"turns":8.0},{"damage":0.0,"enemies":"Chosen","floor":18.0,"turns":2.0},{"damage":0.0,"enemies":"Shell Parasite","floor":19.0,"turns":4.0},{"damage":7.0,"enemies":"3 Cultists","floor":22.0,"turns":4.0},{"damage":0.0,"enemies":"Snake Plant","floor":24.0,"turns":3.0},{"damage":14.0,"enemies":"Centurion and Healer","floor":31.0,"turns":5.0},{"damage":29,"enemies":"Automaton","floor":33,"turns":8},{"damage":5,"enemies":"Orb Walker","floor":35,"turns":3},{"damage":0,"enemies":"3 Shapes","floor":39,"turns":1},{"damage":15,"enemies":"Maw","floor":45,"turns":6},{"damage":28,"enemies":"Jaw Worm Horde","floor":47,"turns":6},{"damage":19,"enemies":"Sphere and 2 Shapes","floor":48,"turns":7},{"damage":19,"enemies":"Donu and Deca","floor":50,"turns":10}],"seed_played":"9063983740718114711","potions_obtained":[{"floor":3.0,"key":"Swift Potion"},{"floor":12.0,"key":"Weak Potion"},{"floor":14.0,"key":"Ancient Potion"},{"floor":19.0,"key":"Dexterity Potion"},{"floor":31.0,"key":"EssenceOfSteel"},{"floor":33,"key":"SmokeBomb"},{"floor":35,"key":"FocusPotion"}],"is_trial":false,"path_per_floor":["M","?","M","?","M","R","M","R","T","R","?","M","$","M","R","B",null,"M","M","?","$","M","?","M","?","T","?","$","R","$","M","R","B",null,"M","?","?","$","M","R","?","R","T","R","M","R","M","M","R","B",null],"character_chosen":"DEFECT","items_purchased":["Bronze Scales","Capacitor","Rip and Tear","Juzu Bracelet","Leap"],"campfire_rested":1,"item_purchase_floors":[13,13,13,28,30],"current_hp_per_floor":[75,64,64,49,49,49,49,49,49,49,42,40,40,40,40,16,75,75,75,75,75,68,68,68,68,68,68,68,68,68,54,54,25,75,70,70,60,60,60,60,60,60,60,60,45,45,29,22,43,36],"gold":61,"neow_bonus":"RANDOM_COMMON_RELIC","is_prod":false,"is_daily":false,"chose_seed":false,"campfire_upgraded":10,"win_rate":0,"timestamp":1558353627,"path_taken":["M","?","M","?","M","R","M","R","T","R","?","?","$","M","R","BOSS","M","M","?","$","M","?","?","?","T","?","?","R","$","M","R","BOSS","M","?","?","$","M","R","?","R","T","R","M","R","M","M","R","BOSS"],"build_version":"2019-01-23","purchased_purges":4,"victory":true,"max_hp_per_floor":[75,75,75,75,75,75,75,75,75,75,75,75,75,75,75,75,75,75,75,75,75,75,75,75,75,75,75,75,75,75,75,75,75,75,75,75,75,75,75,75,71,71,71,71,71,71,71,71,71,71],"card_choices":[{"not_picked":["Steam","Conserve Battery"],"picked":"Ball Lightning","floor":1.0},{"not_picked":["Beam Cell","FTL"],"picked":"Rip and Tear","floor":3.0},{"not_picked":["Compile Driver","Turbo","Steam"],"picked":"SKIP","floor":5.0},{"not_picked":["Go for the Eyes","Storm","Redo"],"picked":"SKIP","floor":7.0},{"not_picked":["Go for the Eyes","Static Discharge"],"picked":"Conserve Battery","floor":12.0},{"not_picked":["Gash","Scrape"],"picked":"Tempest","floor":14.0},{"not_picked":["Machine Learning","Multi-Cast"],"picked":"Biased Cognition","floor":16.0},{"not_picked":["Streamline+1","Sweeping Beam"],"picked":"Coolheaded+1","floor":18.0},{"not_picked":["Steam Power","Turbo+1"],"picked":"Consume+1","floor":19.0},{"not_picked":["Beam Cell","Tempest","Defragment"],"picked":"Chaos+1","floor":22.0},{"not_picked":["Beam Cell+1","Darkness+1","Go for the Eyes"],"picked":"Capacitor","floor":24.0},{"not_picked":["Streamline","Undo","Auto Shields"],"picked":"Fusion","floor":31.0},{"not_picked":["Core Surge","Echo Form","Hyperbeam"],"picked":"Multi-Cast","floor":33},{"not_picked":["Self Repair+1","Chill","Conserve Battery"],"picked":"Capacitor+1","floor":35},{"not_picked":["Finesse","Impatience","Magnetism"],"picked":"Good Instincts","floor":37},{"not_picked":["Secret Weapon","Violence","Thinking Ahead"],"picked":"Blind","floor":37},{"not_picked":["Violence","PanicButton","Metamorphosis"],"picked":"Blind","floor":37},{"not_picked":["Scrape","Melter","Gash+1","Steam"],"picked":"SKIP","floor":45},{"not_picked":["Go for the Eyes+1","Leap","Turbo+1"],"picked":"Consume","floor":47},{"not_picked":["Streamline","Barrage+1","Melter"],"picked":"Static Discharge+1","floor":48}],"player_experience":1450868,"relics_obtained":[{"floor":9.0,"key":"The Courier"},{"floor":26.0,"key":"Pen Nib"},{"floor":43,"key":"Meat on the Bone"}],"event_choices":[{"damage_healed":0.0,"max_hp_gain":0.0,"max_hp_loss":0.0,"gold_gain":75.0,"event_name":"World of Goop","player_choice":"Gather Gold","floor":2.0,"gold_loss":0.0,"damage_taken":11.0},{"damage_healed":0.0,"max_hp_gain":0.0,"max_hp_loss":0.0,"gold_gain":0.0,"event_name":"Shining Light","player_choice":"Entered Light","floor":4.0,"gold_loss":0.0,"damage_taken":15.0,"cards_upgraded":["Strike_B","Defend_B"]},{"damage_healed":0.0,"max_hp_gain":0.0,"max_hp_loss":0.0,"gold_gain":75.0,"event_name":"FaceTrader","player_choice":"Touch","floor":11.0,"gold_loss":0.0,"damage_taken":7.0},{"damage_healed":0.0,"max_hp_gain":0.0,"max_hp_loss":0.0,"gold_gain":0.0,"event_name":"Addict","player_choice":"Stole Relic","floor":20.0,"gold_loss":0.0,"damage_taken":0.0,"relics_obtained":["Question Card"],"cards_obtained":["Shame"]},{"damage_healed":0.0,"max_hp_gain":0.0,"max_hp_loss":0.0,"gold_gain":0.0,"event_name":"Vampires","player_choice":"Ignored","floor":23.0,"gold_loss":0.0,"damage_taken":0.0},{"damage_healed":0.0,"max_hp_gain":0.0,"max_hp_loss":0.0,"gold_gain":0.0,"event_name":"Ghosts","player_choice":"Ignored","floor":25.0,"gold_loss":0.0,"damage_taken":0.0},{"damage_healed":0.0,"max_hp_gain":0.0,"max_hp_loss":0.0,"gold_gain":99.0,"event_name":"Nest","player_choice":"Stole From Cult","floor":27.0,"gold_loss":0.0,"damage_taken":0.0},{"cards_removed":["Defend_B"],"damage_healed":0,"gold_gain":0,"player_choice":"Purged","damage_taken":0,"max_hp_gain":0,"max_hp_loss":0,"event_name":"Purifier","floor":36,"gold_loss":0},{"damage_healed":0,"gold_gain":0,"player_choice":"Memory 3","damage_taken":10,"max_hp_gain":0,"max_hp_loss":0,"event_name":"SensoryStone","floor":37,"gold_loss":0},{"damage_healed":0,"gold_gain":0,"player_choice":"Max HP","damage_taken":0,"max_hp_gain":0,"max_hp_loss":4,"event_name":"Winding Halls","floor":41,"gold_loss":0}],"is_beta":false,"boss_relics":[{"not_picked":["Ectoplasm","Eternal Feather"],"picked":"Nuclear Battery"},{"not_picked":["White Beast Statue","Orrery"],"picked":"Empty Cage"}],"items_purged_floors":[13,21,28,38],"is_endless":false,"potions_floor_spawned":[3,12,14,19,31,33,35,39],"ascension_level":0}