{"gold_per_floor":[116,135,60,75,90,117,117,147,203,203,215,227,3,21,21,120,120,136,146,157,157,174,200,212,235,247,259,288,312,247,54,54,150,150,165,183,195,48,59,59,78,109,109,124,136,136,206,206,206,206],"floor_reached":50,"playtime":3546,"items_purged":["Defend_G","Strike_G"],"score":563,"play_id":"bf6c5d39-b015-4feb-a58b-0c3684a8eb35","local_time":"20180816035819","is_ascension_mode":true,"campfire_choices":[{"data":"Accuracy","floor":7,"key":"SMITH"},{"floor":10,"key":"REST"},{"floor":15,"key":"REST"},{"floor":24,"key":"REST"},{"floor":27,"key":"REST"},{"floor":32,"key":"REST"},{"floor":40,"key":"REST"},{"floor":49,"key":"REST"}],"neow_cost":"","seed_source_timestamp":215411885754243,"circlet_count":0,"master_deck":["Defend_G+1","Defend_G+1","Defend_G+1","Defend_G+1","Strike_G+1","Strike_G+1","Strike_G+1","Strike_G+1","Survivor+1","Neutralize+1","Dagger Spray+1","Escape Plan+1","Poisoned Stab+1","Dagger Throw+1","Accuracy+1","Crippling Poison+1","Accuracy+1","Cloak And Dagger+1","After Image+1","Acrobatics+1","Cloak And Dagger+1","Accuracy+1","Cloak And Dagger+1","Backflip+1","J.A.X.+1","Secret Technique+1","Cloak And Dagger+1","Dodge and Roll+1"],"relics":["Ring of the Snake","Toxic Egg 2","Regal Pillow","Tiny Chest","Vajra","Black Star","Pantograph","MawBank","Dream Catcher","Darkstone Periapt","Busted Crown","Gambling Chip","Nunchaku","Ninja Scroll","Frozen Egg 2","Mark of the Bloom"],"potions_floor_usage":[6,12,16,16,20,20,23,33,33,39,42,42,45,45],"damage_taken":[{"damage":2,"enemies":"Cultist","floor":1,"turns":5},{"damage":0,"enemies":"2 Louse","floor":2,"turns":2},{"damage":2,"enemies":"Small Slimes","floor":4,"turns":3},{"damage":4,"enemies":"Looter","floor":5,"turns":3},{"damage":13,"enemies":"3 Sentries","floor":6,"turns":6},{"damage":45,"enemies":"Lagavulin","floor":8,"turns":8},{"damage":1,"enemies":"Blue Slaver","floor":11,"turns":4},{"damage":17,"enemies":"Large Slime","floor":12,"turns":7},{"damage":0,"enemies":"3 Louse","floor":14,"turns":1},{"damage":43,"enemies":"The Guardian","floor":16,"turns":11},{"damage":17,"enemies":"Chosen","floor":18,"turns":5},{"damage":2,"enemies":"3 Byrds","floor":19,"turns":5},{"damage":7,"enemies":"Centurion and Healer","floor":20,"turns":5},{"damage":13,"enemies":"Chosen and Byrds","floor":22,"turns":6},{"damage":26,"enemies":"Gremlin Leader","floor":23,"turns":6},{"damage":19,"enemies":"Snake Plant","floor":25,"turns":7},{"damage":17,"enemies":"Cultist and Chosen","floor":28,"turns":6},{"damage":24,"enemies":"3 Cultists","floor":29,"turns":7},{"damage":41,"enemies":"Automaton","floor":33,"turns":8},{"damage":8,"enemies":"Orb Walker","floor":35,"turns":4},{"damage":20,"enemies":"3 Shapes","floor":36,"turns":4},{"damage":4,"enemies":"Spire Growth","floor":37,"turns":5},{"damage":17,"enemies":"4 Shapes","floor":39,"turns":4},{"damage":6,"enemies":"Flame Bruiser 2 Orb","floor":41,"turns":4},{"damage":30,"enemies":"Nemesis","floor":42,"turns":5},{"damage":3,"enemies":"3 Darklings","floor":44,"turns":3},{"damage":3,"enemies":"Transient","floor":45,"turns":5},{"damage":61,"enemies":"Awakened One","floor":50,"turns":10}],"seed_played":"3887993432224648699","potions_obtained":[{"floor":1,"key":"Explosive Potion"},{"floor":8,"key":"Regen Potion"},{"floor":11,"key":"FearPotion"},{"floor":12,"key":"Poison Potion"},{"floor":16,"key":"EssenceOfSteel"},{"floor":18,"key":"SkillPotion"},{"floor":19,"key":"Swift Potion"},{"floor":25,"key":"GamblersBrew"},{"floor":29,"key":"SkillPotion"},{"floor":37,"key":"Ancient Potion"},{"floor":39,"key":"Dexterity Potion"},{"floor":41,"key":"Swift Potion"},{"floor":42,"key":"GhostInAJar"},{"floor":44,"key":"AttackPotion"}],"is_trial":false,"path_per_floor":["M","M","$","M","M","E","R","E","T","R","M","M","$","M","R","B",null,"M","M","M","T","M","E","R","M","T","R","M","M","?","$","R","B",null,"M","M","M","$","M","R","M","E","T","M","M","?","T","?","R"],"character_chosen":"THE_SILENT","items_purchased":["Vajra","Accuracy","Secret Technique+1","Cloak And Dagger+1"],"campfire_rested":7,"item_purchase_floors":[13,13,31,38],"current_hp_per_floor":[68,68,68,66,62,49,49,4,4,40,39,37,37,37,70,27,70,53,51,44,44,31,5,41,22,22,58,41,17,17,17,53,29,70,62,42,38,38,21,57,51,21,21,18,15,61,61,61,61,0],"gold":206,"neow_bonus":"","is_prod":false,"is_daily":false,"chose_seed":false,"campfire_upgraded":1,"win_rate":0,"timestamp":1534406299,"path_taken":["M","M","$","M","M","E","R","E","T","R","?","M","?","?","R","BOSS","M","M","M","?","?","E","R","M","T","R","?","?","?","$","R","BOSS","M","M","?","$","M","R","M","E","T","M","M","?","?","?","R","BOSS"],"build_version":"2018-08-09","purchased_purges":2,"victory":false,"max_hp_per_floor":[70,70,70,70,70,70,70,70,70,70,70,70,70,70,70,70,70,70,70,70,70,70,70,70,70,70,70,70,70,70,70,70,70,70,70,70,70,70,70,70,70,70,70,70,70,61,61,61,61,61],"card_choices":[{"not_picked":["Reflex","Blade Dance"],"picked":"Dagger Spray","floor":1},{"not_picked":["Heel Hook","Flying Knee"],"picked":"Escape Plan","floor":2},{"not_picked":["Heel Hook","Dodge and Roll"],"picked":"Poisoned Stab","floor":4},{"not_picked":["All Out Attack","Prepared"],"picked":"Dagger Throw","floor":5},{"not_picked":["Acrobatics","Endless Agony"],"picked":"Accuracy","floor":6},{"not_picked":["Reflex+1","Dagger Throw","Expertise+1"],"picked":"SKIP","floor":8},{"not_picked":["Dagger Spray","Acrobatics+1"],"picked":"Crippling Poison+1","floor":11},{"not_picked":["Concentrate+1","Dagger Throw","Masterful Stab"],"picked":"SKIP","floor":12},{"not_picked":["Sucker Punch","Terror+1"],"picked":"Cloak And Dagger+1","floor":14},{"not_picked":["Grand Finale","Bullet Time+1"],"picked":"After Image","floor":16},{"not_picked":["Bane+1","Skewer","Dagger Spray"],"picked":"SKIP","floor":18},{"not_picked":["PiercingWail+1","Dagger Spray"],"picked":"Acrobatics+1","floor":19},{"not_picked":["Underhanded Strike","After Image"],"picked":"Cloak And Dagger+1","floor":20},{"not_picked":["Prepared+1","Distraction+1"],"picked":"Accuracy","floor":22},{"not_picked":["Endless Agony","PiercingWail+1","Flechettes"],"picked":"SKIP","floor":23},{"not_picked":["Underhanded Strike","Prepared+1","Outmaneuver+1"],"picked":"SKIP","floor":25},{"not_picked":["Masterful Stab","Poisoned Stab"],"picked":"Cloak And Dagger+1","floor":28},{"not_picked":["Tools of the Trade","Bane"],"picked":"Backflip+1","floor":29},{"not_picked":["Endless Agony+1"],"picked":"SKIP","floor":35},{"not_picked":["Sucker Punch"],"picked":"SKIP","floor":36},{"not_picked":["Sucker Punch+1"],"picked":"SKIP","floor":37},{"not_picked":["Flechettes+1"],"picked":"SKIP","floor":39},{"not_picked":["Quick Slash+1"],"picked":"SKIP","floor":41},{"not_picked":["Deadly Poison+1"],"picked":"SKIP","floor":42},{"not_picked":[],"picked":"Dodge and Roll+1","floor":44},{"not_picked":["Masterful Stab+1"],"picked":"SKIP","floor":45}],"player_experience":628043,"relics_obtained":[{"floor":6,"key":"Toxic Egg 2"},{"floor":8,"key":"Regal Pillow"},{"floor":9,"key":"Tiny Chest"},{"floor":21,"key":"Pantograph"},{"floor":23,"key":"MawBank"},{"floor":23,"key":"Dream Catcher"},{"floor":26,"key":"Darkstone Periapt"},{"floor":42,"key":"Gambling Chip"},{"floor":42,"key":"Nunchaku"},{"floor":43,"key":"Ninja Scroll"},{"floor":47,"key":"Frozen Egg 2"}],"event_choices":[{"event_name":"Drug Dealer","player_choice":"Got JAXXED","floor":30,"damage_taken":0},{"event_name":"The Moai Head","player_choice":"Heal","floor":46,"damage_taken":0},{"event_name":"MindBloom","player_choice":"Upgrade","floor":48,"damage_taken":0}],"is_beta":false,"boss_relics":[{"not_picked":["HoveringKite","Snecko Eye"],"picked":"Black Star"},{"not_picked":["Fusion Hammer","Pandora\u0027s Box"],"picked":"Busted Crown"}],"items_purged_floors":[3,38],"is_endless":false,"potions_floor_spawned":[1,8,11,12,16,18,19,25,29,37,39,41,42,44],"killed_by":"Awakened One","ascension_level":1}