{"gold_per_floor":[110,110,127,139,156,156,175,175,199,209,226,226,236,236,236,310,310,322,322],"floor_reached":19,"playtime":1638,"items_purged":[],"score":293,"play_id":"159dcfe2-934e-4c50-a007-a86645323235","local_time":"20190429205721","is_ascension_mode":true,"campfire_choices":[{"data":"White Noise","floor":6.0,"key":"SMITH"},{"floor":8.0,"key":"REST"},{"data":"Sunder","floor":15,"key":"SMITH"}],"neow_cost":"PERCENT_DAMAGE","seed_source_timestamp":0,"circlet_count":0,"master_deck":["AscendersBane","Strike_B","Strike_B","Strike_B","Defend_B","Defend_B","Defend_B","Defend_B","Zap","Dualcast","Madness","Flash of Steel","FTL","Self Repair","White Noise+1","Melter","Conserve Battery","Sweeping Beam","Sunder+1","Echo Form","Redo+1"],"special_seed":0,"relics":["Cracked Core","Anchor","Bag of Marbles","Unceasing Top","Fusion Hammer"],"potions_floor_usage":[16,16],"damage_taken":[{"damage":7.0,"enemies":"2 Louse","floor":1.0,"turns":3.0},{"damage":1.0,"enemies":"Cultist","floor":3.0,"turns":3.0},{"damage":4.0,"enemies":"Small Slimes","floor":4.0,"turns":3.0},{"damage":11.0,"enemies":"Blue Slaver","floor":5.0,"turns":3.0},{"damage":12.0,"enemies":"Looter","floor":7.0,"turns":3.0},{"damage":5,"enemies":"3 Louse","floor":10,"turns":4},{"damage":4,"enemies":"Red Slaver","floor":11,"turns":3},{"damage":5,"enemies":"Exordium Thugs","floor":13,"turns":4},{"damage":43,"enemies":"The Guardian","floor":16,"turns":12},{"damage":41,"enemies":"3 Byrds","floor":18,"turns":5},{"damage":27,"enemies":"Colosseum Slavers","floor":19,"turns":3}],"seed_played":"4822951944425333853","potions_obtained":[{"floor":1.0,"key":"Swift Potion"},{"floor":4.0,"key":"Fire Potion"},{"floor":10,"key":"PowerPotion"}],"is_trial":false,"path_per_floor":["M","?","M","M","M","R","M","R","T","M","M","?","M","T","R","B",null,"M","?"],"character_chosen":"DEFECT","items_purchased":[],"campfire_rested":1,"item_purchase_floors":[],"current_hp_per_floor":[39,39,38,34,30,30,18,39,39,41,51,46,48,48,48,19,58,24,0],"gold":322,"neow_bonus":"RANDOM_COLORLESS_2","is_prod":false,"is_daily":false,"chose_seed":false,"campfire_upgraded":2,"win_rate":0,"timestamp":1556585841,"path_taken":["M","?","M","M","M","R","?","R","T","M","M","?","M","?","R","BOSS","M","?"],"build_version":"2019-01-23","purchased_purges":0,"victory":false,"max_hp_per_floor":[71,71,71,71,71,71,71,71,71,71,71,71,71,71,71,71,71,71,71],"card_choices":[{"not_picked":["Defragment","Streamline"],"picked":"FTL","floor":1.0},{"not_picked":["Stack","Ball Lightning","Turbo"],"picked":"SKIP","floor":3.0},{"not_picked":["Leap","Chaos"],"picked":"Self Repair","floor":4.0},{"not_picked":["Stack","Turbo"],"picked":"White Noise","floor":5.0},{"not_picked":["Redo","Storm"],"picked":"Melter","floor":7.0},{"not_picked":["Melter","Compile Driver"],"picked":"Conserve Battery","floor":10},{"not_picked":["Conserve Battery","Gash"],"picked":"Sweeping Beam","floor":11},{"not_picked":["Consume","Hologram"],"picked":"Sunder","floor":13},{"not_picked":["Seek","Machine Learning"],"picked":"Echo Form","floor":16},{"not_picked":["Sweeping Beam","Tempest"],"picked":"Redo+1","floor":18}],"player_experience":2859076,"relics_obtained":[{"floor":9.0,"key":"Anchor"},{"floor":14,"key":"Unceasing Top"}],"event_choices":[{"cards_removed":["Strike_B"],"damage_healed":0.0,"max_hp_gain":0.0,"max_hp_loss":0.0,"gold_gain":0.0,"event_name":"Bonfire Elementals","player_choice":"Offered Basic","floor":2.0,"gold_loss":0.0,"damage_taken":0.0},{"damage_healed":0,"gold_gain":0,"player_choice":"Success","damage_taken":5,"relics_obtained":["Bag of Marbles"],"max_hp_gain":0,"max_hp_loss":0,"event_name":"Scrap Ooze","floor":12,"gold_loss":0},{"damage_healed":0,"gold_gain":0,"player_choice":"Fight","damage_taken":0,"max_hp_gain":0,"max_hp_loss":0,"event_name":"Colosseum","floor":19,"gold_loss":0}],"is_beta":false,"boss_relics":[{"not_picked":["Empty Cage","Ectoplasm"],"picked":"Fusion Hammer"}],"items_purged_floors":[],"is_endless":false,"potions_floor_spawned":[1,4,10,13],"killed_by":"Colosseum Slavers","ascension_level":16}