{"gold_per_floor":[113,16,16,28,39,39,67,67,148,148,128,153,172,190,190,292,292,306,306,7,25,25,55,66,101,101,136,27,27,27,40,40,136,136,148,48,48,62,78,78,107,107,107,107,107,126,153,28,28,28,28,28,28,56,56],"floor_reached":56,"playtime":5047,"items_purged":["Strike_R","Strike_R+1","Strike_R+1"],"score":1621,"play_id":"b653dcd5-cfd2-424b-8d31-cdf9b42319da","local_time":"20190128171148","is_ascension_mode":true,"campfire_choices":[{"data":"Body Slam","floor":6,"key":"SMITH"},{"data":"Shrug It Off","floor":8,"key":"SMITH"},{"data":"Shrug It Off","floor":10,"key":"SMITH"},{"data":"Shrug It Off","floor":15,"key":"SMITH"},{"data":"Barricade","floor":29,"key":"SMITH"},{"data":"Body Slam","floor":32,"key":"SMITH"},{"floor":40,"key":"RECALL"},{"data":"Metallicize","floor":42,"key":"SMITH"},{"data":"Power Through","floor":45,"key":"SMITH"},{"data":"Pommel Strike","floor":49,"key":"SMITH"},{"data":"Pommel Strike","floor":52,"key":"SMITH"}],"neow_cost":"NONE","seed_source_timestamp":528471344846967,"circlet_count":0,"master_deck":["Defend_R+1","Defend_R+1","Defend_R+1","Defend_R+1","Bash","Shrug It Off+1","Shrug It Off+1","Evolve+1","Body Slam+1","Pommel Strike+1","Pommel Strike+1","Shrug It Off+1","Barricade+1","Disarm","Power Through+1","Spot Weakness","Burning Pact","Iron Wave","Ghostly Armor","Metallicize+1","Body Slam+1","Impervious","Flame Barrier+1","Warcry+1","Seeing Red+1","Metallicize"],"relics":["Burning Blood","NeowsBlessing","Blood Vial","Self Forming Clay","Bronze Scales","Sozu","Prayer Wheel","Happy Flower","Strawberry","Bag of Preparation","Calipers","Mark of Pain","Anchor","Blue Candle","Sundial"],"potions_floor_usage":[13,16],"damage_taken":[{"damage":0,"enemies":"Jaw Worm","floor":1,"turns":1},{"damage":0,"enemies":"2 Louse","floor":4,"turns":1},{"damage":0,"enemies":"Cultist","floor":5,"turns":1},{"damage":5,"enemies":"3 Sentries","floor":7,"turns":9},{"damage":22,"enemies":"Gremlin Nob","floor":12,"turns":5},{"damage":0,"enemies":"Blue Slaver","floor":13,"turns":2},{"damage":0,"enemies":"2 Fungi Beasts","floor":14,"turns":3},{"damage":39,"enemies":"Slime Boss","floor":16,"turns":10},{"damage":1,"enemies":"3 Byrds","floor":18,"turns":3},{"damage":14,"enemies":"Spheric Guardian","floor":21,"turns":6},{"damage":0,"enemies":"Gremlin Leader","floor":23,"turns":9},{"damage":3,"enemies":"Chosen and Byrds","floor":24,"turns":6},{"damage":14,"enemies":"Book of Stabbing","floor":25,"turns":6},{"damage":5,"enemies":"Gremlin Leader","floor":27,"turns":7},{"damage":0,"enemies":"Snake Plant","floor":31,"turns":4},{"damage":0,"enemies":"Collector","floor":33,"turns":8},{"damage":0,"enemies":"Orb Walker","floor":35,"turns":4},{"damage":0,"enemies":"3 Shapes","floor":38,"turns":5},{"damage":0,"enemies":"Maw","floor":39,"turns":6},{"damage":25,"enemies":"Nemesis","floor":41,"turns":7},{"damage":0,"enemies":"Spire Growth","floor":46,"turns":4},{"damage":0,"enemies":"Reptomancer","floor":47,"turns":5},{"damage":0,"enemies":"Time Eater","floor":50,"turns":7},{"damage":0,"enemies":"Shield and Spear","floor":54,"turns":5},{"damage":0,"enemies":"The Heart","floor":55,"turns":8}],"seed_played":"1924297910504746660","potions_obtained":[{"floor":4,"key":"BloodPotion"},{"floor":5,"key":"SteroidPotion"},{"floor":11,"key":"FairyPotion"},{"floor":14,"key":"Strength Potion"}],"is_trial":false,"path_per_floor":["M","$","?","M","M","R","E","R","T","R","?","E","M","M","R","B",null,"M","?","$","M","?","E","M","E","T","E","$","R","?","M","R","B",null,"M","$","?","M","M","R","E","R","T","?","R","M","E","$","R","B",null,"R","$","E","B",null],"character_chosen":"IRONCLAD","items_purchased":["Shrug It Off","Evolve","Prayer Wheel","Metallicize"],"campfire_rested":0,"item_purchase_floors":[2,2,20,28],"current_hp_per_floor":[80,80,80,80,80,80,80,80,80,80,80,64,72,80,80,47,80,80,80,80,72,72,80,80,79,79,82,82,82,82,87,87,87,87,87,87,87,87,87,87,68,68,68,68,68,76,84,84,84,87,87,87,87,87,87],"gold":56,"neow_bonus":"THREE_ENEMY_KILL","is_prod":false,"is_daily":false,"chose_seed":false,"campfire_upgraded":10,"win_rate":0,"timestamp":1548717108,"path_taken":["M","$","?","M","M","R","E","R","T","R","?","E","M","?","R","BOSS","M","?","$","M","?","E","M","E","T","E","$","R","?","M","R","BOSS","M","$","?","?","M","R","E","R","T","?","R","M","E","$","R","BOSS","R","$","E","BOSS"],"build_version":"2019-01-23","purchased_purges":3,"victory":true,"max_hp_per_floor":[80,80,80,80,80,80,80,80,80,80,80,80,80,80,80,80,80,80,80,80,80,80,80,80,87,87,87,87,87,87,87,87,87,87,87,87,87,87,87,87,87,87,87,87,87,87,87,87,87,87,87,87,87,87,87],"card_choices":[{"not_picked":["Thunderclap","Wild Strike"],"picked":"Shrug It Off","floor":1},{"not_picked":["Reckless Charge","Clothesline"],"picked":"Body Slam","floor":4},{"not_picked":["Ghostly Armor","Wild Strike","True Grit"],"picked":"SKIP","floor":5},{"not_picked":["Dark Embrace","Second Wind","Reckless Charge"],"picked":"SKIP","floor":7},{"not_picked":["Sever Soul","Thunderclap"],"picked":"Pommel Strike","floor":12},{"not_picked":["Perfected Strike","Wild Strike"],"picked":"Pommel Strike","floor":13},{"not_picked":["Warcry","Brutality"],"picked":"Shrug It Off","floor":14},{"not_picked":["Double Tap","Reaper"],"picked":"Barricade","floor":16},{"not_picked":["Heavy Blade","Fire Breathing","Cleave"],"picked":"SKIP","floor":18},{"not_picked":["Iron Wave","True Grit"],"picked":"Disarm","floor":21},{"not_picked":["Evolve","Iron Wave"],"picked":"Power Through","floor":21},{"not_picked":["Infernal Blade","Battle Trance"],"picked":"Spot Weakness","floor":23},{"not_picked":["Anger","Flex+1"],"picked":"Burning Pact","floor":24},{"not_picked":["Evolve","Flex","Combust+1"],"picked":"SKIP","floor":24},{"not_picked":["Second Wind","Warcry"],"picked":"Iron Wave","floor":25},{"not_picked":["Armaments","Thunderclap"],"picked":"Ghostly Armor","floor":27},{"not_picked":["Twin Strike","Iron Wave"],"picked":"Body Slam","floor":31},{"not_picked":["Wild Strike","Combust","Double Tap"],"picked":"SKIP","floor":31},{"not_picked":["Brutality","Exhume"],"picked":"Impervious","floor":33},{"not_picked":["Iron Wave+1","Ghostly Armor"],"picked":"Flame Barrier+1","floor":35},{"not_picked":["Disarm","Reckless Charge+1"],"picked":"Warcry+1","floor":35},{"not_picked":["Rampage","Perfected Strike"],"picked":"Seeing Red+1","floor":38},{"not_picked":["Armaments+1","Cleave","Heavy Blade+1"],"picked":"SKIP","floor":38},{"not_picked":["Havoc","Twin Strike","Sever Soul"],"picked":"SKIP","floor":39},{"not_picked":["Combust","Sentinel+1","Iron Wave"],"picked":"SKIP","floor":39},{"not_picked":["Reckless Charge","Berserk","Bludgeon"],"picked":"SKIP","floor":41},{"not_picked":["Wild Strike+1","Shockwave"],"picked":"Metallicize","floor":46},{"not_picked":["Sword Boomerang","Twin Strike+1","Uppercut+1"],"picked":"SKIP","floor":46},{"not_picked":["Sentinel+1","Hemokinesis+1","Pommel Strike+1"],"picked":"SKIP","floor":47},{"not_picked":["Reaper","Feel No Pain+1","Wild Strike"],"picked":"SKIP","floor":54}],"player_experience":573378,"relics_obtained":[{"floor":7,"key":"Blood Vial"},{"floor":9,"key":"Self Forming Clay"},{"floor":12,"key":"Bronze Scales"},{"floor":23,"key":"Happy Flower"},{"floor":25,"key":"Strawberry"},{"floor":26,"key":"Bag of Preparation"},{"floor":27,"key":"Calipers"},{"floor":41,"key":"Anchor"},{"floor":47,"key":"Blue Candle"},{"floor":54,"key":"Sundial"}],"event_choices":[{"damage_healed":0,"gold_gain":0,"player_choice":"Grow","damage_taken":0,"max_hp_gain":0,"max_hp_loss":0,"event_name":"Living Wall","floor":3,"gold_loss":0,"cards_upgraded":["Evolve"]},{"damage_healed":0,"gold_gain":0,"player_choice":"Bought 1 Potion","damage_taken":0,"max_hp_gain":0,"max_hp_loss":0,"event_name":"The Woman in Blue","floor":11,"gold_loss":0},{"damage_healed":0,"gold_gain":0,"player_choice":"Ignored","damage_taken":0,"max_hp_gain":0,"max_hp_loss":0,"event_name":"Ghosts","floor":19,"gold_loss":0},{"damage_healed":0,"gold_gain":0,"player_choice":"Simplicity","damage_taken":0,"max_hp_gain":0,"max_hp_loss":0,"event_name":"Back to Basics","floor":30,"gold_loss":0,"cards_upgraded":["Strike_R","Strike_R","Strike_R","Strike_R","Defend_R","Defend_R","Defend_R","Defend_R"]},{"cards_removed":["Strike_R"],"damage_healed":0,"gold_gain":0,"player_choice":"Purged","damage_taken":0,"max_hp_gain":0,"max_hp_loss":0,"event_name":"Purifier","floor":37,"gold_loss":0},{"cards_removed":["Strike_R"],"damage_healed":0,"gold_gain":0,"player_choice":"Card Removal","damage_taken":0,"max_hp_gain":0,"max_hp_loss":0,"event_name":"Wheel of Change","floor":44,"gold_loss":0}],"is_beta":false,"boss_relics":[{"not_picked":["Runic Dome","Snecko Eye"],"picked":"Sozu"},{"not_picked":["Empty Cage","Black Star"],"picked":"Mark of Pain"}],"items_purged_floors":[28,36,48],"is_endless":false,"potions_floor_spawned":[4,5,12,14,21,23,27,33,35,46,47],"ascension_level":2}