{"gold_per_floor":[218,143,143,155,155,155,174,174,198,198,211,224,124,124,124,225,225,245,95,114,131,142,142,158,175,198,198,211,61,61,61,61,61],"floor_reached":33,"playtime":771,"items_purged":["Strike_R","Defend_R","Defend_R+1","Defend_R+1"],"score":239,"play_id":"bd432905-a420-439d-bb7a-9b5878e54501","local_time":"20190521231623","is_ascension_mode":false,"campfire_choices":[{"data":"Strike_R","floor":6.0,"key":"SMITH"},{"data":"Clash","floor":8.0,"key":"SMITH"},{"data":"Strike_R","floor":10.0,"key":"SMITH"},{"data":"Defend_R","floor":15.0,"key":"SMITH"},{"data":"Shrug It Off","floor":23,"key":"SMITH"},{"floor":27,"key":"REST"},{"floor":30,"key":"REST"},{"floor":32,"key":"REST"}],"neow_cost":"NONE","seed_source_timestamp":469428638556804,"circlet_count":0,"master_deck":["Strike_R+1","Strike_R+1","Defend_R+1","Bash+1","Clash+1","Shrug It Off+1"],"special_seed":0,"relics":["Burning Blood","Bronze Scales","Pen Nib","Empty Cage","Boot"],"potions_floor_usage":[28,33],"damage_taken":[{"damage":5.0,"enemies":"Small Slimes","floor":1.0,"turns":4.0},{"damage":0.0,"enemies":"2 Louse","floor":4.0,"turns":2.0},{"damage":0.0,"enemies":"Cultist","floor":7.0,"turns":3.0},{"damage":3.0,"enemies":"Lots of Slimes","floor":11.0,"turns":4.0},{"damage":5.0,"enemies":"Exordium Thugs","floor":12.0,"turns":4.0},{"damage":26,"enemies":"Slime Boss","floor":16,"turns":10},{"damage":14,"enemies":"3 Byrds","floor":18,"turns":3},{"damage":8,"enemies":"2 Thieves","floor":20,"turns":4},{"damage":5,"enemies":"Snake Plant","floor":21,"turns":3},{"damage":10,"enemies":"Cultist and Chosen","floor":22,"turns":5},{"damage":15,"enemies":"Centurion and Healer","floor":24,"turns":7},{"damage":2,"enemies":"Snake Plant","floor":25,"turns":4},{"damage":7,"enemies":"3 Cultists","floor":28,"turns":4},{"damage":81,"enemies":"Automaton","floor":33,"turns":8}],"seed_played":"3521974732360141815","potions_obtained":[{"floor":4.0,"key":"LiquidBronze"},{"floor":7.0,"key":"SkillPotion"},{"floor":18,"key":"FearPotion"},{"floor":20,"key":"Ancient Potion"},{"floor":28,"key":"Swift Potion"}],"is_trial":false,"path_per_floor":["M","$","?","M","?","R","M","R","T","R","M","M","$","T","R","B",null,"M","$","M","M","M","R","M","M","T","R","M","$","R","$","R","B"],"character_chosen":"IRONCLAD","items_purchased":["Shrug It Off"],"campfire_rested":3,"item_purchase_floors":[19],"current_hp_per_floor":[80,80,64,70,70,70,76,76,76,76,79,80,80,80,80,60,80,72,72,70,71,67,67,58,62,62,80,79,79,80,80,80,0],"gold":61,"neow_bonus":"HUNDRED_GOLD","is_prod":false,"is_daily":false,"chose_seed":false,"campfire_upgraded":5,"win_rate":0,"timestamp":1558451783,"path_taken":["M","$","?","M","?","R","M","R","T","R","?","M","$","?","R","BOSS","M","?","M","M","M","R","M","M","T","R","M","?","R","$","R","BOSS"],"build_version":"2019-01-23","purchased_purges":4,"victory":false,"max_hp_per_floor":[80,80,80,80,80,80,80,80,80,80,80,80,80,80,80,80,80,80,80,80,80,80,80,80,80,80,80,80,80,80,80,80,80],"card_choices":[{"not_picked":["Thunderclap","Anger","Heavy Blade"],"picked":"SKIP","floor":1.0},{"not_picked":["Bludgeon","Body Slam","True Grit"],"picked":"SKIP","floor":4.0},{"not_picked":["Feel No Pain","Fire Breathing"],"picked":"Clash","floor":7.0},{"not_picked":["Burning Pact","Anger","Sword Boomerang"],"picked":"SKIP","floor":11.0},{"not_picked":["Hemokinesis","Reaper","Shockwave"],"picked":"SKIP","floor":12.0},{"not_picked":["Wild Strike","Thunderclap","True Grit+1"],"picked":"SKIP","floor":18},{"not_picked":["Clash+1","Twin Strike","Infernal Blade+1"],"picked":"SKIP","floor":20},{"not_picked":["Anger","Clothesline","Headbutt+1"],"picked":"SKIP","floor":21},{"not_picked":["Clothesline","Body Slam+1","Pommel Strike"],"picked":"SKIP","floor":22},{"not_picked":["Wild Strike+1","Infernal Blade","Brutality"],"picked":"SKIP","floor":24},{"not_picked":["Hemokinesis","Armaments","Shockwave+1"],"picked":"SKIP","floor":25},{"not_picked":["Shrug It Off","Headbutt","Pommel Strike+1"],"picked":"SKIP","floor":28}],"player_experience":556758,"relics_obtained":[{"floor":9.0,"key":"Bronze Scales"},{"floor":14.0,"key":"Pen Nib"},{"floor":26,"key":"Boot"}],"event_choices":[{"damage_healed":0.0,"max_hp_gain":0.0,"max_hp_loss":0.0,"gold_gain":0.0,"event_name":"Shining Light","player_choice":"Entered Light","floor":3.0,"gold_loss":0.0,"damage_taken":16.0,"cards_upgraded":["Defend_R","Defend_R"]},{"damage_healed":0.0,"max_hp_gain":0.0,"max_hp_loss":0.0,"gold_gain":0.0,"event_name":"Upgrade Shrine","player_choice":"Upgraded","floor":5.0,"gold_loss":0.0,"damage_taken":0.0,"cards_upgraded":["Bash"]}],"is_beta":false,"boss_relics":[{"not_picked":["Snecko Eye","Ectoplasm"],"picked":"Empty Cage"}],"items_purged_floors":[2,13,19,29],"is_endless":false,"potions_floor_spawned":[4,7,18,20,22,24,28],"killed_by":"Automaton","ascension_level":0}