{"gold_per_floor":[111,129,18,33,208,208,239,253,253,253,253,265,265,275,275,372,372,382,393,393],"floor_reached":20,"playtime":793,"items_purged":["Strike_R"],"score":220,"play_id":"e56e7e30-6671-47ef-93ac-bc87b1a93d9e","local_time":"20181001221059","is_ascension_mode":true,"campfire_choices":[{"data":"Anger","floor":6,"key":"SMITH"},{"data":"Armaments","floor":10,"key":"SMITH"},{"data":"Heavy Blade","floor":13,"key":"SMITH"},{"floor":15,"key":"REST"}],"neow_cost":"","seed_source_timestamp":258174957922940,"circlet_count":0,"master_deck":["Strike_R","Strike_R","Defend_R","Defend_R","Bash","Anger+1","Sword Boomerang","Pummel","Cleave","Doubt","Armaments+1","Whirlwind","Heavy Blade+1","Limit Break","Armaments+1","Double Tap+1","Exhume+1"],"relics":["Burning Blood","Strawberry","Bottled Lightning","Astrolabe"],"potions_floor_usage":[7,14,16],"damage_taken":[{"damage":20,"enemies":"Jaw Worm","floor":1,"turns":5},{"damage":0,"enemies":"Small Slimes","floor":2,"turns":3},{"damage":1,"enemies":"2 Louse","floor":4,"turns":2},{"damage":32,"enemies":"Gremlin Nob","floor":7,"turns":4},{"damage":13,"enemies":"Exordium Wildlife","floor":8,"turns":5},{"damage":9,"enemies":"2 Fungi Beasts","floor":12,"turns":3},{"damage":19,"enemies":"Blue Slaver","floor":14,"turns":4},{"damage":62,"enemies":"Slime Boss","floor":16,"turns":11},{"damage":30,"enemies":"Spheric Guardian","floor":18,"turns":4},{"damage":38,"enemies":"Chosen","floor":19,"turns":6},{"damage":13,"enemies":"Snake Plant","floor":20,"turns":2}],"seed_played":"7943906797803728031","potions_obtained":[{"floor":4,"key":"BloodPotion"},{"floor":7,"key":"Swift Potion"},{"floor":14,"key":"Swift Potion"},{"floor":18,"key":"SpeedPotion"}],"is_trial":false,"path_per_floor":["M","M","$","M","?","R","E","M","T","R","?","M","R","M","R","B",null,"M","M"],"character_chosen":"IRONCLAD","items_purchased":["Pummel"],"campfire_rested":1,"item_purchase_floors":[3],"current_hp_per_floor":[66,72,72,77,77,77,66,59,59,59,59,56,56,43,69,13,69,45,13,0],"gold":393,"neow_bonus":"","is_prod":false,"is_daily":false,"chose_seed":false,"campfire_upgraded":3,"win_rate":0,"timestamp":1538446259,"path_taken":["M","M","$","M","?","R","E","M","T","R","?","M","R","?","R","BOSS","M","M","M"],"build_version":"2018-09-27","purchased_purges":1,"victory":false,"max_hp_per_floor":[80,80,80,80,80,80,87,87,87,87,87,87,87,87,87,87,87,87,87,87],"card_choices":[{"not_picked":["True Grit","Carnage"],"picked":"Anger","floor":1},{"not_picked":["Clothesline","Bloodletting"],"picked":"Sword Boomerang","floor":2},{"not_picked":["Headbutt","Bloodletting"],"picked":"Cleave","floor":4},{"not_picked":["Iron Wave","Blood for Blood"],"picked":"Armaments","floor":7},{"not_picked":["Headbutt","Warcry","True Grit"],"picked":"SKIP","floor":8},{"not_picked":["Sword Boomerang","True Grit"],"picked":"Heavy Blade","floor":12},{"not_picked":["Flame Barrier","Sentinel","Intimidate"],"picked":"SKIP","floor":14},{"not_picked":["Immolate","Reaper"],"picked":"Limit Break","floor":16},{"not_picked":["Armaments+1","Disarm","Twin Strike+1"],"picked":"SKIP","floor":18},{"not_picked":["Havoc","Clothesline","Fire Breathing"],"picked":"SKIP","floor":19}],"player_experience":1195804,"relics_obtained":[{"floor":7,"key":"Strawberry"},{"floor":9,"key":"Bottled Lightning"}],"event_choices":[{"event_name":"Liars Game","player_choice":"agreed","floor":5,"damage_taken":0},{"event_name":"Living Wall","player_choice":"Change","floor":11,"damage_taken":0}],"is_beta":false,"boss_relics":[{"not_picked":["Lizard Tail","Orrery"],"picked":"Astrolabe"}],"items_purged_floors":[3],"is_endless":false,"potions_floor_spawned":[4,7,14,18],"killed_by":"Snake Plant","ascension_level":5}