{"gold_per_floor":[109,123,123,138,24,53,68,83,108,122,122,122,136,136,136,241,241,251,2,12,24,41,41,56,75,75,75,108,108],"floor_reached":29,"playtime":2414,"items_purged":["Strike_G"],"score":427,"play_id":"78d4943c-051e-4d2d-9f2a-986ea8668829","local_time":"20180626195904","is_ascension_mode":true,"campfire_choices":[{"data":"Cloak And Dagger","floor":12,"key":"SMITH"},{"data":"Cloak And Dagger","floor":15,"key":"SMITH"},{"data":"Burst","floor":23,"key":"SMITH"},{"data":"Cloak And Dagger","floor":27,"key":"SMITH"}],"neow_cost":"NONE","seed_source_timestamp":856829999930221,"circlet_count":0,"master_deck":["Defend_G","Defend_G","Defend_G","Defend_G","Strike_G","Strike_G","Strike_G","Strike_G","Survivor","Neutralize","AscendersBane","Underhanded Strike","Cloak And Dagger+1","Dagger Throw","Leg Sweep","Acrobatics","Cloak And Dagger","Cloak And Dagger+1","Cloak And Dagger+1","Burst+1","Footwork","Footwork","Envenom"],"relics":["Philosopher\u0027s Stone","Omamori","Anchor","Black Star","Kunai","Oddly Smooth Stone","Pen Nib","Bag of Preparation"],"potions_floor_usage":[6,16,18,22,24,28,28],"damage_taken":[{"damage":4,"enemies":"Small Slimes","floor":1,"turns":5},{"damage":0,"enemies":"Jaw Worm","floor":2,"turns":5},{"damage":0,"enemies":"Cultist","floor":4,"turns":5},{"damage":8,"enemies":"Lagavulin","floor":6,"turns":10},{"damage":19,"enemies":"Lots of Slimes","floor":7,"turns":6},{"damage":0,"enemies":"Red Slaver","floor":8,"turns":3},{"damage":0,"enemies":"Looter","floor":10,"turns":2},{"damage":0,"enemies":"Blue Slaver","floor":13,"turns":3},{"damage":12,"enemies":"The Guardian","floor":16,"turns":13},{"damage":0,"enemies":"3 Byrds","floor":18,"turns":8},{"damage":9,"enemies":"Spheric Guardian","floor":20,"turns":4},{"damage":41,"enemies":"3 Cultists","floor":21,"turns":9},{"damage":0,"enemies":"Centurion and Healer","floor":22,"turns":15},{"damage":9,"enemies":"Slaver and Parasite","floor":24,"turns":12},{"damage":0,"enemies":"Snecko","floor":25,"turns":7},{"damage":11,"enemies":"Slavers","floor":28,"turns":10},{"damage":13,"enemies":"Sentry and Sphere","floor":29,"turns":5}],"seed_played":"-2262691144428345487","potions_obtained":[{"floor":1,"key":"SpeedPotion"},{"floor":6,"key":"FearPotion"},{"floor":10,"key":"Strength Potion"},{"floor":16,"key":"Swift Potion"},{"floor":22,"key":"Regen Potion"},{"floor":24,"key":"FearPotion"},{"floor":25,"key":"Fruit Juice"}],"is_trial":false,"path_per_floor":["M","M","?","M","$","E","M","M","T","M","?","R","M","?","R","B",null,"M","$","M","M","M","R","M","M","T","R","E"],"character_chosen":"THE_SILENT","items_purchased":["Leg Sweep","Kunai"],"campfire_rested":0,"item_purchase_floors":[5,19],"current_hp_per_floor":[59,59,64,64,64,56,37,37,37,37,37,37,37,37,37,25,63,63,63,54,13,13,13,19,19,19,19,13,0],"gold":108,"neow_bonus":"BOSS_RELIC","is_prod":false,"is_daily":false,"chose_seed":false,"campfire_upgraded":4,"win_rate":0,"timestamp":1530035944,"path_taken":["M","M","?","?","$","E","M","?","T","?","?","R","?","?","R","BOSS","M","$","?","M","M","R","M","M","T","R","E","M"],"build_version":"2018-06-21v2","purchased_purges":1,"victory":false,"max_hp_per_floor":[70,70,75,75,75,75,75,75,75,75,75,75,75,75,75,75,75,75,75,75,75,75,75,75,75,75,75,80,80],"card_choices":[{"not_picked":["Skewer","Expertise"],"picked":"Underhanded Strike","floor":1},{"not_picked":["Bane","Finisher"],"picked":"Cloak And Dagger","floor":2},{"not_picked":["PiercingWail","Caltrops"],"picked":"Dagger Throw","floor":4},{"not_picked":["Sucker Punch","Dodge and Roll"],"picked":"Acrobatics","floor":6},{"not_picked":["Concentrate","Bouncing Flask"],"picked":"Cloak And Dagger","floor":7},{"not_picked":["Deflect","Bane","Flying Knee"],"picked":"SKIP","floor":8},{"not_picked":["Die Die Die","Deflect"],"picked":"Cloak And Dagger","floor":10},{"not_picked":["Outmaneuver","Distraction"],"picked":"Cloak And Dagger","floor":13},{"not_picked":["Night Terror","Glass Knife"],"picked":"Burst","floor":16},{"not_picked":["Prepared","Dagger Spray","Flying Knee"],"picked":"SKIP","floor":18},{"not_picked":["Dodge and Roll","PiercingWail","Blade Dance"],"picked":"SKIP","floor":20},{"not_picked":["PiercingWail+1","Dagger Throw+1"],"picked":"Footwork","floor":21},{"not_picked":["Quick Slash","Cloak And Dagger","Dodge and Roll"],"picked":"SKIP","floor":22},{"not_picked":["Outmaneuver","Poisoned Stab","Sucker Punch"],"picked":"SKIP","floor":24},{"not_picked":["Deadly Poison","Dagger Throw"],"picked":"Footwork","floor":25},{"not_picked":["Deflect","Acrobatics"],"picked":"Envenom","floor":28}],"player_experience":357403,"relics_obtained":[{"floor":6,"key":"Omamori"},{"floor":9,"key":"Anchor"},{"floor":26,"key":"Oddly Smooth Stone"},{"floor":28,"key":"Pen Nib"},{"floor":28,"key":"Bag of Preparation"}],"event_choices":[{"event_name":"Big Fish","player_choice":"Donut","floor":3,"damage_taken":0},{"event_name":"Wheel of Change","player_choice":"Curse","floor":11,"damage_taken":0},{"event_name":"Living Wall","player_choice":"Forget","floor":14,"damage_taken":0}],"boss_relics":[{"not_picked":["Tiny House","Lizard Tail"],"picked":"Black Star"}],"items_purged_floors":[5],"is_endless":false,"potions_floor_spawned":[1,6,10,16,22,24,25],"killed_by":"Sentry and Sphere","ascension_level":12}