{"gold_per_floor":[15,15,90,107,107,107,32,47,92,109,141,141,0,11,11,87,87,101,118,136,165,165,165,184,200,200,212,55,69,79,79],"floor_reached":31,"playtime":1442,"items_purged":["Strike_R"],"score":532,"play_id":"0966f175-0b29-4be0-8ef1-c8431534fd6c","local_time":"20190508145942","is_ascension_mode":true,"campfire_choices":[{"data":"Whirlwind","floor":6.0,"key":"SMITH"},{"floor":15.0,"key":"REST"},{"floor":23.0,"key":"REST"}],"neow_cost":"NO_GOLD","seed_source_timestamp":1110271915854583,"circlet_count":0,"master_deck":["AscendersBane","Strike_R+1","Strike_R+1","Defend_R","Defend_R","Bash","Feed","Whirlwind+1","Pommel Strike","Metallicize","Clash","Metallicize","Double Tap","Hemokinesis+1","Iron Wave+1","Hemokinesis+1","Body Slam+1","Dual Wield","Shrug It Off","J.A.X.","Shrug It Off","Headbutt","Barricade","Battle Trance"],"special_seed":0,"relics":["Burning Blood","Oddly Smooth Stone","Matryoshka","Astrolabe","Red Mask","MawBank","Letter Opener"],"potions_floor_usage":[],"damage_taken":[{"damage":12.0,"enemies":"Cultist","floor":1.0,"turns":4.0},{"damage":6.0,"enemies":"Jaw Worm","floor":4.0,"turns":4.0},{"damage":8.0,"enemies":"Small Slimes","floor":8.0,"turns":3.0},{"damage":16.0,"enemies":"Blue Slaver","floor":10.0,"turns":4.0},{"damage":34.0,"enemies":"3 Sentries","floor":11.0,"turns":6.0},{"damage":15.0,"enemies":"Large Slime","floor":14.0,"turns":5.0},{"damage":30.0,"enemies":"The Guardian","floor":16.0,"turns":13.0},{"damage":9.0,"enemies":"Chosen","floor":18.0,"turns":5.0},{"damage":15.0,"enemies":"2 Thieves","floor":19.0,"turns":2.0},{"damage":29.0,"enemies":"Cultist and Chosen","floor":20.0,"turns":5.0},{"damage":21.0,"enemies":"Masked Bandits","floor":21.0,"turns":4.0},{"damage":30.0,"enemies":"Snecko","floor":24.0,"turns":5.0},{"damage":17.0,"enemies":"Snake Plant","floor":25.0,"turns":4.0},{"damage":0.0,"enemies":"3 Cultists","floor":27.0,"turns":1.0},{"damage":14.0,"enemies":"Snecko","floor":29.0,"turns":4.0},{"damage":21.0,"enemies":"Snake Plant","floor":30.0,"turns":3.0},{"damage":20,"enemies":"Centurion and Healer","floor":31,"turns":3}],"seed_played":"-7287081511731971968","potions_obtained":[{"floor":4.0,"key":"SkillPotion"},{"floor":11.0,"key":"Poison Potion"},{"floor":16.0,"key":"Fire Potion"},{"floor":18.0,"key":"Energy Potion"},{"floor":24.0,"key":"Block Potion"},{"floor":25.0,"key":"SmokeBomb"}],"is_trial":false,"path_per_floor":["M","?","?","M","?","R","$","M","T","M","E","?","$","M","R","B",null,"M","M","M","?","?","R","M","M","T","M","$","M","M","M"],"character_chosen":"IRONCLAD","items_purchased":["Metallicize","Clash","Barricade","Battle Trance"],"campfire_rested":2,"item_purchase_floors":[13,13,28,28],"current_hp_per_floor":[65,42,31,34,39,39,39,40,40,33,11,16,16,10,40,19,83,80,71,51,39,39,72,48,37,37,43,43,35,20,0],"gold":79,"neow_bonus":"TRANSFORM_TWO_CARDS","is_prod":false,"is_daily":false,"chose_seed":false,"campfire_upgraded":1,"win_rate":0,"timestamp":1557336582,"path_taken":["M","?","?","M","?","R","?","M","T","M","E","?","$","M","R","BOSS","M","?","?","?","?","R","M","M","T","M","$","M","M","M"],"build_version":"2019-01-23","purchased_purges":1,"victory":false,"max_hp_per_floor":[78,78,78,81,86,86,86,89,89,92,98,98,98,101,101,104,104,104,104,107,110,110,110,110,110,110,110,110,110,110,110],"card_choices":[{"not_picked":["Body Slam","Entrench"],"picked":"Whirlwind","floor":1.0},{"not_picked":["Bloodletting","Clothesline"],"picked":"Warcry","floor":4.0},{"not_picked":["Seeing Red","Anger"],"picked":"Pommel Strike","floor":8.0},{"not_picked":["Sword Boomerang","Twin Strike","Clothesline"],"picked":"SKIP","floor":10.0},{"not_picked":["Perfected Strike","Clothesline","Cleave"],"picked":"SKIP","floor":11.0},{"not_picked":["Body Slam","Entrench"],"picked":"Metallicize","floor":14.0},{"not_picked":["Dark Embrace","Exhume"],"picked":"Double Tap","floor":16.0},{"not_picked":["Perfected Strike","Clothesline","Body Slam"],"picked":"SKIP","floor":18.0},{"not_picked":["Armaments","Pommel Strike"],"picked":"Body Slam+1","floor":19.0},{"not_picked":["Thunderclap","Shockwave"],"picked":"Dual Wield","floor":20.0},{"not_picked":["Heavy Blade","Body Slam"],"picked":"Shrug It Off","floor":21.0},{"not_picked":["Pummel+1","Havoc"],"picked":"Shrug It Off","floor":24.0},{"not_picked":["Perfected Strike+1","Thunderclap"],"picked":"Headbutt","floor":25.0},{"not_picked":["Twin Strike","Brutality","Disarm"],"picked":"SKIP","floor":29.0},{"not_picked":["Body Slam","Bloodletting","Sword Boomerang"],"picked":"SKIP","floor":30.0}],"player_experience":1185762,"relics_obtained":[{"floor":9.0,"key":"Oddly Smooth Stone"},{"floor":11.0,"key":"Matryoshka"},{"floor":21.0,"key":"Red Mask"},{"floor":26.0,"key":"MawBank"},{"floor":26.0,"key":"Letter Opener"}],"event_choices":[{"damage_healed":0.0,"max_hp_gain":0.0,"max_hp_loss":0.0,"gold_gain":0.0,"event_name":"Shining Light","player_choice":"Entered Light","floor":2.0,"gold_loss":0.0,"damage_taken":23.0,"cards_upgraded":["Strike_R","Strike_R"]},{"damage_healed":0.0,"max_hp_gain":0.0,"max_hp_loss":0.0,"gold_gain":75.0,"event_name":"World of Goop","player_choice":"Gather Gold","floor":3.0,"gold_loss":0.0,"damage_taken":11.0},{"damage_healed":0.0,"max_hp_gain":5.0,"max_hp_loss":0.0,"gold_gain":0.0,"event_name":"Big Fish","player_choice":"Donut","floor":5.0,"gold_loss":0.0,"damage_taken":0.0},{"cards_removed":["Sword Boomerang"],"damage_healed":5.0,"max_hp_gain":0.0,"max_hp_loss":0.0,"gold_gain":0.0,"event_name":"Bonfire Elementals","player_choice":"Offered Common","floor":12.0,"gold_loss":0.0,"damage_taken":0.0},{"cards_removed":["Sword Boomerang"],"damage_healed":5.0,"max_hp_gain":0.0,"max_hp_loss":0.0,"gold_gain":0.0,"event_name":"Bonfire Elementals","player_choice":"Offered Special","floor":12.0,"gold_loss":0.0,"damage_taken":0.0},{"damage_healed":0.0,"max_hp_gain":0.0,"max_hp_loss":0.0,"gold_gain":0.0,"event_name":"Masked Bandits","player_choice":"Fought Bandits","floor":21.0,"gold_loss":0.0,"damage_taken":0.0},{"damage_healed":0.0,"max_hp_gain":0.0,"max_hp_loss":0.0,"gold_gain":0.0,"event_name":"Drug Dealer","player_choice":"Obtain J.A.X.","floor":22.0,"gold_loss":0.0,"damage_taken":0.0,"cards_obtained":["J.A.X."]}],"is_beta":false,"boss_relics":[{"not_picked":["Tiny House","Calling Bell"],"picked":"Astrolabe"}],"items_purged_floors":[7],"is_endless":false,"potions_floor_spawned":[4,11,16,18,24,25],"killed_by":"Centurion and Healer","ascension_level":20}