{"gold_per_floor":[112,123,198,198,148,176,176,176,176,176,195,6,35,35,35,136,136,153,153],"floor_reached":19,"playtime":1354,"items_purged":["Strike_B"],"score":208,"play_id":"fe729f61-8776-42e4-8fd4-cbe5ec7fe969","local_time":"20181206224658","is_ascension_mode":true,"campfire_choices":[{"data":"Zap","floor":7,"key":"SMITH"},{"data":"Dualcast","floor":10,"key":"SMITH"},{"floor":15,"key":"REST"}],"neow_cost":"NONE","seed_source_timestamp":18218221057605,"circlet_count":0,"master_deck":["Strike_B","Defend_B","Defend_B","Defend_B","Defend_B","Zap+1","Dualcast+1","Ball Lightning","Hologram","Glacier","Hologram","Steam","Gash"],"relics":["Cracked Core","NeowsBlessing","Oddly Smooth Stone","Bronze Scales","Meat on the Bone","Tiny Chest","Darkstone Periapt","Snecko Eye"],"potions_floor_usage":[13],"damage_taken":[{"damage":0,"enemies":"Cultist","floor":1,"turns":1},{"damage":0,"enemies":"Small Slimes","floor":2,"turns":1},{"damage":0,"enemies":"3 Sentries","floor":6,"turns":1},{"damage":1,"enemies":"2 Louse","floor":11,"turns":1},{"damage":11,"enemies":"Gremlin Nob","floor":13,"turns":4},{"damage":37,"enemies":"Hexaghost","floor":16,"turns":11},{"damage":6,"enemies":"Shell Parasite","floor":18,"turns":7},{"damage":0,"enemies":"2 Thieves","floor":19,"turns":1}],"seed_played":"-8590492910380998307","potions_obtained":[{"floor":2,"key":"SpeedPotion"},{"floor":11,"key":"Fire Potion"},{"floor":13,"key":"Block Potion"},{"floor":16,"key":"Energy Potion"},{"floor":18,"key":"Dexterity Potion"}],"is_trial":false,"path_per_floor":["M","M","?","?","?","E","R","?","T","R","M","$","E","$","R","B",null,"M","M"],"character_chosen":"DEFECT","items_purchased":["Tiny Chest"],"campfire_rested":1,"item_purchase_floors":[12],"current_hp_per_floor":[75,75,64,57,57,57,57,54,54,54,53,53,42,42,64,39,75,69,69],"gold":153,"neow_bonus":"THREE_ENEMY_KILL","is_prod":false,"is_daily":false,"chose_seed":false,"campfire_upgraded":2,"win_rate":0,"timestamp":1544158018,"path_taken":["M","M","?","?","?","E","R","?","T","R","?","$","E","?","R","BOSS","M","M"],"build_version":"2018-12-06","purchased_purges":1,"victory":false,"max_hp_per_floor":[75,75,75,75,75,75,75,75,75,75,75,75,75,75,75,75,75,75,75],"card_choices":[{"not_picked":["Steam","Compile Driver"],"picked":"Ball Lightning","floor":1},{"not_picked":["Doom and Gloom","Redo"],"picked":"Hologram","floor":2},{"not_picked":["Rebound","Streamline"],"picked":"Glacier","floor":6},{"not_picked":["Go for the Eyes","Undo"],"picked":"Hologram","floor":11},{"not_picked":["Buffer","Fission"],"picked":"Steam","floor":13},{"not_picked":["Sweeping Beam+1","Compile Driver"],"picked":"Gash","floor":18}],"player_experience":90686,"relics_obtained":[{"floor":6,"key":"Oddly Smooth Stone"},{"floor":9,"key":"Meat on the Bone"},{"floor":13,"key":"Darkstone Periapt"}],"event_choices":[{"damage_healed":0,"gold_gain":75,"player_choice":"Gather Gold","damage_taken":11,"max_hp_gain":0,"max_hp_loss":0,"event_name":"World of Goop","floor":3,"gold_loss":0},{"cards_removed":["Strike_B"],"damage_healed":0,"gold_gain":0,"player_choice":"Card Removal","damage_taken":7,"max_hp_gain":0,"max_hp_loss":0,"event_name":"Golden Wing","floor":4,"gold_loss":0},{"cards_removed":["Strike_B"],"damage_healed":0,"gold_gain":0,"player_choice":"Card Removal","damage_taken":0,"max_hp_gain":0,"max_hp_loss":0,"event_name":"The Cleric","floor":5,"gold_loss":50},{"damage_healed":0,"gold_gain":0,"player_choice":"Success","damage_taken":3,"relics_obtained":["Bronze Scales"],"max_hp_gain":0,"max_hp_loss":0,"event_name":"Scrap Ooze","floor":8,"gold_loss":0}],"is_beta":false,"boss_relics":[{"not_picked":["Runic Dome","Ectoplasm"],"picked":"Snecko Eye"}],"items_purged_floors":[12],"is_endless":false,"potions_floor_spawned":[2,11,13,16,18],"killed_by":"2 Thieves","ascension_level":1}