{"gold_per_floor":[14,27,39,59,75,75,102,115,115,133,133,23,49,49,49,153,153,169,529,361,361,374,399,399,196,196,208,242,92,7,21,21,21],"floor_reached":33,"playtime":2071,"items_purged":["Strike_R","Defend_R","Defend_R","Defend_R"],"score":456,"play_id":"4498fc35-8e3e-4c2f-b2cd-fa1368fea6d9","local_time":"20180726213457","is_ascension_mode":true,"campfire_choices":[{"data":"Thunderclap","floor":6,"key":"SMITH"},{"data":"Rage","floor":11,"key":"SMITH"},{"floor":15,"key":"REST"},{"floor":24,"key":"REST"},{"floor":32,"key":"REST"}],"neow_cost":"NO_GOLD","seed_source_timestamp":3454942464885050,"circlet_count":0,"master_deck":["Defend_R+1","Bash","Second Wind","Thunderclap+1","Cleave","Combust","Rage+1","Power Through","Rampage+1","Reaper","Feel No Pain","Bite+1","Bite+1","Bite","Bite","Bite","Warcry","Fire Breathing","Rage+1","Battle Trance+1"],"relics":["Burning Blood","Incense Burner","Mummified Hand","Boot","Paper Frog","Fusion Hammer","Whetstone","Toxic Egg 2","Frozen Egg 2","Self Forming Clay"],"potions_floor_usage":[7,13,16,22,31,33],"damage_taken":[{"damage":9,"enemies":"Cultist","floor":1,"turns":5},{"damage":12,"enemies":"Small Slimes","floor":2,"turns":4},{"damage":2,"enemies":"2 Louse","floor":3,"turns":3},{"damage":6,"enemies":"Exordium Thugs","floor":4,"turns":5},{"damage":4,"enemies":"3 Louse","floor":5,"turns":5},{"damage":17,"enemies":"Gremlin Nob","floor":7,"turns":4},{"damage":12,"enemies":"Lots of Slimes","floor":8,"turns":3},{"damage":11,"enemies":"Blue Slaver","floor":10,"turns":3},{"damage":28,"enemies":"Lagavulin","floor":13,"turns":6},{"damage":32,"enemies":"The Guardian","floor":16,"turns":13},{"damage":3,"enemies":"Chosen","floor":18,"turns":4},{"damage":5,"enemies":"3 Byrds","floor":22,"turns":3},{"damage":47,"enemies":"Gremlin Leader","floor":23,"turns":8},{"damage":47,"enemies":"Sentry and Sphere","floor":27,"turns":8},{"damage":19,"enemies":"Slavers","floor":28,"turns":6},{"damage":25,"enemies":"Snecko","floor":31,"turns":6},{"damage":96,"enemies":"Champ","floor":33,"turns":13}],"seed_played":"1045043841407768589","potions_obtained":[{"floor":2,"key":"Dexterity Potion"},{"floor":4,"key":"Swift Potion"},{"floor":10,"key":"Fruit Juice"},{"floor":16,"key":"Weak Potion"},{"floor":18,"key":"AttackPotion"},{"floor":27,"key":"Ancient Potion"},{"floor":31,"key":"LiquidBronze"}],"is_trial":false,"path_per_floor":["M","M","M","M","M","R","E","M","T","M","R","$","E","?","R","B",null,"M","?","$","?","M","E","R","$","T","M","E","$","?","M","R"],"character_chosen":"IRONCLAD","items_purchased":["Power Through","Feel No Pain","Fire Breathing"],"campfire_rested":3,"item_purchase_floors":[12,20,25],"current_hp_per_floor":[69,63,67,67,69,69,58,52,52,47,47,47,30,13,38,12,67,70,30,30,30,47,40,57,57,57,30,43,43,43,37,54,0],"gold":21,"neow_bonus":"ONE_RARE_RELIC","is_prod":false,"is_daily":false,"chose_seed":false,"campfire_upgraded":2,"win_rate":0,"timestamp":1532633697,"path_taken":["M","M","M","M","M","R","E","M","T","?","R","$","E","?","R","BOSS","M","?","$","?","M","E","R","$","T","?","E","$","?","M","R","BOSS"],"build_version":"2018-07-19v2","purchased_purges":4,"victory":false,"max_hp_per_floor":[80,80,80,80,80,80,80,80,80,80,80,80,85,85,85,85,85,85,85,85,59,59,59,59,59,59,59,59,59,59,59,59,59],"card_choices":[{"not_picked":["Pommel Strike","Wild Strike","Anger"],"picked":"SKIP","floor":1},{"not_picked":["Wild Strike","Warcry"],"picked":"Second Wind","floor":2},{"not_picked":["Inflame","Reckless Charge"],"picked":"Thunderclap","floor":3},{"not_picked":["Pommel Strike","Iron Wave","Sever Soul"],"picked":"SKIP","floor":4},{"not_picked":["Flex","Anger"],"picked":"Cleave","floor":5},{"not_picked":["Second Wind","Reaper"],"picked":"Combust","floor":7},{"not_picked":["Heavy Blade","Body Slam","Pommel Strike"],"picked":"SKIP","floor":8},{"not_picked":["Flex","Iron Wave"],"picked":"Rage","floor":10},{"not_picked":["Perfected Strike","Ghostly Armor"],"picked":"Rampage","floor":13},{"not_picked":["Juggernaut","Bludgeon"],"picked":"Reaper","floor":16},{"not_picked":["Rampage","Iron Wave","Pommel Strike"],"picked":"SKIP","floor":18},{"not_picked":["Ghostly Armor","Body Slam+1","Sentinel+1"],"picked":"SKIP","floor":22},{"not_picked":["Infernal Blade+1","Thunderclap"],"picked":"Warcry","floor":23},{"not_picked":["Body Slam","Infernal Blade+1"],"picked":"Rage+1","floor":27},{"not_picked":["Iron Wave","Carnage"],"picked":"Battle Trance+1","floor":28},{"not_picked":["Iron Wave","Disarm+1","Headbutt"],"picked":"SKIP","floor":31}],"player_experience":376110,"relics_obtained":[{"floor":7,"key":"Mummified Hand"},{"floor":9,"key":"Boot"},{"floor":13,"key":"Paper Frog"},{"floor":23,"key":"Whetstone"},{"floor":26,"key":"Toxic Egg 2"},{"floor":28,"key":"Frozen Egg 2"}],"event_choices":[{"event_name":"Shining Light","player_choice":"Entered Light","floor":14,"damage_taken":0},{"event_name":"Knowing Skull","player_choice":"GOLD GOLD GOLD GOLD ","floor":19,"damage_taken":0},{"event_name":"Vampires","player_choice":"Became a vampire","floor":21,"damage_taken":0},{"event_name":"Addict","player_choice":"Obtained Relic","floor":30,"damage_taken":0}],"is_beta":false,"boss_relics":[{"not_picked":["Black Star","Philosopher\u0027s Stone"],"picked":"Fusion Hammer"}],"items_purged_floors":[12,20,25,29],"is_endless":false,"potions_floor_spawned":[2,4,10,16,18,27,31],"killed_by":"Champ","ascension_level":9}