{"gold_per_floor":[20,39,39,54,70,90,90,109,109,122,134,59,71,30,30,130,130,148,159,159,159,169,169,185,185],"floor_reached":25,"playtime":1070,"items_purged":["Strike_G"],"score":302,"play_id":"9e279006-2c45-49cd-8caa-29d052d21a36","local_time":"20190311215002","is_ascension_mode":true,"campfire_choices":[{"data":"Dagger Spray","floor":7,"key":"SMITH"},{"data":"Cloak And Dagger","floor":15,"key":"SMITH"},{"floor":23,"key":"REST"}],"neow_cost":"NO_GOLD","seed_source_timestamp":761143335625900,"circlet_count":0,"master_deck":["AscendersBane","Defend_G","Defend_G","Defend_G","Strike_G","Strike_G","Survivor","Neutralize","Dagger Spray+1","Outmaneuver","Backstab","Glass Knife","Infinite Blades","Blade Dance","Backflip","Glass Knife","Cloak And Dagger+1","Dash","Phantasmal Killer","Flying Knee+1","Prepared+1","Well Laid Plans"],"relics":["Ring of the Snake","Empty Cage","Nloth\u0027s Gift"],"potions_floor_usage":[16,19,22,22,22],"damage_taken":[{"damage":0,"enemies":"Cultist","floor":1,"turns":5},{"damage":0,"enemies":"Small Slimes","floor":2,"turns":3},{"damage":11,"enemies":"2 Louse","floor":4,"turns":3},{"damage":6,"enemies":"2 Fungi Beasts","floor":5,"turns":3},{"damage":5,"enemies":"Gremlin Gang","floor":6,"turns":5},{"damage":9,"enemies":"Red Slaver","floor":8,"turns":2},{"damage":0,"enemies":"2 Fungi Beasts","floor":10,"turns":2},{"damage":3,"enemies":"Large Slime","floor":11,"turns":5},{"damage":1,"enemies":"Blue Slaver","floor":13,"turns":3},{"damage":10,"enemies":"Hexaghost","floor":16,"turns":9},{"damage":8,"enemies":"Shell Parasite","floor":18,"turns":6},{"damage":0,"enemies":"Spheric Guardian","floor":19,"turns":3},{"damage":31,"enemies":"Centurion and Healer","floor":22,"turns":7},{"damage":14,"enemies":"Chosen and Byrds","floor":24,"turns":5},{"damage":29,"enemies":"Slavers","floor":25,"turns":2}],"seed_played":"5913475128828829925","potions_obtained":[{"floor":2,"key":"Strength Potion"},{"floor":4,"key":"Explosive Potion"},{"floor":8,"key":"Energy Potion"},{"floor":18,"key":"SpeedPotion"},{"floor":19,"key":"EssenceOfSteel"}],"is_trial":false,"path_per_floor":["M","M","$","M","M","M","R","M","T","M","M","$","M","$","R","B",null,"M","M","?","?","M","R","M","E"],"character_chosen":"THE_SILENT","items_purchased":["Dash"],"campfire_rested":1,"item_purchase_floors":[14],"current_hp_per_floor":[63,63,63,52,46,41,41,32,32,32,29,29,28,28,28,18,57,49,49,49,49,18,39,25,0],"gold":185,"neow_bonus":"REMOVE_TWO","is_prod":false,"is_daily":false,"chose_seed":false,"campfire_upgraded":2,"win_rate":0,"timestamp":1552355402,"path_taken":["M","M","$","M","M","M","R","M","T","?","?","$","M","?","R","BOSS","M","M","?","?","?","R","M","E"],"build_version":"2019-01-23","purchased_purges":1,"victory":false,"max_hp_per_floor":[70,70,70,70,70,70,70,70,70,70,70,70,70,70,70,70,70,70,70,70,70,70,70,70,70],"card_choices":[{"not_picked":["Outmaneuver","Quick Slash"],"picked":"Dagger Spray","floor":1},{"not_picked":["Dodge and Roll","Calculated Gamble"],"picked":"Outmaneuver","floor":2},{"not_picked":["Tactician","Underhanded Strike"],"picked":"Backstab","floor":4},{"not_picked":["Catalyst","Sucker Punch"],"picked":"Glass Knife","floor":5},{"not_picked":["Underhanded Strike","Catalyst"],"picked":"Infinite Blades","floor":6},{"not_picked":["Concentrate","Deadly Poison"],"picked":"Blade Dance","floor":8},{"not_picked":["Deflect","Flying Knee"],"picked":"Backflip","floor":10},{"not_picked":["Dagger Spray","Deflect"],"picked":"Glass Knife","floor":11},{"not_picked":["Flying Knee","Dodge and Roll"],"picked":"Cloak And Dagger","floor":13},{"not_picked":["Night Terror","Burst"],"picked":"Phantasmal Killer","floor":16},{"not_picked":["Dagger Spray","Underhanded Strike"],"picked":"Flying Knee+1","floor":18},{"not_picked":["Sucker Punch","Flechettes+1"],"picked":"Prepared+1","floor":19},{"not_picked":["Flying Knee","Acrobatics+1"],"picked":"Well Laid Plans","floor":22},{"not_picked":["Dagger Spray","Deadly Poison","Poisoned Stab+1"],"picked":"SKIP","floor":24}],"player_experience":2386117,"relics_obtained":[{"floor":9,"key":"Art of War"}],"event_choices":[{"damage_healed":0,"gold_gain":0,"player_choice":"Ignored","damage_taken":0,"max_hp_gain":0,"max_hp_loss":0,"event_name":"Ghosts","floor":20,"gold_loss":0},{"damage_healed":0,"gold_gain":0,"player_choice":"Traded Relic","damage_taken":0,"relics_obtained":["Nloth\u0027s Gift"],"max_hp_gain":0,"max_hp_loss":0,"event_name":"N\u0027loth","floor":21,"relics_lost":["Art of War"],"gold_loss":0}],"is_beta":false,"boss_relics":[{"not_picked":["Orrery","Pandora\u0027s Box"],"picked":"Empty Cage"}],"items_purged_floors":[12],"is_endless":false,"potions_floor_spawned":[2,4,8,10,13,18,19],"killed_by":"Slavers","ascension_level":10}