{"gold_per_floor":[116,3,15,15,27,27,102,102,175,201,213,232,232,257,257,358,358,378,378,396,414,339,339,356,356,411,411],"floor_reached":27,"playtime":1735,"items_purged":["Regret"],"score":281,"play_id":"ab7eefbb-df1c-4595-b8f3-a00dc18dd4a7","local_time":"20180922225610","is_ascension_mode":true,"campfire_choices":[{"data":"Crippling Poison","floor":6,"key":"SMITH"},{"data":"Neutralize","floor":8,"key":"SMITH"},{"floor":13,"key":"REST"},{"floor":15,"key":"REST"},{"data":"Concentrate","floor":23,"key":"SMITH"}],"neow_cost":"CURSE","seed_source_timestamp":136304496887384,"circlet_count":0,"master_deck":["Survivor","Neutralize+1","Terror","Crippling Poison+1","Bane","Skewer","Riddle With Holes","Prepared","Deflect","Dagger Spray","Corpse Explosion+1","Phantasmal Killer","Deadly Poison","Acrobatics","PiercingWail","Dagger Throw","Concentrate+1","Quick Slash","Deflect","Caltrops","Bite","Bite","Bite","Bite","Bite","Backflip","Deflect","Bouncing Flask+1"],"relics":["Ring of the Snake","Blue Candle","Ancient Tea Set","Torii","Pandora\u0027s Box","War Paint"],"potions_floor_usage":[10,12,16,16,20,27],"damage_taken":[{"damage":14,"enemies":"Jaw Worm","floor":1,"turns":6},{"damage":0,"enemies":"Cultist","floor":3,"turns":5},{"damage":0,"enemies":"2 Louse","floor":5,"turns":3},{"damage":5,"enemies":"Lagavulin","floor":10,"turns":6},{"damage":12,"enemies":"Large Slime","floor":11,"turns":6},{"damage":7,"enemies":"Exordium Wildlife","floor":12,"turns":5},{"damage":32,"enemies":"3 Sentries","floor":14,"turns":9},{"damage":52,"enemies":"Slime Boss","floor":16,"turns":14},{"damage":29,"enemies":"Spheric Guardian","floor":18,"turns":6},{"damage":1,"enemies":"3 Byrds","floor":20,"turns":2},{"damage":21,"enemies":"Snecko","floor":21,"turns":4},{"damage":25,"enemies":"Snake Plant","floor":24,"turns":3},{"damage":27,"enemies":"Centurion and Healer","floor":27,"turns":4}],"seed_played":"-2362986382871270728","potions_obtained":[{"floor":1,"key":"EssenceOfSteel"},{"floor":3,"key":"EssenceOfSteel"},{"floor":12,"key":"GhostInAJar"},{"floor":14,"key":"LiquidBronze"},{"floor":16,"key":"LiquidBronze"},{"floor":21,"key":"Dexterity Potion"}],"is_trial":false,"path_per_floor":["M","$","M","?","M","R","?","R","T","E","M","M","R","E","R","B",null,"M","?","M","M","?","R","M","?","T"],"character_chosen":"THE_SILENT","items_purchased":["Crippling Poison"],"campfire_rested":2,"item_purchase_floors":[2],"current_hp_per_floor":[70,70,70,70,70,70,59,59,59,54,42,35,60,28,53,1,84,55,55,54,39,39,39,18,18,18,0],"gold":411,"neow_bonus":"TWENTY_PERCENT_HP_BONUS","is_prod":false,"is_daily":false,"chose_seed":false,"campfire_upgraded":3,"win_rate":0,"timestamp":1537671370,"path_taken":["M","$","M","?","M","R","?","R","T","E","M","M","R","E","R","BOSS","M","?","M","?","?","R","M","?","T","M"],"build_version":"2018-09-20","purchased_purges":1,"victory":false,"max_hp_per_floor":[84,84,84,84,84,84,84,84,84,84,84,84,84,84,84,84,84,84,58,58,58,58,58,58,58,58,58],"card_choices":[{"not_picked":["Deflect","Dodge and Roll"],"picked":"Terror","floor":1},{"not_picked":["Escape Plan","Leg Sweep"],"picked":"Bane","floor":3},{"not_picked":["Underhanded Strike","PiercingWail"],"picked":"Riddle With Holes","floor":5},{"not_picked":["Quick Slash","Acrobatics"],"picked":"Prepared","floor":10},{"not_picked":["Endless Agony","Expertise"],"picked":"Deflect","floor":11},{"not_picked":["All Out Attack","Poisoned Stab"],"picked":"Dagger Spray","floor":12},{"not_picked":["Noxious Fumes","Sucker Punch"],"picked":"Corpse Explosion","floor":14},{"not_picked":["Tools of the Trade","Grand Finale"],"picked":"Phantasmal Killer","floor":16},{"not_picked":["Dagger Throw","Flechettes","Quick Slash"],"picked":"SKIP","floor":18},{"not_picked":["Poisoned Stab","Underhanded Strike+1"],"picked":"Backflip","floor":20},{"not_picked":["Sucker Punch","Slice+1"],"picked":"Deflect","floor":21},{"not_picked":["Calculated Gamble+1","Sucker Punch+1"],"picked":"Bouncing Flask","floor":24}],"player_experience":880115,"relics_obtained":[{"floor":9,"key":"Blue Candle"},{"floor":10,"key":"Ancient Tea Set"},{"floor":14,"key":"Torii"},{"floor":26,"key":"War Paint"}],"event_choices":[{"event_name":"Transmorgrifier","player_choice":"Transform","floor":4,"damage_taken":0},{"event_name":"World of Goop","player_choice":"Gather Gold","floor":7,"damage_taken":0},{"event_name":"Vampires","player_choice":"Became a vampire","floor":19,"damage_taken":0},{"event_name":"Beggar","player_choice":"Gave Gold","floor":22,"damage_taken":0},{"event_name":"Ghosts","player_choice":"Ignored","floor":25,"damage_taken":0}],"is_beta":false,"boss_relics":[{"not_picked":["WristBlade","Eternal Feather"],"picked":"Pandora\u0027s Box"}],"items_purged_floors":[2],"is_endless":false,"potions_floor_spawned":[1,3,12,14,16,21],"killed_by":"Centurion and Healer","ascension_level":3}