{"gold_per_floor":[119,136,136,154,6,20,20,20,20,20,33,33,53,53,53,53],"floor_reached":16,"playtime":644,"items_purged":[],"score":138,"play_id":"5cf57207-83f8-4010-ab52-a1d21cb03b23","local_time":"20180803132611","is_ascension_mode":true,"campfire_choices":[{"data":"Corruption","floor":8,"key":"SMITH"},{"data":"Dark Embrace","floor":10,"key":"SMITH"},{"data":"Thunderclap","floor":15,"key":"SMITH"}],"neow_cost":"NONE","seed_source_timestamp":4118232945125100,"circlet_count":0,"master_deck":["Strike_R","Strike_R","Strike_R","Defend_R","Defend_R","Defend_R","Bash","AscendersBane","Corruption+1","Thunderclap+1","Dark Embrace+1","Rampage+1","Seeing Red","Ghostly Armor"],"relics":["Burning Blood","Molten Egg 2"],"potions_floor_usage":[6,6,13,16,16],"damage_taken":[{"damage":8,"enemies":"Jaw Worm","floor":1,"turns":4},{"damage":1,"enemies":"Cultist","floor":2,"turns":3},{"damage":8,"enemies":"2 Louse","floor":4,"turns":4},{"damage":31,"enemies":"Exordium Thugs","floor":6,"turns":7},{"damage":21,"enemies":"Blue Slaver","floor":11,"turns":4},{"damage":1,"enemies":"Red Slaver","floor":13,"turns":4},{"damage":47,"enemies":"The Guardian","floor":16,"turns":7}],"seed_played":"-7870228856395376400","potions_obtained":[{"floor":1,"key":"Block Potion"},{"floor":4,"key":"EntropicBrew"},{"floor":11,"key":"SkillPotion"}],"is_trial":false,"path_per_floor":["M","M","?","M","$","M","$","R","T","R","M","?","M","?","R"],"character_chosen":"IRONCLAD","items_purchased":["Dark Embrace"],"campfire_rested":0,"item_purchase_floors":[5],"current_hp_per_floor":[70,75,75,73,73,48,48,48,48,48,33,33,38,38,38,0],"gold":53,"neow_bonus":"TRANSFORM_CARD","is_prod":false,"is_daily":false,"chose_seed":false,"campfire_upgraded":3,"win_rate":0,"timestamp":1533295571,"path_taken":["M","M","?","M","$","M","?","R","T","R","M","?","M","?","R","BOSS"],"build_version":"2018-08-02","purchased_purges":0,"victory":false,"max_hp_per_floor":[80,80,80,80,80,80,80,80,80,80,80,80,80,80,80,80],"card_choices":[{"not_picked":["Second Wind","Reckless Charge","Searing Blow"],"picked":"SKIP","floor":1},{"not_picked":["Warcry","Sword Boomerang"],"picked":"Thunderclap","floor":2},{"not_picked":["Burning Pact","Spot Weakness","Thunderclap"],"picked":"SKIP","floor":4},{"not_picked":["Anger","Headbutt","Heavy Blade"],"picked":"SKIP","floor":6},{"not_picked":["Seeing Red","Rage"],"picked":"Rampage+1","floor":11},{"not_picked":["Thunderclap+1","Reckless Charge+1"],"picked":"Seeing Red","floor":13}],"player_experience":436679,"relics_obtained":[{"floor":9,"key":"Molten Egg 2"}],"event_choices":[{"event_name":"The Woman in Blue","player_choice":"Bought 0 Potions","floor":3,"damage_taken":0},{"event_name":"Purifier","player_choice":"One Purge","floor":12,"damage_taken":0},{"event_name":"Transmorgrifier","player_choice":"Transform","floor":14,"damage_taken":0}],"is_beta":false,"boss_relics":[],"items_purged_floors":[],"is_endless":false,"potions_floor_spawned":[1,4,11],"killed_by":"The Guardian","ascension_level":10}