{"gold_per_floor":[115,128,91,91,91,91,121,135,135,135,153,153,187,362,362,439,439,449,449],"floor_reached":19,"playtime":698,"items_purged":[],"score":340,"play_id":"2c0dce27-1643-47e5-9f3e-0ab9e3343cbf","local_time":"20190413070628","is_ascension_mode":true,"campfire_choices":[{"data":"Dualcast","floor":6,"key":"SMITH"},{"data":"Zap","floor":10,"key":"SMITH"},{"data":"Conserve Battery","floor":12,"key":"SMITH"},{"data":"FTL","floor":15,"key":"SMITH"}],"neow_cost":"NONE","seed_source_timestamp":0,"circlet_count":0,"master_deck":["AscendersBane","Strike_B","Strike_B","Defend_B","Defend_B","Defend_B","Defend_B","Zap+1","Dualcast+1","Conserve Battery+1","BootSequence","FTL+1","Turbo","Rainbow+1","Melter","Double Energy+1","Stack+1","Doubt","Creative AI","Auto Shields+1"],"special_seed":0,"relics":["Cracked Core","NeowsBlessing","Toxic Egg 2","Question Card","PreservedInsect","Lizard Tail"],"potions_floor_usage":[13,16],"damage_taken":[{"damage":0,"enemies":"2 Louse","floor":1,"turns":1},{"damage":0,"enemies":"Jaw Worm","floor":2,"turns":1},{"damage":0,"enemies":"Gremlin Nob","floor":7,"turns":1},{"damage":1,"enemies":"Cultist","floor":8,"turns":4},{"damage":12,"enemies":"Blue Slaver","floor":11,"turns":4},{"damage":16,"enemies":"3 Sentries","floor":13,"turns":7},{"damage":8,"enemies":"Slime Boss","floor":16,"turns":7},{"damage":21,"enemies":"Spheric Guardian","floor":18,"turns":4},{"damage":80,"enemies":"Masked Bandits","floor":19,"turns":4}],"seed_played":"128125617687727551","potions_obtained":[{"floor":1,"key":"Weak Potion"},{"floor":8,"key":"Strength Potion"},{"floor":13,"key":"GamblersBrew"}],"is_trial":false,"path_per_floor":["M","M","$","?","?","R","E","M","T","R","M","R","E","?","R","B",null,"M","?"],"character_chosen":"DEFECT","items_purchased":["FTL"],"campfire_rested":0,"item_purchase_floors":[3],"current_hp_per_floor":[64,64,64,64,64,64,64,63,63,63,51,51,35,35,35,27,60,39,0],"gold":449,"neow_bonus":"THREE_ENEMY_KILL","is_prod":false,"is_daily":false,"chose_seed":false,"campfire_upgraded":4,"win_rate":0,"timestamp":1555153588,"path_taken":["M","M","$","?","?","R","E","?","T","R","M","R","E","?","R","BOSS","M","?"],"build_version":"2019-01-23","purchased_purges":0,"victory":false,"max_hp_per_floor":[71,71,71,71,71,71,71,71,71,71,71,71,71,71,71,71,71,71,71],"card_choices":[{"not_picked":["Reinforced Body","Leap"],"picked":"Conserve Battery","floor":1},{"not_picked":["Beam Cell","Cold Snap"],"picked":"BootSequence","floor":2},{"not_picked":["Hologram","Cold Snap"],"picked":"Rainbow","floor":7},{"not_picked":["Rip and Tear","Conserve Battery+1"],"picked":"Melter","floor":8},{"not_picked":["Consume+1","Conserve Battery+1","Coolheaded+1"],"picked":"Double Energy+1","floor":11},{"not_picked":["Cold Snap","Double Energy+1","Melter"],"picked":"Stack+1","floor":13},{"not_picked":["Fission+1","Multi-Cast+1","Thunder Strike"],"picked":"Creative AI","floor":16},{"not_picked":["Coolheaded+1","Stack+1","Capacitor"],"picked":"Auto Shields+1","floor":18}],"player_experience":2744037,"relics_obtained":[{"floor":7,"key":"Toxic Egg 2"},{"floor":9,"key":"Question Card"},{"floor":13,"key":"PreservedInsect"}],"event_choices":[{"damage_healed":0,"gold_gain":0,"cards_transformed":["Strike_B"],"player_choice":"Change","damage_taken":0,"max_hp_gain":0,"max_hp_loss":0,"event_name":"Living Wall","floor":4,"gold_loss":0,"cards_obtained":["Turbo"]},{"cards_removed":["Strike_B"],"damage_healed":0,"gold_gain":0,"player_choice":"Purged","damage_taken":0,"max_hp_gain":0,"max_hp_loss":0,"event_name":"Purifier","floor":5,"gold_loss":0},{"damage_healed":0,"gold_gain":175,"player_choice":"AGREE","damage_taken":0,"max_hp_gain":0,"max_hp_loss":0,"event_name":"Liars Game","floor":14,"gold_loss":0,"cards_obtained":["Doubt"]},{"damage_healed":0,"gold_gain":0,"player_choice":"Fought Bandits","damage_taken":0,"max_hp_gain":0,"max_hp_loss":0,"event_name":"Masked Bandits","floor":19,"gold_loss":0}],"is_beta":false,"boss_relics":[{"not_picked":["Cursed Key","Fusion Hammer"],"picked":"Lizard Tail"}],"items_purged_floors":[],"is_endless":false,"potions_floor_spawned":[1,8,13],"killed_by":"Masked Bandits","ascension_level":14}