{"gold_per_floor":[116,126,31,42,53,81,31,50,50,50,62,85,114,141,153,268,280,311,340,368,230,245,245,245],"floor_reached":24,"playtime":1412,"items_purged":[],"score":311,"play_id":"1893fe46-cb72-49a1-aea9-419b76dc357e","local_time":"20181022013115","is_ascension_mode":true,"campfire_choices":[{"floor":11,"key":"REST"},{"data":"Armaments","floor":15,"key":"SMITH"},{"data":"Shockwave","floor":23,"key":"SMITH"}],"neow_cost":"NONE","seed_source_timestamp":0,"circlet_count":0,"master_deck":["Strike_R","Strike_R","Strike_R","Strike_R","Defend_R","Defend_R","Defend_R","Defend_R","Bash","Cleave","Discovery","Flame Barrier","Flex","Exhume","Armaments+1","Shockwave+1","Ghostly Armor","Spot Weakness","Feed","Pummel","Iron Wave+1"],"special_seed":0,"relics":["Burning Blood","Ornamental Fan","Blue Candle","MawBank","Busted Crown","PreservedInsect"],"potions_floor_usage":[24],"damage_taken":[{"damage":8,"enemies":"Jaw Worm","floor":1,"turns":5},{"damage":3,"enemies":"2 Louse","floor":2,"turns":2},{"damage":3,"enemies":"Small Slimes","floor":4,"turns":3},{"damage":1,"enemies":"2 Fungi Beasts","floor":5,"turns":4},{"damage":48,"enemies":"Gremlin Nob","floor":6,"turns":5},{"damage":7,"enemies":"Blue Slaver","floor":8,"turns":4},{"damage":4,"enemies":"3 Louse","floor":12,"turns":4},{"damage":1,"enemies":"Red Slaver","floor":13,"turns":4},{"damage":18,"enemies":"Large Slime","floor":14,"turns":7},{"damage":47,"enemies":"The Guardian","floor":16,"turns":15},{"damage":11,"enemies":"Chosen","floor":18,"turns":5},{"damage":15,"enemies":"3 Byrds","floor":19,"turns":6},{"damage":12,"enemies":"Centurion and Healer","floor":20,"turns":11},{"damage":20,"enemies":"Snecko","floor":22,"turns":6},{"damage":53,"enemies":"Sentry and Sphere","floor":24,"turns":7}],"seed_played":"276054444593604843","potions_obtained":[{"floor":1,"key":"Dexterity Potion"},{"floor":5,"key":"SteroidPotion"},{"floor":12,"key":"GamblersBrew"},{"floor":14,"key":"Swift Potion"}],"is_trial":false,"path_per_floor":["M","M","$","M","M","E","?","M","T","?","R","M","M","M","R","B",null,"M","M","M","$","M","R"],"character_chosen":"IRONCLAD","items_purchased":["Discovery","PreservedInsect"],"campfire_rested":1,"item_purchase_floors":[3,21],"current_hp_per_floor":[78,81,81,84,88,46,46,45,45,27,53,55,60,48,48,7,68,66,61,58,58,47,47,0],"gold":245,"neow_bonus":"TEN_PERCENT_HP_BONUS","is_prod":false,"is_daily":false,"chose_seed":false,"campfire_upgraded":2,"win_rate":0,"timestamp":1540186275,"path_taken":["M","M","$","M","M","E","?","M","T","?","R","M","?","M","R","BOSS","M","M","M","$","M","R","M"],"build_version":"2018-10-18","purchased_purges":0,"victory":false,"max_hp_per_floor":[88,88,88,88,88,88,88,88,88,88,88,88,88,88,88,88,88,91,95,98,98,101,101,101],"card_choices":[{"not_picked":["Intimidate","Perfected Strike"],"picked":"Cleave","floor":1},{"not_picked":["Uppercut","Pummel","Thunderclap"],"picked":"SKIP","floor":2},{"not_picked":["Heavy Blade","Flex"],"picked":"Flame Barrier","floor":4},{"not_picked":["Havoc","Shrug It Off"],"picked":"Flex","floor":5},{"not_picked":["Clothesline","Twin Strike"],"picked":"Exhume","floor":6},{"not_picked":["True Grit","Bloodletting"],"picked":"Armaments","floor":8},{"not_picked":["Clash","Thunderclap"],"picked":"Shockwave","floor":12},{"not_picked":["Carnage","Perfected Strike"],"picked":"Ghostly Armor","floor":13},{"not_picked":["Sword Boomerang","Carnage"],"picked":"Spot Weakness","floor":14},{"not_picked":["Brutality","Exhume"],"picked":"Feed","floor":16},{"not_picked":["Iron Wave"],"picked":"SKIP","floor":18},{"not_picked":[],"picked":"Pummel","floor":19},{"not_picked":["Clothesline+1"],"picked":"SKIP","floor":20},{"not_picked":[],"picked":"Iron Wave+1","floor":22}],"player_experience":1342946,"relics_obtained":[{"floor":6,"key":"Ornamental Fan"},{"floor":9,"key":"Blue Candle"}],"event_choices":[{"cards_removed":["Strike_R"],"damage_healed":0,"gold_gain":0,"player_choice":"Card Removal","damage_taken":0,"max_hp_gain":0,"max_hp_loss":0,"event_name":"The Cleric","floor":7,"gold_loss":50},{"damage_healed":0,"gold_gain":0,"player_choice":"Success","damage_taken":18,"relics_obtained":["MawBank"],"max_hp_gain":0,"max_hp_loss":0,"event_name":"Scrap Ooze","floor":10,"gold_loss":0}],"is_beta":false,"boss_relics":[{"not_picked":["Tiny House","Lizard Tail"],"picked":"Busted Crown"}],"items_purged_floors":[],"is_endless":false,"potions_floor_spawned":[1,5,12,14],"killed_by":"Sentry and Sphere","ascension_level":8}