{"gold_per_floor":[115,21,21,66,66,66,84,84,84,96,26,26,58,58,58,159,159,177,177],"floor_reached":19,"playtime":1918,"items_purged":[],"score":254,"play_id":"2814dbab-e406-4c50-b8e5-5e15504d5051","local_time":"20190128203447","is_ascension_mode":true,"campfire_choices":[{"data":"Consume","floor":6,"key":"SMITH"},{"data":"Chaos","floor":8,"key":"SMITH"},{"data":"Zap","floor":12,"key":"SMITH"},{"data":"Capacitor","floor":15,"key":"SMITH"}],"neow_cost":"CURSE","seed_source_timestamp":963086792569353,"circlet_count":0,"master_deck":["Strike_B","Strike_B","Strike_B","Defend_B","Defend_B","Defend_B","Zap+1","Dualcast+1","Skim","Buffer+1","Consume+1","Bandage Up","Chaos+1","Self Repair","Capacitor+1","Self Repair","Fission","Chaos"],"relics":["Cracked Core","Vajra","Pen Nib","Omamori","Cursed Key"],"potions_floor_usage":[19,19],"damage_taken":[{"damage":5,"enemies":"Small Slimes","floor":1,"turns":3},{"damage":0,"enemies":"Jaw Worm","floor":7,"turns":3},{"damage":12,"enemies":"2 Louse","floor":10,"turns":3},{"damage":0,"enemies":"Lagavulin","floor":13,"turns":5},{"damage":38,"enemies":"Slime Boss","floor":16,"turns":7},{"damage":13,"enemies":"Chosen","floor":18,"turns":7},{"damage":17,"enemies":"Colosseum Slavers","floor":19,"turns":4},{"damage":125,"enemies":"Colosseum Nobs","floor":19,"turns":5}],"seed_played":"-5024268463305109889","potions_obtained":[{"floor":13,"key":"LiquidBronze"},{"floor":16,"key":"Explosive Potion"}],"is_trial":false,"path_per_floor":["M","$","?","T","?","R","M","R","T","M","$","R","E","?","R","B",null,"M","?"],"character_chosen":"DEFECT","items_purchased":["Bandage Up","Capacitor"],"campfire_rested":0,"item_purchase_floors":[2,11],"current_hp_per_floor":[63,63,48,48,48,48,52,52,52,44,44,44,55,55,55,35,65,70,0],"gold":177,"neow_bonus":"TRANSFORM_TWO_CARDS","is_prod":false,"is_daily":false,"chose_seed":false,"campfire_upgraded":4,"win_rate":0,"timestamp":1548725687,"path_taken":["M","$","?","?","?","R","?","R","T","M","$","R","E","?","R","BOSS","M","?"],"build_version":"2019-01-23","purchased_purges":0,"victory":false,"max_hp_per_floor":[75,75,75,75,75,75,75,75,75,75,75,75,75,75,75,75,75,75,75],"card_choices":[{"not_picked":["Gash","Barrage"],"picked":"Consume","floor":1},{"not_picked":["Compile Driver","Steam"],"picked":"Chaos","floor":7},{"not_picked":["Defragment","Conserve Battery"],"picked":"Self Repair","floor":10},{"not_picked":["Cold Snap","Lockon"],"picked":"Self Repair","floor":13},{"not_picked":["Meteor Strike","Multi-Cast"],"picked":"Fission","floor":16},{"not_picked":["Sweeping Beam","Compile Driver"],"picked":"Chaos","floor":18}],"player_experience":514356,"relics_obtained":[{"floor":4,"key":"Vajra"},{"floor":9,"key":"Pen Nib"},{"floor":13,"key":"Omamori"}],"event_choices":[{"damage_healed":0,"gold_gain":0,"player_choice":"Entered Light","damage_taken":15,"max_hp_gain":0,"max_hp_loss":0,"event_name":"Shining Light","floor":3,"gold_loss":0,"cards_upgraded":["Buffer","Dualcast"]},{"cards_removed":["Normality"],"damage_healed":0,"gold_gain":0,"player_choice":"Purged","damage_taken":0,"max_hp_gain":0,"max_hp_loss":0,"event_name":"Purifier","floor":5,"gold_loss":0},{"damage_healed":0,"gold_gain":0,"player_choice":"Ignored","damage_taken":0,"max_hp_gain":0,"max_hp_loss":0,"event_name":"Liars Game","floor":14,"gold_loss":0},{"damage_healed":0,"gold_gain":0,"player_choice":"Fight","damage_taken":0,"max_hp_gain":0,"max_hp_loss":0,"event_name":"Colosseum","floor":19,"gold_loss":0},{"damage_healed":0,"gold_gain":0,"player_choice":"Fought Nobs","damage_taken":0,"max_hp_gain":0,"max_hp_loss":0,"event_name":"Colosseum","floor":19,"gold_loss":0}],"is_beta":false,"boss_relics":[{"not_picked":["Pandora\u0027s Box","FrozenCore"],"picked":"Cursed Key"}],"items_purged_floors":[],"is_endless":false,"potions_floor_spawned":[13,16,19],"killed_by":"Colosseum Nobs","ascension_level":7}