{"gold_per_floor":[110,125,125,135,149,149,174,174,174,174,189,114,163,179,179,279,279,293,193,193,193,211,211,211],"floor_reached":24,"playtime":2337,"items_purged":["Strike_R","Strike_R"],"score":260,"play_id":"dfdc1ebf-f412-4a81-be91-45e666f9d042","local_time":"20180923205835","is_ascension_mode":true,"campfire_choices":[{"floor":6,"key":"REST"},{"data":"Rampage","floor":10,"key":"SMITH"},{"data":"Anger","floor":15,"key":"SMITH"},{"floor":23,"key":"REST"}],"neow_cost":"PERCENT_DAMAGE","seed_source_timestamp":215048820559589,"circlet_count":0,"master_deck":["Strike_R+1","Strike_R","Defend_R","Defend_R","Defend_R+1","Defend_R","Bash","Rampage+1","Fire Breathing","Evolve","Reckless Charge","Infernal Blade","Immolate","Anger+1","Demon Form","Feel No Pain","True Grit"],"relics":["Burning Blood","Omamori","Pantograph","Centennial Puzzle","Mark of Pain"],"potions_floor_usage":[11,14,16,22],"damage_taken":[{"damage":3,"enemies":"2 Louse","floor":1,"turns":3},{"damage":3,"enemies":"Jaw Worm","floor":2,"turns":4},{"damage":3,"enemies":"Small Slimes","floor":4,"turns":3},{"damage":24,"enemies":"Exordium Wildlife","floor":5,"turns":6},{"damage":24,"enemies":"3 Sentries","floor":7,"turns":7},{"damage":0,"enemies":"3 Louse","floor":11,"turns":1},{"damage":8,"enemies":"Exordium Thugs","floor":14,"turns":3},{"damage":39,"enemies":"Slime Boss","floor":16,"turns":8},{"damage":32,"enemies":"3 Byrds","floor":18,"turns":4},{"damage":35,"enemies":"Colosseum Slavers","floor":20,"turns":4},{"damage":30,"enemies":"Shell Parasite","floor":22,"turns":5},{"damage":62,"enemies":"Book of Stabbing","floor":24,"turns":5}],"seed_played":"8946012794247189122","potions_obtained":[{"floor":2,"key":"BloodPotion"},{"floor":5,"key":"Explosive Potion"},{"floor":11,"key":"Weak Potion"},{"floor":14,"key":"Fruit Juice"},{"floor":18,"key":"PowerPotion"}],"is_trial":false,"path_per_floor":["M","M","?","M","M","R","E","?","T","R","M","$","T","M","R","B",null,"M","$","?","?","M","R"],"character_chosen":"IRONCLAD","items_purchased":[],"campfire_rested":2,"item_purchase_floors":[],"current_hp_per_floor":[72,75,56,59,41,69,51,51,51,51,57,57,57,60,60,52,101,75,75,46,46,32,62,0],"gold":211,"neow_bonus":"TWENTY_PERCENT_HP_BONUS","is_prod":false,"is_daily":false,"chose_seed":false,"campfire_upgraded":2,"win_rate":0,"timestamp":1537750715,"path_taken":["M","M","?","M","M","R","E","?","T","R","?","$","?","M","R","BOSS","M","$","?","?","M","R","E"],"build_version":"2018-09-20","purchased_purges":2,"victory":false,"max_hp_per_floor":[96,96,96,96,96,96,96,96,96,96,96,96,96,101,101,101,101,101,101,101,101,101,101,101],"card_choices":[{"not_picked":["Warcry","Sword Boomerang"],"picked":"Rampage","floor":1},{"not_picked":["Battle Trance","Warcry"],"picked":"Fire Breathing","floor":2},{"not_picked":["Body Slam","Shockwave"],"picked":"Evolve","floor":4},{"not_picked":["Thunderclap","Havoc"],"picked":"Reckless Charge","floor":5},{"not_picked":["Corruption","Sword Boomerang"],"picked":"Infernal Blade","floor":7},{"not_picked":["Clothesline","Clash"],"picked":"Immolate","floor":11},{"not_picked":["Shrug It Off","Iron Wave"],"picked":"Anger","floor":14},{"not_picked":["Berserk","Bludgeon"],"picked":"Demon Form","floor":16},{"not_picked":["Infernal Blade","Sentinel"],"picked":"Feel No Pain","floor":18},{"not_picked":["Iron Wave+1","Body Slam+1"],"picked":"True Grit","floor":22}],"player_experience":895199,"relics_obtained":[{"floor":7,"key":"Omamori"},{"floor":9,"key":"Pantograph"},{"floor":13,"key":"Centennial Puzzle"}],"event_choices":[{"event_name":"Shining Light","player_choice":"Entered Light","floor":3,"damage_taken":0},{"event_name":"Dead Adventurer","player_choice":"Searched \u00271\u0027 times","floor":8,"damage_taken":0},{"event_name":"Colosseum","player_choice":"Fight","floor":20,"damage_taken":0},{"event_name":"Colosseum","player_choice":"Fled From Nobs","floor":20,"damage_taken":0},{"event_name":"Bonfire Elementals","player_choice":"BASIC","floor":21,"damage_taken":0}],"is_beta":false,"boss_relics":[{"not_picked":["Ectoplasm","Velvet Choker"],"picked":"Mark of Pain"}],"items_purged_floors":[12,19],"is_endless":false,"potions_floor_spawned":[2,5,11,14,18,20],"killed_by":"Book of Stabbing","ascension_level":4}