{"gold_per_floor":[119,42,42,42,217,217,217,236,236,250,250],"floor_reached":11,"playtime":748,"items_purged":[],"score":85,"play_id":"f1ffbffc-d5ca-48dd-9a13-b4a4916f7671","local_time":"20181021194620","is_ascension_mode":true,"campfire_choices":[{"data":"Barricade","floor":6,"key":"SMITH"}],"neow_cost":"NONE","seed_source_timestamp":203281179131676,"circlet_count":0,"master_deck":["Strike_R","Strike_R","Strike_R","Strike_R","Strike_R","Defend_R","Defend_R","Defend_R","Defend_R","Bash","Barricade+1","Pommel Strike","Feel No Pain","Doubt","Whirlwind","Ghostly Armor"],"relics":["Burning Blood","Self Forming Clay","Girya","Dodecahedron"],"potions_floor_usage":[],"damage_taken":[{"damage":6,"enemies":"Cultist","floor":1,"turns":4},{"damage":14,"enemies":"Small Slimes","floor":8,"turns":5},{"damage":12,"enemies":"Jaw Worm","floor":10,"turns":6},{"damage":75,"enemies":"Gremlin Nob","floor":11,"turns":6}],"seed_played":"4473049730088292620","potions_obtained":[],"is_trial":false,"path_per_floor":["M","$","?","?","?","R","T","M","T","M"],"character_chosen":"IRONCLAD","items_purchased":["Feel No Pain"],"campfire_rested":0,"item_purchase_floors":[2],"current_hp_per_floor":[72,72,60,60,60,60,60,52,52,46,0],"gold":250,"neow_bonus":"ONE_RANDOM_RARE_CARD","is_prod":false,"is_daily":false,"chose_seed":false,"campfire_upgraded":1,"win_rate":0,"timestamp":1540165580,"path_taken":["M","$","?","?","?","R","?","M","T","M","E"],"build_version":"2018-10-18","purchased_purges":0,"victory":false,"max_hp_per_floor":[80,80,80,80,80,80,80,80,80,80,80],"card_choices":[{"not_picked":["Headbutt","Clothesline"],"picked":"Pommel Strike","floor":1},{"not_picked":["Pommel Strike","Clash"],"picked":"Whirlwind","floor":8},{"not_picked":["Pummel","Twin Strike"],"picked":"Ghostly Armor","floor":10}],"player_experience":1342198,"relics_obtained":[{"floor":7,"key":"Girya"},{"floor":9,"key":"Dodecahedron"}],"event_choices":[{"damage_healed":0,"gold_gain":0,"player_choice":"Success","damage_taken":12,"relics_obtained":["Self Forming Clay"],"max_hp_gain":0,"max_hp_loss":0,"event_name":"Scrap Ooze","floor":3,"gold_loss":0},{"damage_healed":0,"gold_gain":0,"player_choice":"Ignored","damage_taken":0,"max_hp_gain":0,"max_hp_loss":0,"event_name":"Golden Idol","floor":4,"gold_loss":0},{"damage_healed":0,"gold_gain":175,"player_choice":"AGREE","damage_taken":0,"max_hp_gain":0,"max_hp_loss":0,"event_name":"Liars Game","floor":5,"gold_loss":0,"cards_obtained":["Doubt"]}],"is_beta":false,"boss_relics":[],"items_purged_floors":[],"is_endless":false,"potions_floor_spawned":[],"killed_by":"Gremlin Nob","ascension_level":8}