{"gold_per_floor":[116,266,83,83,102,130,141,141,164,164,164,180,180,212,212,291,291,301,301,88,88,88,88,88],"floor_reached":24,"playtime":783,"items_purged":["Doubt"],"score":450,"play_id":"5995eae7-0a44-4c3c-b6ce-247b32c7c5b7","local_time":"20190514115423","is_ascension_mode":true,"campfire_choices":[{"data":"Rupture","floor":8.0,"key":"SMITH"},{"data":"Iron Wave","floor":11.0,"key":"SMITH"},{"data":"Pommel Strike","floor":13.0,"key":"SMITH"},{"floor":15.0,"key":"REST"},{"floor":23.0,"key":"REST"}],"neow_cost":"NONE","seed_source_timestamp":1618193476682983,"circlet_count":0,"master_deck":["AscendersBane","Strike_R","Strike_R","Strike_R","Strike_R","Strike_R","Defend_R","Defend_R","Defend_R","Bash","Rupture+1","Good Instincts","Regret","Iron Wave+1","Inflame","Pommel Strike+1","Clothesline","Double Tap","Blood for Blood+1","Cleave","Decay"],"special_seed":0,"relics":["Burning Blood","NeowsBlessing","Vajra","Pen Nib","Regal Pillow","Shuriken","Eternal Feather","Nilry\u0027s Codex","Blood Vial"],"potions_floor_usage":[24,24],"damage_taken":[{"damage":0.0,"enemies":"Cultist","floor":1.0,"turns":1.0},{"damage":0.0,"enemies":"2 Louse","floor":5.0,"turns":1.0},{"damage":0.0,"enemies":"Lagavulin","floor":6.0,"turns":2.0},{"damage":9.0,"enemies":"Small Slimes","floor":7.0,"turns":3.0},{"damage":9.0,"enemies":"Red Slaver","floor":12.0,"turns":3.0},{"damage":31.0,"enemies":"Gremlin Nob","floor":14.0,"turns":4.0},{"damage":37.0,"enemies":"The Guardian","floor":16.0,"turns":11.0},{"damage":30.0,"enemies":"Spheric Guardian","floor":18.0,"turns":4.0},{"damage":74,"enemies":"Slavers","floor":24,"turns":3}],"seed_played":"1142782822505993868","potions_obtained":[{"floor":6.0,"key":"Weak Potion"},{"floor":14.0,"key":"EssenceOfSteel"},{"floor":16.0,"key":"Dexterity Potion"}],"is_trial":false,"path_per_floor":["M","?","$","?","M","E","M","R","T","?","R","M","R","E","R","B",null,"M","?","$","?","?","R","E"],"character_chosen":"IRONCLAD","items_purchased":["Good Instincts","Blood Vial","Cleave"],"campfire_rested":2,"item_purchase_floors":[3,20,20],"current_hp_per_floor":[74,74,74,74,75,75,72,72,72,65,65,62,62,37,74,43,67,43,22,22,22,22,71,0],"gold":88,"neow_bonus":"THREE_ENEMY_KILL","is_prod":false,"is_daily":false,"chose_seed":false,"campfire_upgraded":3,"win_rate":0,"timestamp":1557843863,"path_taken":["M","?","$","?","M","E","M","R","T","?","R","M","R","E","R","BOSS","M","?","$","?","?","R","E"],"build_version":"2019-01-23","purchased_purges":1,"victory":false,"max_hp_per_floor":[75,75,75,75,75,75,75,75,75,75,75,75,75,75,75,75,75,75,75,75,75,75,75,75],"card_choices":[{"not_picked":["Havoc","Pummel"],"picked":"Rupture","floor":1.0},{"not_picked":["Havoc","Thunderclap"],"picked":"Iron Wave","floor":5.0},{"not_picked":["Sever Soul","Armaments"],"picked":"Inflame","floor":6.0},{"not_picked":["Anger","True Grit"],"picked":"Pommel Strike","floor":7.0},{"not_picked":["Anger","Armaments","Sever Soul"],"picked":"SKIP","floor":12.0},{"not_picked":["Exhume","Rage"],"picked":"Clothesline","floor":14.0},{"not_picked":["Barricade","Dark Embrace"],"picked":"Double Tap","floor":16.0},{"not_picked":["Dropkick","Havoc"],"picked":"Blood for Blood","floor":18.0}],"player_experience":1206983,"relics_obtained":[{"floor":6.0,"key":"Pen Nib"},{"floor":9.0,"key":"Regal Pillow"},{"floor":14.0,"key":"Shuriken"},{"floor":19.0,"key":"Nilry\u0027s Codex"}],"event_choices":[{"damage_healed":0.0,"max_hp_gain":0.0,"max_hp_loss":0.0,"gold_gain":150.0,"event_name":"Liars Game","player_choice":"AGREE","floor":2.0,"gold_loss":0.0,"damage_taken":0.0,"cards_obtained":["Doubt"]},{"damage_healed":0.0,"max_hp_gain":0.0,"max_hp_loss":0.0,"gold_gain":0.0,"event_name":"Big Fish","player_choice":"Box","floor":4.0,"gold_loss":0.0,"damage_taken":0.0,"relics_obtained":["Vajra"],"cards_obtained":["Regret"]},{"cards_removed":["Defend_R"],"damage_healed":0.0,"max_hp_gain":0.0,"max_hp_loss":0.0,"gold_gain":0.0,"event_name":"Golden Wing","player_choice":"Card Removal","floor":10.0,"gold_loss":0.0,"damage_taken":7.0},{"damage_healed":0.0,"max_hp_gain":0.0,"max_hp_loss":0.0,"gold_gain":0.0,"event_name":"Cursed Tome","player_choice":"Obtained Book","floor":19.0,"gold_loss":0.0,"damage_taken":21.0},{"damage_healed":0.0,"max_hp_gain":0.0,"max_hp_loss":0.0,"gold_gain":0.0,"event_name":"Forgotten Altar","player_choice":"Smashed Altar","floor":21.0,"gold_loss":0.0,"damage_taken":0.0,"cards_obtained":["Decay"]},{"damage_healed":0.0,"max_hp_gain":0.0,"max_hp_loss":0.0,"gold_gain":0.0,"event_name":"Accursed Blacksmith","player_choice":"Forge","floor":22.0,"gold_loss":0.0,"damage_taken":0.0,"cards_upgraded":["Blood for Blood"]}],"is_beta":false,"boss_relics":[{"not_picked":["Philosopher\u0027s Stone","Empty Cage"],"picked":"Eternal Feather"}],"items_purged_floors":[3],"is_endless":false,"potions_floor_spawned":[6,14,16],"killed_by":"Slavers","ascension_level":20}