{"gold_per_floor":[14,27,44,55,5,31,47,61,61,88,108,33,43,293,293,389,389,408,423,434,453,453,453,55,55,55,55,86,86,86,86],"floor_reached":31,"playtime":2061,"items_purged":["Strike_G","Strike_G"],"score":271,"play_id":"7e7a0f24-61c2-4138-b6e4-b66ba9d19c95","local_time":"20180726025534","is_ascension_mode":false,"campfire_choices":[{"floor":15,"key":"REST"},{"floor":23,"key":"REST"},{"floor":25,"key":"REST"},{"floor":30,"key":"REST"}],"neow_cost":"NO_GOLD","seed_source_timestamp":3170577793674,"circlet_count":0,"master_deck":["Defend_G","Defend_G","Defend_G","Defend_G","Defend_G","Strike_G","Strike_G","Survivor","Neutralize","Poisoned Stab","Crippling Poison","Underhanded Strike","Deadly Poison","Deflect","Bane","Acrobatics","Deadly Poison","Backflip","Regret","Burst","Bane","Catalyst","Distraction","Backflip","Acrobatics","PiercingWail+1","Footwork+1","Leg Sweep"],"relics":["Ring of the Snake","Turnip","Sundial","Bottled Flame","Mango","Orrery","Ginger","Bottled Tornado","Darkstone Periapt"],"potions_floor_usage":[6,13,20,21,28,29,31],"damage_taken":[{"damage":1,"enemies":"Cultist","floor":1,"turns":5},{"damage":0,"enemies":"Jaw Worm","floor":2,"turns":4},{"damage":0,"enemies":"2 Louse","floor":3,"turns":3},{"damage":5,"enemies":"2 Fungi Beasts","floor":4,"turns":3},{"damage":23,"enemies":"Lagavulin","floor":6,"turns":7},{"damage":2,"enemies":"Looter","floor":7,"turns":3},{"damage":5,"enemies":"Exordium Thugs","floor":8,"turns":5},{"damage":21,"enemies":"Gremlin Nob","floor":10,"turns":4},{"damage":8,"enemies":"2 Fungi Beasts","floor":11,"turns":4},{"damage":4,"enemies":"Red Slaver","floor":13,"turns":4},{"damage":23,"enemies":"Hexaghost","floor":16,"turns":9},{"damage":16,"enemies":"Shell Parasite","floor":18,"turns":7},{"damage":8,"enemies":"3 Byrds","floor":19,"turns":5},{"damage":20,"enemies":"Snecko","floor":20,"turns":7},{"damage":35,"enemies":"Snake Plant","floor":21,"turns":7},{"damage":48,"enemies":"Gremlin Leader","floor":28,"turns":10},{"damage":0,"enemies":"Centurion and Healer","floor":29,"turns":1},{"damage":44,"enemies":"3 Cultists","floor":31,"turns":6}],"seed_played":"1851979067381406606","potions_obtained":[{"floor":3,"key":"Weak Potion"},{"floor":8,"key":"GhostInAJar"},{"floor":10,"key":"Swift Potion"},{"floor":13,"key":"SmokeBomb"},{"floor":19,"key":"SkillPotion"},{"floor":21,"key":"SpeedPotion"},{"floor":28,"key":"SkillPotion"}],"is_trial":false,"path_per_floor":["M","M","M","M","$","E","M","M","T","E","M","$","M","?","R","B",null,"M","M","M","M","?","R","$","R","T","?","E","M","R"],"character_chosen":"THE_SILENT","items_purchased":["Deflect","Ginger"],"campfire_rested":4,"item_purchase_floors":[5,24],"current_hp_per_floor":[69,69,69,64,64,41,39,34,34,27,19,19,15,15,40,17,84,68,60,40,5,5,30,30,55,55,55,7,7,32,0],"gold":86,"neow_bonus":"ONE_RARE_RELIC","is_prod":false,"is_daily":false,"chose_seed":false,"campfire_upgraded":0,"win_rate":0,"timestamp":1532588134,"path_taken":["M","M","?","M","$","E","M","M","T","E","M","$","M","?","R","BOSS","M","M","M","M","?","R","?","R","T","?","E","?","R","M"],"build_version":"2018-07-19v2","purchased_purges":2,"victory":false,"max_hp_per_floor":[70,70,70,70,70,70,70,70,70,84,84,84,84,84,84,84,84,84,84,84,84,84,84,84,84,84,84,84,84,84,84],"card_choices":[{"not_picked":["PiercingWail","Tactician"],"picked":"Poisoned Stab","floor":1},{"not_picked":["Acrobatics","Prepared"],"picked":"Crippling Poison","floor":2},{"not_picked":["Tools of the Trade","Dagger Spray"],"picked":"Underhanded Strike","floor":3},{"not_picked":["Escape Plan","Expertise"],"picked":"Deadly Poison","floor":4},{"not_picked":["Quick Slash","Backflip"],"picked":"Bane","floor":6},{"not_picked":["Venomology","Slice"],"picked":"Acrobatics","floor":7},{"not_picked":["Cloak And Dagger","Prepared"],"picked":"Deadly Poison","floor":8},{"not_picked":["A Thousand Cuts","Crippling Poison","Acrobatics"],"picked":"SKIP","floor":10},{"not_picked":["Underhanded Strike","Sucker Punch"],"picked":"Backflip","floor":11},{"not_picked":["Acrobatics","Dagger Throw","Cloak And Dagger"],"picked":"SKIP","floor":13},{"not_picked":["Grand Finale","Unload"],"picked":"Burst","floor":16},{"not_picked":["Quick Slash","Infinite Blades"],"picked":"Bane","floor":17},{"not_picked":["Cloak And Dagger","Backflip"],"picked":"Catalyst","floor":17},{"not_picked":["Backflip","Endless Agony"],"picked":"Distraction","floor":17},{"not_picked":["Eviscerate","Underhanded Strike"],"picked":"Backflip","floor":17},{"not_picked":["Finisher","Flechettes"],"picked":"Acrobatics","floor":17},{"not_picked":["Outmaneuver","Acrobatics"],"picked":"PiercingWail+1","floor":18},{"not_picked":["Dodge and Roll","Deflect"],"picked":"Footwork+1","floor":19},{"not_picked":["Expertise","Dagger Throw","Grand Finale"],"picked":"SKIP","floor":20},{"not_picked":["Dagger Throw","Calculated Gamble","Dagger Spray"],"picked":"SKIP","floor":21},{"not_picked":["Tactician","Bane"],"picked":"Leg Sweep","floor":28}],"player_experience":514141,"relics_obtained":[{"floor":6,"key":"Sundial"},{"floor":9,"key":"Bottled Flame"},{"floor":10,"key":"Mango"},{"floor":26,"key":"Bottled Tornado"},{"floor":28,"key":"Darkstone Periapt"}],"event_choices":[{"event_name":"Golden Shrine","player_choice":"Desecrate","floor":14,"damage_taken":0},{"event_name":"Back to Basics","player_choice":"Elegance","floor":22,"damage_taken":0},{"event_name":"Vampires","player_choice":"Ignored","floor":27,"damage_taken":0}],"is_beta":false,"boss_relics":[{"not_picked":["Calling Bell","Runic Dome"],"picked":"Orrery"}],"items_purged_floors":[12,24],"is_endless":false,"potions_floor_spawned":[3,8,10,13,19,21,28],"killed_by":"3 Cultists","ascension_level":0}