{"gold_per_floor":[117,133,144,160,178,178,143,154,154,154,154,181,181,191,191,290,290,310,327,339,190,209,209,227,245,245,170,170,187,286,300,300,403,403,421,94,113,125,225,225,240,259,259,259,259],"floor_reached":45,"playtime":1803,"items_purged":["Shame"],"score":745,"play_id":"baac649c-0314-472a-82b4-878eebcd5485","local_time":"20190521144123","is_ascension_mode":true,"campfire_choices":[{"data":"Bouncing Flask","floor":6.0,"key":"SMITH"},{"data":"Cloak And Dagger","floor":10.0,"key":"SMITH"},{"data":"Catalyst","floor":13.0,"key":"SMITH"},{"data":"Deadly Poison","floor":15.0,"key":"SMITH"},{"data":"Noxious Fumes","floor":23.0,"key":"SMITH"},{"floor":28.0,"key":"REST"},{"floor":32.0,"key":"REST"},{"floor":40.0,"key":"REST"},{"floor":44,"key":"REST"}],"neow_cost":"NONE","seed_source_timestamp":0,"circlet_count":0,"master_deck":["AscendersBane","Defend_G","Defend_G","Defend_G","Defend_G","Defend_G","Strike_G","Strike_G","Strike_G","Survivor","Neutralize","Bouncing Flask+1","Cloak And Dagger+1","PiercingWail","Terror","Flying Knee","Catalyst+1","Dagger Spray","Dagger Throw","Deadly Poison+1","Adrenaline","Dash+1","Bane","Crippling Poison","Leg Sweep","Noxious Fumes+1","Backstab","Heel Hook","Cloak And Dagger","Backflip+1","Malaise","Bouncing Flask+1","Catalyst","Well Laid Plans","Noxious Fumes+1","Pain"],"special_seed":0,"relics":["Ring of the Snake","Potion Belt","Torii","Cursed Key","Mercury Hourglass","Empty Cage","Bottled Tornado","Dodecahedron"],"potions_floor_usage":[42,42],"damage_taken":[{"damage":2.0,"enemies":"Small Slimes","floor":1.0,"turns":6.0},{"damage":2.0,"enemies":"Jaw Worm","floor":2.0,"turns":6.0},{"damage":1.0,"enemies":"2 Louse","floor":3.0,"turns":3.0},{"damage":12.0,"enemies":"Gremlin Gang","floor":4.0,"turns":10.0},{"damage":0.0,"enemies":"Lots of Slimes","floor":5.0,"turns":2.0},{"damage":4.0,"enemies":"Red Slaver","floor":8.0,"turns":3.0},{"damage":13.0,"enemies":"Gremlin Nob","floor":12.0,"turns":3.0},{"damage":1.0,"enemies":"3 Louse","floor":14.0,"turns":2.0},{"damage":14.0,"enemies":"Hexaghost","floor":16.0,"turns":7.0},{"damage":14.0,"enemies":"Spheric Guardian","floor":18.0,"turns":5.0},{"damage":0.0,"enemies":"Chosen","floor":19.0,"turns":4.0},{"damage":1.0,"enemies":"Snecko","floor":20.0,"turns":4.0},{"damage":1.0,"enemies":"Sentry and Sphere","floor":22.0,"turns":3.0},{"damage":3.0,"enemies":"Cultist and Chosen","floor":24.0,"turns":6.0},{"damage":11.0,"enemies":"Snecko","floor":25.0,"turns":5.0},{"damage":20.0,"enemies":"Snake Plant","floor":29.0,"turns":3.0},{"damage":1.0,"enemies":"Centurion and Healer","floor":31.0,"turns":4.0},{"damage":49.0,"enemies":"Collector","floor":33.0,"turns":9.0},{"damage":1.0,"enemies":"Orb Walker","floor":35.0,"turns":3.0},{"damage":18.0,"enemies":"3 Darklings","floor":37.0,"turns":4.0},{"damage":20.0,"enemies":"4 Shapes","floor":38.0,"turns":4.0},{"damage":12.0,"enemies":"Maw","floor":41.0,"turns":5.0},{"damage":46,"enemies":"Spire Growth","floor":42,"turns":6},{"damage":30,"enemies":"3 Darklings","floor":45,"turns":1}],"seed_played":"-7604169792890913671","potions_obtained":[{"floor":2.0,"key":"Explosive Potion"},{"floor":5.0,"key":"GhostInAJar"},{"floor":8.0,"key":"Block Potion"},{"floor":12.0,"key":"Regen Potion"},{"floor":14.0,"key":"Poison Potion"},{"floor":20.0,"key":"PowerPotion"},{"floor":38.0,"key":"Fruit Juice"}],"is_trial":false,"path_per_floor":["M","M","M","M","M","R","?","M","T","R","?","E","R","M","R","B",null,"M","M","M","$","M","R","M","M","T","$","R","M","?","M","R","B",null,"M","$","M","M","?","R","M","M","T","R","M"],"character_chosen":"THE_SILENT","items_purchased":["Leg Sweep","Noxious Fumes","Catalyst","Bottled Tornado"],"campfire_rested":4,"item_purchase_floors":[21,21,36,36],"current_hp_per_floor":[61,59,58,46,46,46,63,59,59,59,64,51,51,50,50,36,65,51,51,50,50,49,49,46,35,35,35,57,37,37,36,58,9,59,58,58,40,25,25,49,37,6,6,30,0],"gold":259,"neow_bonus":"THREE_CARDS","is_prod":false,"is_daily":false,"chose_seed":false,"campfire_upgraded":5,"win_rate":0,"timestamp":1558420883,"path_taken":["M","M","M","M","M","R","?","M","T","R","?","E","R","M","R","BOSS","M","M","M","$","M","R","M","M","T","$","R","M","?","M","R","BOSS","M","$","M","M","?","R","M","M","T","R","M"],"build_version":"2019-01-23","purchased_purges":1,"victory":false,"max_hp_per_floor":[70,70,70,70,70,70,70,70,70,70,75,75,75,75,75,75,75,75,75,75,75,75,75,75,75,75,75,75,75,75,75,75,75,75,75,75,75,80,80,80,80,80,80,80,80],"card_choices":[{"not_picked":["Skewer","Riddle With Holes"],"picked":"Bouncing Flask","floor":0.0},{"not_picked":["Caltrops","Outmaneuver"],"picked":"Cloak And Dagger","floor":1.0},{"not_picked":["Riddle With Holes","Dodge and Roll"],"picked":"PiercingWail","floor":2.0},{"not_picked":["Flechettes","Poisoned Stab"],"picked":"Terror","floor":3.0},{"not_picked":["Deadly Poison","Dagger Throw"],"picked":"Flying Knee","floor":4.0},{"not_picked":["Backflip","Blade Dance"],"picked":"Catalyst","floor":5.0},{"not_picked":["Flechettes","Quick Slash"],"picked":"Dagger Spray","floor":8.0},{"not_picked":["Acrobatics","Outmaneuver"],"picked":"Dagger Throw","floor":12.0},{"not_picked":["Slice","Flying Knee"],"picked":"Deadly Poison","floor":14.0},{"not_picked":["Wraith Form v2","Die Die Die"],"picked":"Adrenaline","floor":16.0},{"not_picked":["Flying Knee+1","Dagger Spray+1"],"picked":"Dash+1","floor":18.0},{"not_picked":["Acrobatics","Tools of the Trade"],"picked":"Bane","floor":19.0},{"not_picked":["Expertise","Deflect"],"picked":"Crippling Poison","floor":20.0},{"not_picked":["Tactician","Dagger Spray"],"picked":"Backstab","floor":22.0},{"not_picked":["PiercingWail","Bane"],"picked":"Heel Hook","floor":24.0},{"not_picked":["Poisoned Stab","Acrobatics+1","Underhanded Strike"],"picked":"SKIP","floor":25.0},{"not_picked":["Calculated Gamble","Distraction"],"picked":"Cloak And Dagger","floor":29.0},{"not_picked":["PiercingWail","Poisoned Stab"],"picked":"Backflip+1","floor":31.0},{"not_picked":["Die Die Die","Storm of Steel"],"picked":"Malaise","floor":33.0},{"not_picked":["Escape Plan+1","Blade Dance+1"],"picked":"Bouncing Flask+1","floor":35.0},{"not_picked":["Acrobatics","Expertise+1","Poisoned Stab"],"picked":"SKIP","floor":37.0},{"not_picked":["Poisoned Stab","Bane"],"picked":"Well Laid Plans","floor":38.0},{"not_picked":["Quick Slash","Deadly Poison","Deflect"],"picked":"SKIP","floor":41.0},{"not_picked":["Blade Dance","Quick Slash+1"],"picked":"Noxious Fumes+1","floor":42}],"player_experience":763334,"relics_obtained":[{"floor":9.0,"key":"Potion Belt"},{"floor":12.0,"key":"Torii"},{"floor":26.0,"key":"Mercury Hourglass"},{"floor":43,"key":"Dodecahedron"}],"event_choices":[{"damage_healed":17.0,"max_hp_gain":0.0,"max_hp_loss":0.0,"gold_gain":0.0,"event_name":"The Cleric","player_choice":"Healed","floor":7.0,"gold_loss":35.0,"damage_taken":0.0},{"damage_healed":0.0,"max_hp_gain":5.0,"max_hp_loss":0.0,"gold_gain":0.0,"event_name":"Big Fish","player_choice":"Donut","floor":11.0,"gold_loss":0.0,"damage_taken":0.0},{"damage_healed":0.0,"max_hp_gain":0.0,"max_hp_loss":0.0,"gold_gain":99.0,"event_name":"Nest","player_choice":"Stole From Cult","floor":30.0,"gold_loss":0.0,"damage_taken":0.0},{"damage_healed":0.0,"max_hp_gain":0.0,"max_hp_loss":0.0,"gold_gain":100.0,"event_name":"Golden Shrine","player_choice":"Pray","floor":39.0,"gold_loss":0.0,"damage_taken":0.0}],"is_beta":false,"boss_relics":[{"not_picked":["Orrery","Eternal Feather"],"picked":"Cursed Key"},{"not_picked":["Philosopher\u0027s Stone","Runic Dome"],"picked":"Empty Cage"}],"items_purged_floors":[27],"is_endless":false,"potions_floor_spawned":[2,5,8,12,14,18,20,22,38],"killed_by":"3 Darklings","ascension_level":12}