{"gold_per_floor":[116,191,191,206,217,217,217,241,265,281,281,311,311,351,351,480,480,495,510,510,523,41,41,60,76,76,76,110,110,130,154,154,282,282,296,147,167,292,316,316,340,340,366,386,409,429,66,81,81,81,81,81,41,79,79],"floor_reached":55,"playtime":7127,"items_purged":["Injury","Strike_B"],"score":921,"play_id":"e0178e22-6bbf-4e69-a22d-d2d07c56f780","local_time":"20190128223343","is_ascension_mode":true,"campfire_choices":[{"data":"Zap","floor":6,"key":"SMITH"},{"floor":11,"key":"REST"},{"data":"Dualcast","floor":15,"key":"SMITH"},{"data":"Tempest","floor":23,"key":"SMITH"},{"floor":29,"key":"REST"},{"data":"Force Field","floor":32,"key":"SMITH"},{"floor":40,"key":"RECALL"},{"data":"Steam","floor":42,"key":"SMITH"},{"data":"Chaos","floor":49,"key":"SMITH"},{"data":"Go for the Eyes","floor":52,"key":"SMITH"}],"neow_cost":"NONE","seed_source_timestamp":965016510914780,"circlet_count":0,"master_deck":["Strike_B","Strike_B","Strike_B","Defend_B","Defend_B+1","Defend_B","Zap+1","Dualcast+1","Doom and Gloom+1","Capacitor","Go for the Eyes+1","Scrape","Self Repair+1","Buffer+1","Tempest+1","Chill+1","Self Repair+1","Echo Form+1","Force Field+1","Buffer+1","Turbo+1","All For One","FTL","Steam+1","Fusion+1","Capacitor+1","Defragment+1","Gash","Echo Form+1","Static Discharge+1","Chaos+1","FTL"],"relics":["Cracked Core","Golden Idol","Blood Vial","Tiny Chest","Frozen Egg 2","Ginger","Runic Pyramid","Cables","Turnip","Singing Bowl","Lizard Tail","Dead Branch","Mummified Hand","Incense Burner"],"potions_floor_usage":[14,14,16,20,25,28,28,31,38,38,45,48,55],"damage_taken":[{"damage":0,"enemies":"Small Slimes","floor":1,"turns":3},{"damage":0,"enemies":"Jaw Worm","floor":4,"turns":3},{"damage":3,"enemies":"2 Louse","floor":5,"turns":2},{"damage":6,"enemies":"Exordium Wildlife","floor":8,"turns":2},{"damage":12,"enemies":"Looter","floor":10,"turns":3},{"damage":27,"enemies":"Lagavulin","floor":14,"turns":5},{"damage":27,"enemies":"Hexaghost","floor":16,"turns":8},{"damage":31,"enemies":"Shell Parasite","floor":18,"turns":5},{"damage":7,"enemies":"Chosen","floor":19,"turns":5},{"damage":25,"enemies":"Colosseum Slavers","floor":20,"turns":5},{"damage":20,"enemies":"Snecko","floor":21,"turns":6},{"damage":24,"enemies":"Snake Plant","floor":24,"turns":4},{"damage":7,"enemies":"Chosen and Byrds","floor":25,"turns":6},{"damage":20,"enemies":"Slavers","floor":28,"turns":6},{"damage":34,"enemies":"3 Cultists","floor":30,"turns":6},{"damage":8,"enemies":"Cultist and Chosen","floor":31,"turns":6},{"damage":15,"enemies":"Automaton","floor":33,"turns":11},{"damage":8,"enemies":"3 Darklings","floor":35,"turns":7},{"damage":10,"enemies":"Orb Walker","floor":37,"turns":4},{"damage":0,"enemies":"Mind Bloom Boss Battle","floor":38,"turns":9},{"damage":28,"enemies":"Transient","floor":39,"turns":5},{"damage":32,"enemies":"3 Darklings","floor":41,"turns":7},{"damage":1,"enemies":"Maw","floor":44,"turns":7},{"damage":37,"enemies":"Jaw Worm Horde","floor":45,"turns":5},{"damage":0,"enemies":"4 Shapes","floor":46,"turns":5},{"damage":0,"enemies":"Maw","floor":48,"turns":8},{"damage":52,"enemies":"Awakened One","floor":50,"turns":7},{"damage":27,"enemies":"Shield and Spear","floor":54,"turns":9},{"damage":142,"enemies":"The Heart","floor":55,"turns":5}],"seed_played":"8604690295043798805","potions_obtained":[{"floor":1,"key":"Regen Potion"},{"floor":5,"key":"Energy Potion"},{"floor":10,"key":"PowerPotion"},{"floor":19,"key":"Fruit Juice"},{"floor":24,"key":"PowerPotion"},{"floor":27,"key":"Fire Potion"},{"floor":27,"key":"AttackPotion"},{"floor":27,"key":"SteroidPotion"},{"floor":30,"key":"Fruit Juice"},{"floor":31,"key":"LiquidBronze"},{"floor":35,"key":"GamblersBrew"},{"floor":37,"key":"PowerPotion"},{"floor":41,"key":"Regen Potion"},{"floor":45,"key":"Ancient Potion"}],"is_trial":false,"path_per_floor":["M","?","?","M","M","R","?","M","T","M","R","?","T","E","R","B",null,"M","M","?","M","$","R","M","M","T","?","E","R","M","M","R","B",null,"M","$","M","?","M","R","M","R","T","M","M","M","$","M","R","B",null,"R","$","E","B"],"character_chosen":"DEFECT","items_purchased":["Echo Form+1","Cables","Steam","Mummified Hand","Static Discharge+1","Chaos","FTL"],"campfire_rested":2,"item_purchase_floors":[22,22,36,47,47,47,53],"current_hp_per_floor":[68,57,42,42,39,39,39,33,33,23,45,45,45,34,34,19,61,42,47,39,31,31,31,19,34,34,34,36,60,48,79,79,86,87,87,87,77,87,79,79,71,71,71,89,86,91,91,93,93,51,83,83,83,90,0],"gold":79,"neow_bonus":"REMOVE_CARD","is_prod":false,"is_daily":false,"chose_seed":false,"campfire_upgraded":7,"win_rate":0,"timestamp":1548732823,"path_taken":["M","?","?","M","M","R","?","M","T","?","R","?","?","E","R","BOSS","M","M","?","M","$","R","M","M","T","?","E","R","M","M","R","BOSS","M","?","M","?","M","R","M","R","T","M","M","M","$","M","R","BOSS","R","$","E","BOSS"],"build_version":"2019-01-23","purchased_purges":2,"victory":false,"max_hp_per_floor":[75,75,75,75,75,75,75,75,75,75,75,75,75,75,75,75,75,75,75,80,80,80,80,80,80,80,80,80,80,80,87,87,87,87,87,87,87,87,87,87,89,89,89,89,91,91,91,93,93,93,93,93,93,95,95],"card_choices":[{"not_picked":["Sweeping Beam","Scrape"],"picked":"Doom and Gloom","floor":1},{"not_picked":["Compile Driver","BootSequence","Rebound"],"picked":"SKIP","floor":4},{"not_picked":["Leap","Cold Snap"],"picked":"Capacitor","floor":5},{"not_picked":["Beam Cell","Rebound"],"picked":"Go for the Eyes","floor":8},{"not_picked":["Recycle","Rebound"],"picked":"Scrape","floor":10},{"not_picked":["Lockon","Gash"],"picked":"Self Repair+1","floor":14},{"not_picked":["Biased Cognition+1","Reboot"],"picked":"Buffer+1","floor":16},{"not_picked":["Barrage","Redo"],"picked":"Tempest","floor":18},{"not_picked":["Rip and Tear","Redo"],"picked":"Chill+1","floor":19},{"not_picked":["Recycle","Barrage+1"],"picked":"Self Repair+1","floor":21},{"not_picked":["Beam Cell","Skim"],"picked":"Force Field","floor":24},{"not_picked":["Compile Driver","Blizzard","Stack"],"picked":"SKIP","floor":25},{"not_picked":["Heatsinks+1","Turbo"],"picked":"Buffer+1","floor":28},{"not_picked":["Redo","Tempest"],"picked":"Turbo+1","floor":30},{"not_picked":["Hologram","Go for the Eyes+1","Gash"],"picked":"Singing Bowl","floor":31},{"not_picked":["Rainbow","Thunder Strike"],"picked":"All For One","floor":33},{"not_picked":["Hologram+1","Conserve Battery+1"],"picked":"FTL","floor":35},{"not_picked":["Conserve Battery","Coolheaded"],"picked":"Fusion+1","floor":37},{"not_picked":["Stack","Heatsinks+1"],"picked":"Capacitor+1","floor":38},{"not_picked":["Streamline","Ball Lightning+1"],"picked":"Defragment+1","floor":39},{"not_picked":["Auto Shields","Rebound+1","Recycle"],"picked":"Singing Bowl","floor":41},{"not_picked":["Tempest","Compile Driver"],"picked":"Gash","floor":44},{"not_picked":["Redo","Ball Lightning","Hologram"],"picked":"Singing Bowl","floor":45},{"not_picked":["Undo+1","Aggregate+1"],"picked":"Echo Form+1","floor":46},{"not_picked":["Reinforced Body+1","Darkness","Conserve Battery"],"picked":"Singing Bowl","floor":48},{"not_picked":["Conserve Battery+1","Go for the Eyes","Steam+1"],"picked":"Singing Bowl","floor":54}],"player_experience":516274,"relics_obtained":[{"floor":9,"key":"Blood Vial"},{"floor":13,"key":"Frozen Egg 2"},{"floor":14,"key":"Ginger"},{"floor":26,"key":"Turnip"},{"floor":28,"key":"Singing Bowl"},{"floor":38,"key":"Dead Branch"},{"floor":54,"key":"Incense Burner"}],"event_choices":[{"damage_healed":0,"gold_gain":75,"player_choice":"Gather Gold","damage_taken":11,"max_hp_gain":0,"max_hp_loss":0,"event_name":"World of Goop","floor":2,"gold_loss":0},{"damage_healed":0,"gold_gain":0,"player_choice":"Entered Light","damage_taken":15,"max_hp_gain":0,"max_hp_loss":0,"event_name":"Shining Light","floor":3,"gold_loss":0,"cards_upgraded":["Defend_B","Doom and Gloom"]},{"damage_healed":0,"gold_gain":0,"player_choice":"Take Wound","damage_taken":0,"relics_obtained":["Golden Idol"],"max_hp_gain":0,"max_hp_loss":0,"event_name":"Golden Idol","floor":7,"gold_loss":0,"cards_obtained":["Injury"]},{"damage_healed":0,"gold_gain":0,"player_choice":"Searched \u00272\u0027 times","damage_taken":0,"relics_obtained":["Tiny Chest"],"max_hp_gain":0,"max_hp_loss":0,"event_name":"Dead Adventurer","floor":12,"gold_loss":0},{"damage_healed":0,"gold_gain":0,"player_choice":"Fight","damage_taken":0,"max_hp_gain":0,"max_hp_loss":0,"event_name":"Colosseum","floor":20,"gold_loss":0},{"damage_healed":0,"gold_gain":0,"player_choice":"Fled From Nobs","damage_taken":0,"max_hp_gain":0,"max_hp_loss":0,"event_name":"Colosseum","floor":20,"gold_loss":0},{"damage_healed":0,"gold_gain":0,"player_choice":"Got Potions","damage_taken":0,"max_hp_gain":0,"max_hp_loss":0,"event_name":"Lab","floor":27,"gold_loss":0},{"damage_healed":0,"gold_gain":0,"player_choice":"Fight","damage_taken":0,"max_hp_gain":0,"max_hp_loss":0,"event_name":"MindBloom","floor":38,"gold_loss":0}],"is_beta":false,"boss_relics":[{"not_picked":["Cursed Key","Black Star"],"picked":"Runic Pyramid"},{"not_picked":["Eternal Feather","Runic Dome"],"picked":"Lizard Tail"}],"items_purged_floors":[22,36],"is_endless":false,"potions_floor_spawned":[1,5,10,19,24,30,31,35,37,41,45],"killed_by":"The Heart","ascension_level":7}