{"gold_per_floor":[119,131,11,29,29,29,58,58,58,77,92,92,92,111,111,214,214,184],"floor_reached":18,"playtime":958,"items_purged":["Strike_R"],"score":170,"play_id":"0ca942bf-d2d3-4442-9496-4f31f76a3006","local_time":"20181212010253","is_ascension_mode":true,"campfire_choices":[{"data":"Body Slam","floor":6,"key":"SMITH"},{"data":"Shrug It Off","floor":13,"key":"SMITH"},{"floor":15,"key":"REST"}],"neow_cost":"PERCENT_DAMAGE","seed_source_timestamp":56311063763998,"circlet_count":0,"master_deck":["Bash","Body Slam+1","Spot Weakness+1","Shrug It Off+1","Sword Boomerang","Barricade","Clash","Rupture","Cleave","True Grit","Uppercut","Pommel Strike","True Grit"],"relics":["Burning Blood","Bird Faced Urn","StoneCalendar","Thread and Needle","Pandora\u0027s Box"],"potions_floor_usage":[16],"damage_taken":[{"damage":1,"enemies":"Cultist","floor":1,"turns":3},{"damage":2,"enemies":"Small Slimes","floor":2,"turns":4},{"damage":0,"enemies":"2 Louse","floor":4,"turns":4},{"damage":27,"enemies":"Gremlin Nob","floor":7,"turns":4},{"damage":3,"enemies":"Blue Slaver","floor":10,"turns":3},{"damage":4,"enemies":"Red Slaver","floor":11,"turns":4},{"damage":5,"enemies":"Exordium Wildlife","floor":14,"turns":4},{"damage":28,"enemies":"Hexaghost","floor":16,"turns":7},{"damage":0,"enemies":"2 Thieves","floor":18,"turns":2}],"seed_played":"-7562627393160745373","potions_obtained":[{"floor":7,"key":"PowerPotion"},{"floor":14,"key":"BloodPotion"}],"is_trial":false,"path_per_floor":["M","M","$","M","?","R","E","?","T","M","M","?","R","M","R","B",null,"M"],"character_chosen":"IRONCLAD","items_purchased":["Shrug It Off"],"campfire_rested":1,"item_purchase_floors":[3],"current_hp_per_floor":[61,65,65,71,71,71,50,50,50,53,55,48,48,49,73,53,80,80],"gold":184,"neow_bonus":"ONE_RARE_RELIC","is_prod":false,"is_daily":false,"chose_seed":false,"campfire_upgraded":2,"win_rate":0,"timestamp":1544598173,"path_taken":["M","?","$","M","?","R","E","?","T","M","?","?","R","M","R","BOSS","M"],"build_version":"2018-12-06","purchased_purges":1,"victory":false,"max_hp_per_floor":[80,80,80,80,80,80,80,80,80,80,80,80,80,80,80,80,80,80],"card_choices":[{"not_picked":["Twin Strike","Pummel"],"picked":"Body Slam","floor":1},{"not_picked":["Clash","Flame Barrier"],"picked":"Spot Weakness","floor":2},{"not_picked":["Sever Soul","Havoc"],"picked":"Sword Boomerang","floor":4},{"not_picked":["Clash","Anger","Reckless Charge"],"picked":"SKIP","floor":7},{"not_picked":["Combust","Ghostly Armor","Flex"],"picked":"SKIP","floor":10},{"not_picked":["Dropkick","Flame Barrier","Searing Blow"],"picked":"SKIP","floor":11},{"not_picked":["Warcry","Rage","Corruption"],"picked":"SKIP","floor":14},{"not_picked":["Feed","Dark Embrace"],"picked":"Barricade","floor":16}],"player_experience":175102,"relics_obtained":[{"floor":7,"key":"StoneCalendar"},{"floor":9,"key":"Thread and Needle"}],"event_choices":[{"damage_healed":0,"gold_gain":0,"player_choice":"Leave","damage_taken":0,"max_hp_gain":0,"max_hp_loss":0,"event_name":"The Cleric","floor":5,"gold_loss":0},{"damage_healed":0,"gold_gain":0,"player_choice":"Upgraded","damage_taken":0,"max_hp_gain":0,"max_hp_loss":0,"event_name":"Upgrade Shrine","floor":8,"gold_loss":0,"cards_upgraded":["Spot Weakness"]},{"cards_removed":["Strike_R"],"damage_healed":0,"gold_gain":0,"player_choice":"Card Removal","damage_taken":7,"max_hp_gain":0,"max_hp_loss":0,"event_name":"Golden Wing","floor":12,"gold_loss":0}],"is_beta":false,"boss_relics":[{"not_picked":["Fusion Hammer","Ectoplasm"],"picked":"Pandora\u0027s Box"}],"items_purged_floors":[3],"is_endless":false,"potions_floor_spawned":[7,14],"killed_by":"2 Thieves","ascension_level":1}