{"gold_per_floor":[113,113,38,54,6,6,34,34,34,34,47,47,21,50,50,124,124,142,42,62,62],"floor_reached":21,"playtime":948,"items_purged":["Strike_R","Defend_R"],"score":324,"play_id":"a4ac77d4-59b9-4436-ba70-6e59d17188d5","local_time":"20190520131802","is_ascension_mode":true,"campfire_choices":[{"data":"Armaments","floor":6,"key":"SMITH"},{"data":"Shrug It Off","floor":8,"key":"SMITH"},{"data":"Pommel Strike","floor":12,"key":"SMITH"},{"data":"Uppercut","floor":15,"key":"SMITH"}],"neow_cost":"NONE","seed_source_timestamp":4405323271584247,"circlet_count":0,"master_deck":["AscendersBane","Strike_R","Strike_R","Strike_R","Strike_R","Defend_R","Defend_R","Defend_R","Bash","Uppercut+1","Pommel Strike+1","Armaments+1","Shrug It Off+1","Havoc+1","Warcry+1","Demon Form","Warcry+1","True Grit+1"],"relics":["Burning Blood","Paper Frog","Dodecahedron","Toxic Egg 2","Mercury Hourglass","Art of War","Mark of Pain"],"potions_floor_usage":[20],"damage_taken":[{"damage":25,"enemies":"Small Slimes","floor":1,"turns":4},{"damage":1,"enemies":"Cultist","floor":4,"turns":3},{"damage":21,"enemies":"3 Sentries","floor":7,"turns":10},{"damage":1,"enemies":"2 Louse","floor":11,"turns":2},{"damage":13,"enemies":"Gremlin Nob","floor":14,"turns":3},{"damage":1,"enemies":"The Guardian","floor":16,"turns":9},{"damage":14,"enemies":"2 Thieves","floor":18,"turns":4},{"damage":45,"enemies":"3 Byrds","floor":20,"turns":5},{"damage":24,"enemies":"Centurion and Healer","floor":21,"turns":3}],"seed_played":"-3745880257257689787","potions_obtained":[{"floor":1,"key":"AttackPotion"},{"floor":7,"key":"Ancient Potion"},{"floor":18,"key":"PowerPotion"}],"is_trial":false,"path_per_floor":["M","?","$","M","$","R","E","R","T","?","M","R","$","E","R","B",null,"M","$","M","M"],"character_chosen":"IRONCLAD","items_purchased":["Shrug It Off","Havoc+1"],"campfire_rested":0,"item_purchase_floors":[5,13],"current_hp_per_floor":[49,49,49,54,54,54,39,39,39,39,44,44,44,37,37,42,67,59,59,20,0],"gold":62,"neow_bonus":"THREE_CARDS","is_prod":false,"is_daily":false,"chose_seed":false,"campfire_upgraded":4,"win_rate":0,"timestamp":1558351082,"path_taken":["M","?","?","M","$","R","E","R","T","?","?","R","$","E","R","BOSS","M","$","M","M"],"build_version":"2019-01-23","purchased_purges":2,"victory":false,"max_hp_per_floor":[75,75,75,75,75,75,75,75,75,75,75,75,75,75,75,75,75,75,75,75,75],"card_choices":[{"not_picked":["Wild Strike","Twin Strike"],"picked":"Uppercut","floor":0},{"not_picked":["Combust","Spot Weakness"],"picked":"Pommel Strike","floor":1},{"not_picked":["Cleave","Hemokinesis"],"picked":"Armaments","floor":4},{"not_picked":["Rupture","Clash","Heavy Blade"],"picked":"SKIP","floor":7},{"not_picked":["Uppercut","Wild Strike","Sword Boomerang"],"picked":"SKIP","floor":11},{"not_picked":["Body Slam","Entrench+1"],"picked":"Warcry+1","floor":14},{"not_picked":["Limit Break+1","Impervious+1"],"picked":"Demon Form","floor":16},{"not_picked":["Iron Wave+1","Sword Boomerang"],"picked":"Warcry+1","floor":18},{"not_picked":["Havoc+1","Ghostly Armor+1"],"picked":"True Grit+1","floor":20}],"player_experience":570515,"relics_obtained":[{"floor":7,"key":"Dodecahedron"},{"floor":9,"key":"Toxic Egg 2"},{"floor":10,"key":"Mercury Hourglass"},{"floor":14,"key":"Art of War"}],"event_choices":[{"damage_healed":0,"gold_gain":0,"player_choice":"Gave Potion","damage_taken":0,"relics_obtained":["Paper Frog"],"max_hp_gain":0,"max_hp_loss":0,"event_name":"WeMeetAgain","floor":2,"gold_loss":0},{"damage_healed":0,"gold_gain":0,"player_choice":"Relic","damage_taken":0,"max_hp_gain":0,"max_hp_loss":0,"event_name":"Wheel of Change","floor":10,"gold_loss":0}],"is_beta":false,"boss_relics":[{"not_picked":["Tiny House","Empty Cage"],"picked":"Mark of Pain"}],"items_purged_floors":[3,19],"is_endless":false,"potions_floor_spawned":[1,7,18],"killed_by":"Centurion and Healer","ascension_level":15}