{"gold_per_floor":[365,90,104,114,133,164,182,200,200,215,226,244,244,254,254,353,353,371,371],"floor_reached":19,"playtime":839,"items_purged":["Strike_B"],"score":239,"play_id":"da17073f-b5c3-466d-b2dc-31141289e3fc","local_time":"20190426024821","is_ascension_mode":true,"campfire_choices":[{"floor":13.0,"key":"REST"},{"data":"Zap","floor":15.0,"key":"SMITH"}],"neow_cost":"TEN_PERCENT_HP_LOSS","seed_source_timestamp":30169198504292,"circlet_count":0,"master_deck":["Strike_B","Strike_B","Strike_B","Defend_B","Defend_B","Defend_B","Defend_B","Zap+1","Dualcast","Defragment","Streamline","Ball Lightning","Beam Cell","Gash","Leap","Fusion","BootSequence","Conserve Battery","Multi-Cast","Conserve Battery+1"],"special_seed":0,"relics":["Cracked Core","DataDisk","Gremlin Horn","Strawberry","Busted Crown"],"potions_floor_usage":[],"damage_taken":[{"damage":0.0,"enemies":"Cultist","floor":1.0,"turns":3.0},{"damage":12.0,"enemies":"Jaw Worm","floor":3.0,"turns":2.0},{"damage":0.0,"enemies":"Small Slimes","floor":4.0,"turns":2.0},{"damage":0.0,"enemies":"Red Slaver","floor":5.0,"turns":2.0},{"damage":18.0,"enemies":"Gremlin Nob","floor":6.0,"turns":3.0},{"damage":18.0,"enemies":"Large Slime","floor":7.0,"turns":4.0},{"damage":8.0,"enemies":"Blue Slaver","floor":8.0,"turns":3.0},{"damage":3.0,"enemies":"Looter","floor":10.0,"turns":3.0},{"damage":9.0,"enemies":"Large Slime","floor":11.0,"turns":3.0},{"damage":0.0,"enemies":"3 Louse","floor":12.0,"turns":3.0},{"damage":3.0,"enemies":"Blue Slaver","floor":14.0,"turns":3.0},{"damage":29.0,"enemies":"Slime Boss","floor":16.0,"turns":7.0},{"damage":32,"enemies":"3 Byrds","floor":18,"turns":5},{"damage":31,"enemies":"Masked Bandits","floor":19,"turns":2}],"seed_played":"673634050397187163","potions_obtained":[{"floor":1.0,"key":"Regen Potion"},{"floor":3.0,"key":"Block Potion"},{"floor":4.0,"key":"GamblersBrew"},{"floor":7.0,"key":"FocusPotion"},{"floor":10.0,"key":"FearPotion"}],"is_trial":false,"path_per_floor":["M","$","M","M","M","E","M","M","T","M","M","M","R","M","R","B",null,"M","?"],"character_chosen":"DEFECT","items_purchased":["DataDisk","Streamline"],"campfire_rested":1,"item_purchase_floors":[2,2],"current_hp_per_floor":[68,68,56,56,56,38,32,24,31,28,19,19,41,38,38,9,59,27,0],"gold":371,"neow_bonus":"TWO_FIFTY_GOLD","is_prod":false,"is_daily":false,"chose_seed":false,"campfire_upgraded":1,"win_rate":0,"timestamp":1556255901,"path_taken":["M","$","M","M","M","E","M","M","T","M","M","M","R","M","R","BOSS","M","?"],"build_version":"2019-01-23","purchased_purges":1,"victory":false,"max_hp_per_floor":[68,68,68,68,68,68,68,68,75,75,75,75,75,75,75,75,75,75,75],"card_choices":[{"not_picked":["Heatsinks","Lockon"],"picked":"Defragment","floor":1.0},{"not_picked":["Undo","Glacier"],"picked":"Ball Lightning","floor":3.0},{"not_picked":["Barrage","Go for the Eyes","Reinforced Body"],"picked":"SKIP","floor":4.0},{"not_picked":["Barrage","Go for the Eyes"],"picked":"Beam Cell","floor":5.0},{"not_picked":["Heatsinks","Cold Snap"],"picked":"Gash","floor":6.0},{"not_picked":["Stack","Turbo"],"picked":"Leap","floor":7.0},{"not_picked":["Redo","Barrage","Chaos"],"picked":"SKIP","floor":8.0},{"not_picked":["Recycle","Turbo","Fusion"],"picked":"SKIP","floor":10.0},{"not_picked":["Recycle","Turbo"],"picked":"Fusion","floor":10.0},{"not_picked":["Multi-Cast","Skim"],"picked":"BootSequence","floor":11.0},{"not_picked":["Stack","Go for the Eyes"],"picked":"Conserve Battery","floor":12.0},{"not_picked":["Compile Driver","Storm","Sweeping Beam"],"picked":"SKIP","floor":14.0},{"not_picked":["Echo Form","All For One"],"picked":"Multi-Cast","floor":16.0},{"not_picked":[],"picked":"Conserve Battery+1","floor":18}],"player_experience":1155574,"relics_obtained":[{"floor":6.0,"key":"Gremlin Horn"},{"floor":9.0,"key":"Strawberry"}],"event_choices":[{"damage_healed":0,"gold_gain":0,"player_choice":"Fought Bandits","damage_taken":0,"max_hp_gain":0,"max_hp_loss":0,"event_name":"Masked Bandits","floor":19,"gold_loss":0}],"is_beta":false,"boss_relics":[{"not_picked":["Runic Dome","Black Star"],"picked":"Busted Crown"}],"items_purged_floors":[2],"is_endless":false,"potions_floor_spawned":[1,3,4,7,10],"killed_by":"Masked Bandits","ascension_level":7}