{"gold_per_floor":[17,292,306,317,328,354,367,367,392,425,438,438,438],"floor_reached":13,"playtime":3072,"items_purged":[],"score":165,"play_id":"0140fc75-cc3c-4933-951a-826ea6b95ee3","local_time":"20190415230754","is_ascension_mode":true,"campfire_choices":[{"floor":8.0,"key":"REST"}],"neow_cost":"NO_GOLD","seed_source_timestamp":0,"circlet_count":0,"master_deck":["AscendersBane","Strike_B","Strike_B","Strike_B","Strike_B","Defend_B","Defend_B","Defend_B","Defend_B","Zap","Dualcast","Panacea","Apotheosis","Glacier","Regret","Redo","BootSequence","Loop","White Noise","Conserve Battery"],"special_seed":0,"relics":["Cracked Core","Strawberry","Art of War","Ancient Tea Set"],"potions_floor_usage":[10,13],"damage_taken":[{"damage":5.0,"enemies":"2 Louse","floor":1.0,"turns":2.0},{"damage":5.0,"enemies":"Cultist","floor":3.0,"turns":4.0},{"damage":12.0,"enemies":"Small Slimes","floor":4.0,"turns":5.0},{"damage":8.0,"enemies":"Exordium Thugs","floor":5.0,"turns":5.0},{"damage":32.0,"enemies":"Gremlin Nob","floor":6.0,"turns":5.0},{"damage":3.0,"enemies":"2 Fungi Beasts","floor":7.0,"turns":4.0},{"damage":16,"enemies":"Lagavulin","floor":10,"turns":7},{"damage":0,"enemies":"Red Slaver","floor":11,"turns":3},{"damage":38,"enemies":"Gremlin Nob","floor":13,"turns":3}],"seed_played":"-5805175664579070585","potions_obtained":[{"floor":1.0,"key":"Ancient Potion"},{"floor":3.0,"key":"Dexterity Potion"},{"floor":6.0,"key":"Weak Potion"},{"floor":11,"key":"AttackPotion"}],"is_trial":false,"path_per_floor":["M","?","M","M","M","E","M","R","T","E","M","?","E"],"character_chosen":"DEFECT","items_purchased":[],"campfire_rested":1,"item_purchase_floors":[],"current_hp_per_floor":[59,59,54,42,34,9,6,29,29,13,13,13,0],"gold":438,"neow_bonus":"RANDOM_COLORLESS_2","is_prod":false,"is_daily":false,"chose_seed":false,"campfire_upgraded":0,"win_rate":0,"timestamp":1555384074,"path_taken":["M","?","M","?","?","E","M","R","T","E","M","?","E"],"build_version":"2019-01-23","purchased_purges":0,"victory":false,"max_hp_per_floor":[71,71,71,71,71,78,78,78,78,78,78,78,78],"card_choices":[{"not_picked":["Leap","Stack"],"picked":"Glacier","floor":1.0},{"not_picked":["Barrage","Rebound","Reprogram"],"picked":"SKIP","floor":3.0},{"not_picked":["Skim","Gash"],"picked":"Redo","floor":4.0},{"not_picked":["Coolheaded","Creative AI"],"picked":"BootSequence","floor":5.0},{"not_picked":["Stack","Barrage","Go for the Eyes"],"picked":"SKIP","floor":6.0},{"not_picked":["Turbo","Leap"],"picked":"Loop","floor":7.0},{"not_picked":["Sunder","Stack"],"picked":"White Noise","floor":10},{"not_picked":["Barrage","Aggregate"],"picked":"Conserve Battery","floor":11}],"player_experience":2756128,"relics_obtained":[{"floor":6.0,"key":"Strawberry"},{"floor":9.0,"key":"Art of War"},{"floor":10,"key":"Ancient Tea Set"}],"event_choices":[{"damage_healed":0.0,"max_hp_gain":0.0,"max_hp_loss":0.0,"gold_gain":275.0,"event_name":"Golden Shrine","player_choice":"Desecrate","floor":2.0,"gold_loss":0.0,"damage_taken":0.0,"cards_obtained":["Regret"]},{"damage_healed":0,"gold_gain":0,"player_choice":"Ignored","damage_taken":0,"max_hp_gain":0,"max_hp_loss":0,"event_name":"Golden Idol","floor":12,"gold_loss":0}],"is_beta":false,"boss_relics":[],"items_purged_floors":[],"is_endless":false,"potions_floor_spawned":[1,3,6,11],"killed_by":"Gremlin Nob","ascension_level":14}