{"gold_per_floor":[11,29,47,47,61,61,89,89,89,89,120,17,34,49,49,121,121,134,134,534,553,569,603,26,26,26,61,61,61,81,101,101,179,179,192,205,205,205,216,216,261,273,273,291,302,402,402,430,430,430],"floor_reached":51,"playtime":3579,"items_purged":[],"score":1541,"play_id":"e0cfbe10-acab-4afa-b089-a92f261f41ad","local_time":"20190520235614","is_ascension_mode":true,"campfire_choices":[{"data":"Distraction","floor":6,"key":"SMITH"},{"data":"Cloak And Dagger","floor":8,"key":"SMITH"},{"data":"Dash","floor":10,"key":"SMITH"},{"data":"Noxious Fumes","floor":15,"key":"SMITH"},{"floor":25,"key":"REST"},{"floor":29,"key":"REST"},{"floor":32,"key":"REST"},{"floor":40,"key":"REST"},{"floor":47,"key":"REST"},{"floor":49,"key":"REST"}],"neow_cost":"NO_GOLD","seed_source_timestamp":16543559011079,"circlet_count":0,"master_deck":["AscendersBane","Defend_G","Defend_G","Defend_G","Defend_G","Survivor","Neutralize","Slice","Escape Plan","Distraction+1","Blur+1","PiercingWail","Cloak And Dagger+1","Dash+1","Poisoned Stab","Noxious Fumes+1","Dagger Spray","After Image","Tactician","Wraith Form v2","Catalyst+1","Escape Plan","Cloak And Dagger","Noxious Fumes","Backflip","Leg Sweep","Noxious Fumes","Bullet Time","Cloak And Dagger+1","Madness","Madness","Bouncing Flask+1","Footwork","Crippling Poison+1","Catalyst+1","Footwork","Escape Plan+1"],"relics":["Ring of the Snake","Snake Skull","Question Card","Strawberry","Singing Bowl","Runic Pyramid","Old Coin","Molten Egg 2","War Paint","Mummified Hand","TwistedFunnel","The Specimen","Bronze Scales","Empty Cage","Ice Cream","Toxic Egg 2","Incense Burner","Sundial"],"potions_floor_usage":[7,7,16,45,46,50],"damage_taken":[{"damage":3,"enemies":"Cultist","floor":1,"turns":5},{"damage":6,"enemies":"2 Louse","floor":2,"turns":4},{"damage":1,"enemies":"Jaw Worm","floor":3,"turns":6},{"damage":0,"enemies":"Exordium Wildlife","floor":5,"turns":5},{"damage":1,"enemies":"3 Sentries","floor":7,"turns":16},{"damage":20,"enemies":"Lagavulin","floor":11,"turns":11},{"damage":0,"enemies":"3 Louse","floor":13,"turns":4},{"damage":0,"enemies":"2 Fungi Beasts","floor":14,"turns":3},{"damage":0,"enemies":"Hexaghost","floor":16,"turns":10},{"damage":4,"enemies":"Shell Parasite","floor":18,"turns":6},{"damage":16,"enemies":"Colosseum Slavers","floor":20,"turns":6},{"damage":2,"enemies":"Colosseum Nobs","floor":20,"turns":6},{"damage":12,"enemies":"Spheric Guardian","floor":21,"turns":6},{"damage":5,"enemies":"Shelled Parasite and Fungi","floor":22,"turns":5},{"damage":12,"enemies":"Book of Stabbing","floor":23,"turns":8},{"damage":23,"enemies":"Slavers","floor":27,"turns":4},{"damage":0,"enemies":"Chosen and Byrds","floor":30,"turns":4},{"damage":0,"enemies":"Sentry and Sphere","floor":31,"turns":5},{"damage":15,"enemies":"Collector","floor":33,"turns":5},{"damage":0,"enemies":"3 Shapes","floor":35,"turns":4},{"damage":3,"enemies":"3 Darklings","floor":36,"turns":4},{"damage":19,"enemies":"4 Shapes","floor":39,"turns":5},{"damage":37,"enemies":"2 Orb Walkers","floor":41,"turns":5},{"damage":2,"enemies":"Writhing Mass","floor":42,"turns":3},{"damage":8,"enemies":"Spire Growth","floor":44,"turns":6},{"damage":1,"enemies":"Jaw Worm Horde","floor":45,"turns":4},{"damage":0,"enemies":"Mind Bloom Boss Battle","floor":46,"turns":6},{"damage":0,"enemies":"Giant Head","floor":48,"turns":4},{"damage":1,"enemies":"Awakened One","floor":50,"turns":12}],"seed_played":"-1672454176089457619","potions_obtained":[{"floor":1,"key":"Fire Potion"},{"floor":2,"key":"EssenceOfSteel"},{"floor":14,"key":"SkillPotion"},{"floor":20,"key":"SteroidPotion"},{"floor":21,"key":"Fire Potion"},{"floor":41,"key":"EntropicBrew"}],"is_trial":false,"path_per_floor":["M","M","M","?","M","R","E","R","T","R","E","$","M","M","R","B",null,"M","?","?","M","M","E","$","R","T","E","$","R","M","M","R","B",null,"M","M","?","?","M","R","?","M","T","M","M","?","R","E","R","B",null],"character_chosen":"THE_SILENT","items_purchased":["Poisoned Stab","Noxious Fumes","Mummified Hand","TwistedFunnel","Noxious Fumes"],"campfire_rested":6,"item_purchase_floors":[12,12,24,24,24],"current_hp_per_floor":[56,50,49,44,44,44,43,43,50,50,32,32,32,34,34,34,66,64,64,46,34,29,19,19,43,43,20,20,44,44,44,68,53,74,74,73,73,58,39,63,26,24,24,16,15,17,42,42,67,66],"gold":430,"neow_bonus":"TRANSFORM_TWO_CARDS","is_prod":false,"is_daily":false,"chose_seed":false,"campfire_upgraded":4,"win_rate":0,"timestamp":1558414574,"path_taken":["M","?","M","?","M","R","E","R","T","R","E","$","M","M","R","BOSS","M","?","?","M","M","E","?","R","T","E","$","R","M","M","R","BOSS","M","M","?","?","M","R","?","M","T","M","M","?","R","E","R","BOSS"],"build_version":"2019-01-23","purchased_purges":0,"victory":true,"max_hp_per_floor":[66,66,66,66,66,66,66,66,73,73,75,75,75,77,77,77,77,79,79,79,79,79,81,81,81,81,81,81,81,81,81,81,81,81,81,83,83,83,83,83,83,83,83,83,83,85,85,85,85,85],"card_choices":[{"not_picked":["Expertise","Blade Dance"],"picked":"Distraction","floor":1},{"not_picked":["Finisher","Dodge and Roll"],"picked":"Blur","floor":2},{"not_picked":["Finisher","Acrobatics"],"picked":"PiercingWail","floor":3},{"not_picked":["Sucker Punch","Outmaneuver"],"picked":"Cloak And Dagger","floor":5},{"not_picked":["Dodge and Roll","PiercingWail"],"picked":"Dash","floor":7},{"not_picked":["Expertise","Tools of the Trade","Dagger Throw","Unload"],"picked":"Singing Bowl","floor":11},{"not_picked":["Concentrate","Slice","Outmaneuver"],"picked":"Dagger Spray","floor":13},{"not_picked":["Tools of the Trade","Dagger Spray","Sucker Punch","Quick Slash"],"picked":"Singing Bowl","floor":14},{"not_picked":["Wraith Form v2","Unload","A Thousand Cuts"],"picked":"After Image","floor":16},{"not_picked":["Acrobatics","Underhanded Strike","Terror","Dodge and Roll"],"picked":"Singing Bowl","floor":18},{"not_picked":["Endless Agony","Leg Sweep","Backstab"],"picked":"Catalyst","floor":20},{"not_picked":["Deadly Poison","Predator+1","Terror"],"picked":"Escape Plan","floor":21},{"not_picked":["Prepared","Dash+1","Expertise"],"picked":"Cloak And Dagger","floor":22},{"not_picked":["Choke+1","Sucker Punch+1","Dodge and Roll","Grand Finale+1"],"picked":"Singing Bowl","floor":23},{"not_picked":["Dagger Spray+1","Poisoned Stab+1","Well Laid Plans"],"picked":"Backflip","floor":27},{"not_picked":["Acrobatics","Prepared","Caltrops"],"picked":"Leg Sweep","floor":30},{"not_picked":["Calculated Gamble","Flying Knee+1","Deadly Poison"],"picked":"Noxious Fumes","floor":31},{"not_picked":["Venomology","Storm of Steel","After Image"],"picked":"Bullet Time","floor":33},{"not_picked":["Eviscerate+1","Calculated Gamble","Quick Slash+1"],"picked":"Cloak And Dagger+1","floor":35},{"not_picked":["Noxious Fumes","Prepared","Dagger Spray+1","Sucker Punch+1"],"picked":"Singing Bowl","floor":36},{"not_picked":["Dagger Spray+1","Riddle With Holes+1","Poisoned Stab+1"],"picked":"Bouncing Flask+1","floor":39},{"not_picked":["Crippling Poison","Prepared","Blade Dance+1"],"picked":"Footwork","floor":41},{"not_picked":["Cloak And Dagger","Skewer+1","Outmaneuver"],"picked":"Crippling Poison+1","floor":42},{"not_picked":["Deflect+1","Outmaneuver+1","Dagger Throw+1"],"picked":"Catalyst+1","floor":44},{"not_picked":["Riddle With Holes+1","Backflip+1","Skewer+1"],"picked":"Footwork","floor":45},{"not_picked":["Dagger Throw+1","Deflect+1","A Thousand Cuts","Sucker Punch+1"],"picked":"Singing Bowl","floor":46},{"not_picked":["Dodge and Roll+1","Outmaneuver+1","Bullet Time+1"],"picked":"Escape Plan+1","floor":48}],"player_experience":699210,"relics_obtained":[{"floor":7,"key":"Question Card"},{"floor":9,"key":"Strawberry"},{"floor":11,"key":"Singing Bowl"},{"floor":20,"key":"Old Coin"},{"floor":20,"key":"Molten Egg 2"},{"floor":23,"key":"War Paint"},{"floor":26,"key":"The Specimen"},{"floor":27,"key":"Bronze Scales"},{"floor":41,"key":"Ice Cream"},{"floor":43,"key":"Toxic Egg 2"},{"floor":46,"key":"Incense Burner"},{"floor":48,"key":"Sundial"}],"event_choices":[{"damage_healed":0,"gold_gain":0,"player_choice":"Success","damage_taken":5,"relics_obtained":["Snake Skull"],"max_hp_gain":0,"max_hp_loss":0,"event_name":"Scrap Ooze","floor":4,"gold_loss":0},{"damage_healed":0,"gold_gain":0,"cards_transformed":["Strike_G","Strike_G"],"player_choice":"Became Test Subject","damage_taken":0,"max_hp_gain":0,"max_hp_loss":0,"event_name":"Drug Dealer","floor":19,"gold_loss":0,"cards_obtained":["Tactician","Wraith Form v2"]},{"damage_healed":0,"gold_gain":0,"player_choice":"Fight","damage_taken":0,"max_hp_gain":0,"max_hp_loss":0,"event_name":"Colosseum","floor":20,"gold_loss":0},{"damage_healed":0,"gold_gain":0,"player_choice":"Fought Nobs","damage_taken":0,"max_hp_gain":0,"max_hp_loss":0,"event_name":"Colosseum","floor":20,"gold_loss":0},{"damage_healed":0,"gold_gain":0,"player_choice":"Ignored","damage_taken":0,"max_hp_gain":0,"max_hp_loss":0,"event_name":"Tomb of Lord Red Mask","floor":37,"gold_loss":0},{"damage_healed":0,"gold_gain":0,"player_choice":"Embrace Madness","damage_taken":15,"max_hp_gain":0,"max_hp_loss":0,"event_name":"Winding Halls","floor":38,"gold_loss":0,"cards_obtained":["Madness","Madness"]},{"damage_healed":0,"gold_gain":0,"player_choice":"Fight","damage_taken":0,"max_hp_gain":0,"max_hp_loss":0,"event_name":"Mysterious Sphere","floor":41,"gold_loss":0},{"damage_healed":0,"gold_gain":0,"player_choice":"Fight","damage_taken":0,"max_hp_gain":0,"max_hp_loss":0,"event_name":"MindBloom","floor":46,"gold_loss":0}],"is_beta":false,"boss_relics":[{"not_picked":["Eternal Feather","Ring of the Serpent"],"picked":"Runic Pyramid"},{"not_picked":["Fusion Hammer","Pandora\u0027s Box"],"picked":"Empty Cage"}],"items_purged_floors":[],"is_endless":false,"potions_floor_spawned":[1,2,3,14,20,21,22,27,31,39,41,42],"ascension_level":17}