{"gold_per_floor":[110,121,121,121,45,45,76,76,76,102,102,102,119,119,119,245,245,219,17,17,37,51,82,103,103],"floor_reached":25,"playtime":1200,"items_purged":["Injury"],"score":254,"play_id":"126e21c3-3787-419a-b24b-844e4ec98d16","local_time":"20190417140505","is_ascension_mode":false,"campfire_choices":[{"data":"After Image","floor":6,"key":"SMITH"},{"data":"Noxious Fumes","floor":12,"key":"SMITH"},{"data":"Neutralize","floor":15,"key":"SMITH"}],"neow_cost":"NONE","seed_source_timestamp":360816465335250,"circlet_count":0,"master_deck":["Defend_G+1","Defend_G+1","Defend_G+1","Defend_G+1","Defend_G+1","Strike_G+1","Strike_G+1","Strike_G+1","Strike_G+1","Strike_G+1","Survivor","Neutralize+1","Blade Dance","Flying Knee+1","After Image+1","Noxious Fumes","Noxious Fumes+1","All Out Attack+1","Envenom","Noxious Fumes","Infinite Blades","Underhanded Strike+1","Backflip","Backstab+1","Deflect"],"relics":["Ring of the Snake","NeowsBlessing","Oddly Smooth Stone","Bottled Flame","Molten Egg 2","Bird Faced Urn","Golden Idol","Cursed Key","Girya"],"potions_floor_usage":[16,22,23,24,25],"damage_taken":[{"damage":0,"enemies":"2 Louse","floor":1,"turns":1},{"damage":0,"enemies":"Jaw Worm","floor":2,"turns":1},{"damage":0,"enemies":"Lagavulin","floor":7,"turns":1},{"damage":24,"enemies":"Gremlin Nob","floor":10,"turns":5},{"damage":4,"enemies":"Small Slimes","floor":13,"turns":5},{"damage":1,"enemies":"Hexaghost","floor":16,"turns":9},{"damage":20,"enemies":"2 Thieves","floor":18,"turns":5},{"damage":7,"enemies":"Chosen","floor":21,"turns":5},{"damage":21,"enemies":"Snecko","floor":22,"turns":5},{"damage":60,"enemies":"Slavers","floor":23,"turns":5},{"damage":7,"enemies":"Cultist and Chosen","floor":24,"turns":4},{"damage":15,"enemies":"Gremlin Leader","floor":25,"turns":4}],"seed_played":"1840107955863941128","potions_obtained":[{"floor":1,"key":"LiquidBronze"},{"floor":7,"key":"Poison Potion"},{"floor":18,"key":"Energy Potion"},{"floor":21,"key":"SteroidPotion"},{"floor":23,"key":"PowerPotion"}],"is_trial":false,"path_per_floor":["M","M","?","?","$","R","E","?","T","E","T","R","M","?","R","B",null,"M","$","?","M","M","E","M","E"],"character_chosen":"THE_SILENT","items_purchased":["After Image","Infinite Blades","Dexterity Potion"],"campfire_rested":0,"item_purchase_floors":[5,19,19],"current_hp_per_floor":[70,70,70,56,56,56,56,61,61,37,37,37,39,39,39,44,75,59,59,59,62,51,3,4,0],"gold":103,"neow_bonus":"THREE_ENEMY_KILL","is_prod":false,"is_daily":false,"chose_seed":false,"campfire_upgraded":3,"win_rate":0.0,"timestamp":1555535105,"path_taken":["M","M","?","?","?","R","E","?","T","E","?","R","M","?","R","BOSS","M","$","?","M","M","E","M","E"],"build_version":"2019-01-23","purchased_purges":1,"victory":false,"max_hp_per_floor":[70,70,70,70,70,70,70,75,75,75,75,75,75,75,75,75,75,75,75,75,75,75,75,75,75],"card_choices":[{"not_picked":["Caltrops","Masterful Stab"],"picked":"Blade Dance","floor":1},{"not_picked":["Predator","Acrobatics"],"picked":"Flying Knee","floor":2},{"not_picked":["Acrobatics","Dash"],"picked":"Noxious Fumes","floor":7},{"not_picked":["Blur","Adrenaline"],"picked":"Noxious Fumes","floor":10},{"not_picked":["Finisher+1","PiercingWail"],"picked":"All Out Attack+1","floor":13},{"not_picked":["Venomology","Adrenaline"],"picked":"Envenom","floor":16},{"not_picked":["Calculated Gamble","Dagger Spray+1"],"picked":"Noxious Fumes","floor":18},{"not_picked":["Finisher+1","Backstab+1"],"picked":"Underhanded Strike+1","floor":21},{"not_picked":["Dagger Spray+1","Dodge and Roll+1"],"picked":"Backflip","floor":22},{"not_picked":["Masterful Stab+1","Distraction"],"picked":"Backstab+1","floor":23},{"not_picked":["Blur","Noxious Fumes"],"picked":"Deflect","floor":24}],"player_experience":4221,"relics_obtained":[{"floor":7,"key":"Oddly Smooth Stone"},{"floor":9,"key":"Bottled Flame"},{"floor":10,"key":"Molten Egg 2"},{"floor":11,"key":"Bird Faced Urn"},{"floor":23,"key":"Girya"}],"event_choices":[{"damage_healed":0,"gold_gain":0,"player_choice":"Ignored","damage_taken":0,"max_hp_gain":0,"max_hp_loss":0,"event_name":"Golden Wing","floor":3,"gold_loss":0},{"damage_healed":0,"gold_gain":0,"player_choice":"Entered Light","damage_taken":14,"max_hp_gain":0,"max_hp_loss":0,"event_name":"Shining Light","floor":4,"gold_loss":0,"cards_upgraded":["Flying Knee","Defend_G"]},{"damage_healed":0,"gold_gain":0,"player_choice":"Donut","damage_taken":0,"max_hp_gain":5,"max_hp_loss":0,"event_name":"Big Fish","floor":8,"gold_loss":0},{"damage_healed":0,"gold_gain":0,"player_choice":"Take Wound","damage_taken":0,"relics_obtained":["Golden Idol"],"max_hp_gain":0,"max_hp_loss":0,"event_name":"Golden Idol","floor":14,"gold_loss":0,"cards_obtained":["Injury"]},{"damage_healed":0,"gold_gain":0,"player_choice":"Simplicity","damage_taken":0,"max_hp_gain":0,"max_hp_loss":0,"event_name":"Back to Basics","floor":20,"gold_loss":0,"cards_upgraded":["Defend_G","Defend_G","Defend_G","Defend_G","Strike_G","Strike_G","Strike_G","Strike_G","Strike_G"]}],"is_beta":false,"boss_relics":[{"not_picked":["Sozu","Eternal Feather"],"picked":"Cursed Key"}],"items_purged_floors":[19],"is_endless":false,"potions_floor_spawned":[1,7,18,21,23],"killed_by":"Gremlin Leader","ascension_level":0}