{"gold_per_floor":[112,37,37,58,58,97,97,22,48,48,66,90,108,8,8,103,103,121,145,161,36,36],"floor_reached":22,"playtime":1306,"items_purged":["Strike_G","Defend_G","Strike_G"],"score":369,"play_id":"21296f3e-8edf-4f47-baeb-20eafe7a8d41","local_time":"20190510104108","is_ascension_mode":true,"campfire_choices":[{"data":"Footwork","floor":7,"key":"SMITH"},{"data":"Neutralize","floor":10,"key":"SMITH"},{"data":"Envenom","floor":15,"key":"SMITH"}],"neow_cost":"NONE","seed_source_timestamp":3531532407338867,"circlet_count":0,"master_deck":["AscendersBane","Defend_G","Defend_G","Defend_G","Strike_G","Strike_G","Strike_G","Survivor","Neutralize+1","Footwork+1","Deflect","Well Laid Plans","Envenom+1","After Image","Noxious Fumes","Cloak And Dagger"],"relics":["Ring of the Snake","NeowsBlessing","Golden Idol","GremlinMask","Shuriken","Happy Flower","Black Star"],"potions_floor_usage":[16,16,18,19,22],"damage_taken":[{"damage":0,"enemies":"Cultist","floor":1,"turns":1},{"damage":0,"enemies":"2 Louse","floor":4,"turns":1},{"damage":0,"enemies":"Gremlin Nob","floor":6,"turns":1},{"damage":0,"enemies":"Small Slimes","floor":11,"turns":5},{"damage":6,"enemies":"Exordium Thugs","floor":12,"turns":5},{"damage":6,"enemies":"Large Slime","floor":13,"turns":8},{"damage":18,"enemies":"Hexaghost","floor":16,"turns":11},{"damage":11,"enemies":"Shell Parasite","floor":18,"turns":7},{"damage":24,"enemies":"3 Byrds","floor":19,"turns":6},{"damage":7,"enemies":"Centurion and Healer","floor":20,"turns":9},{"damage":14,"enemies":"Cultist and Chosen","floor":22,"turns":6}],"seed_played":"6440255965686880688","potions_obtained":[{"floor":4,"key":"Fire Potion"},{"floor":6,"key":"Regen Potion"},{"floor":16,"key":"Poison Potion"},{"floor":18,"key":"PowerPotion"},{"floor":19,"key":"GhostInAJar"}],"is_trial":false,"path_per_floor":["M","?","?","M","?","E","R","$","T","R","M","M","M","$","R","B",null,"M","M","M","$","M"],"character_chosen":"THE_SILENT","items_purchased":[],"campfire_rested":0,"item_purchase_floors":[],"current_hp_per_floor":[59,59,59,59,59,59,59,59,59,59,59,53,47,47,47,44,56,45,21,14,14,0],"gold":36,"neow_bonus":"THREE_ENEMY_KILL","is_prod":false,"is_daily":false,"chose_seed":false,"campfire_upgraded":3,"win_rate":0,"timestamp":1557477668,"path_taken":["M","?","?","M","?","E","R","$","T","R","M","?","M","$","R","BOSS","M","M","M","$","M"],"build_version":"2019-01-23","purchased_purges":3,"victory":false,"max_hp_per_floor":[66,66,60,60,60,60,60,60,60,60,60,60,60,60,60,60,60,60,60,60,60,60],"card_choices":[{"not_picked":["PiercingWail","Choke"],"picked":"Footwork","floor":1},{"not_picked":["Underhanded Strike","Acrobatics","Poisoned Stab"],"picked":"SKIP","floor":4},{"not_picked":["Dagger Spray","PiercingWail"],"picked":"Deflect","floor":6},{"not_picked":["Accuracy","Bane"],"picked":"Well Laid Plans","floor":11},{"not_picked":["Quick Slash","Underhanded Strike"],"picked":"Envenom","floor":12},{"not_picked":["Dodge and Roll","Skewer","Prepared"],"picked":"SKIP","floor":13},{"not_picked":["Glass Knife","Storm of Steel"],"picked":"After Image","floor":16},{"not_picked":["Poisoned Stab+1","Accuracy"],"picked":"Noxious Fumes","floor":18},{"not_picked":["Flying Knee","Sucker Punch","Acrobatics"],"picked":"SKIP","floor":19},{"not_picked":["Deadly Poison","Backstab"],"picked":"Cloak And Dagger","floor":20}],"player_experience":507055,"relics_obtained":[{"floor":6,"key":"Shuriken"},{"floor":9,"key":"Happy Flower"}],"event_choices":[{"cards_removed":["Defend_G"],"damage_healed":0,"gold_gain":0,"player_choice":"Card Removal","damage_taken":0,"max_hp_gain":0,"max_hp_loss":0,"event_name":"The Cleric","floor":2,"gold_loss":75},{"damage_healed":0,"gold_gain":0,"player_choice":"Lose Max HP","damage_taken":0,"relics_obtained":["Golden Idol"],"max_hp_gain":0,"max_hp_loss":6,"event_name":"Golden Idol","floor":3,"gold_loss":0},{"damage_healed":0,"gold_gain":0,"player_choice":"Trade","damage_taken":0,"relics_obtained":["GremlinMask"],"max_hp_gain":0,"max_hp_loss":0,"event_name":"FaceTrader","floor":5,"gold_loss":0}],"is_beta":false,"boss_relics":[{"not_picked":["Runic Pyramid","Ectoplasm"],"picked":"Black Star"}],"items_purged_floors":[8,14,21],"is_endless":false,"potions_floor_spawned":[4,6,16,18,19],"killed_by":"Cultist and Chosen","ascension_level":15}