{"gold_per_floor":[112,130,55,55,67,98,98,98,121,121,141,141,41,41,41,41],"floor_reached":16,"playtime":526,"items_purged":["Defend_R","Strike_R"],"score":274,"play_id":"0fe96031-58a3-4f74-94cf-b135ab275a0f","local_time":"20190428164538","is_ascension_mode":true,"campfire_choices":[{"floor":7,"key":"REST"},{"floor":12,"key":"REST"},{"data":"Cleave","floor":15,"key":"SMITH"}],"neow_cost":"NONE","seed_source_timestamp":0,"circlet_count":0,"master_deck":["AscendersBane","Strike_R","Strike_R+1","Defend_R+1","Defend_R+1","Bash","Rage+1","Pommel Strike","Heavy Blade","Reaper","Cleave+1"],"special_seed":0,"relics":["Burning Blood","War Paint","Blood Vial"],"potions_floor_usage":[11,16],"damage_taken":[{"damage":3,"enemies":"2 Louse","floor":1,"turns":3},{"damage":11,"enemies":"Cultist","floor":2,"turns":5},{"damage":0,"enemies":"Small Slimes","floor":5,"turns":3},{"damage":57,"enemies":"Lagavulin","floor":6,"turns":7},{"damage":0,"enemies":"3 Louse","floor":11,"turns":3},{"damage":72,"enemies":"Slime Boss","floor":16,"turns":8}],"seed_played":"-2874432998548568471","potions_obtained":[{"floor":5,"key":"BloodPotion"},{"floor":6,"key":"Explosive Potion"}],"is_trial":false,"path_per_floor":["M","M","$","?","M","E","R","$","T","?","M","R","$","?","R","B"],"character_chosen":"IRONCLAD","items_purchased":[],"campfire_rested":2,"item_purchase_floors":[],"current_hp_per_floor":[71,66,66,66,72,25,47,47,47,24,36,58,58,58,58,0],"gold":41,"neow_bonus":"REMOVE_CARD","is_prod":false,"is_daily":false,"chose_seed":false,"campfire_upgraded":1,"win_rate":0,"timestamp":1556478938,"path_taken":["M","M","$","?","?","E","R","$","T","?","M","R","$","?","R","BOSS"],"build_version":"2019-01-23","purchased_purges":2,"victory":false,"max_hp_per_floor":[75,75,75,75,75,75,75,75,75,75,75,75,75,75,75,75],"card_choices":[{"not_picked":["Body Slam","Dual Wield"],"picked":"Rage","floor":1},{"not_picked":["Ghostly Armor","True Grit"],"picked":"Pommel Strike","floor":2},{"not_picked":["Dual Wield","Wild Strike"],"picked":"Reaper","floor":5},{"not_picked":["Body Slam","Spot Weakness"],"picked":"Cleave","floor":6},{"not_picked":["Headbutt","Power Through","Body Slam"],"picked":"SKIP","floor":11}],"player_experience":1159144,"relics_obtained":[{"floor":6,"key":"War Paint"},{"floor":9,"key":"Blood Vial"}],"event_choices":[{"damage_healed":0,"gold_gain":0,"cards_transformed":["Defend_R"],"player_choice":"Transformed","damage_taken":0,"max_hp_gain":0,"max_hp_loss":0,"event_name":"Transmorgrifier","floor":4,"gold_loss":0,"cards_obtained":["Heavy Blade"]},{"damage_healed":0,"gold_gain":0,"player_choice":"Entered Light","damage_taken":23,"max_hp_gain":0,"max_hp_loss":0,"event_name":"Shining Light","floor":10,"gold_loss":0,"cards_upgraded":["Defend_R","Strike_R"]},{"cards_removed":["Strike_R"],"damage_healed":0,"gold_gain":0,"player_choice":"Forget","damage_taken":0,"max_hp_gain":0,"max_hp_loss":0,"event_name":"Living Wall","floor":14,"gold_loss":0}],"is_beta":false,"boss_relics":[],"items_purged_floors":[3,13],"is_endless":false,"potions_floor_spawned":[5,6],"killed_by":"Slime Boss","ascension_level":17}