{"gold_per_floor":[118,118,132,58,58,88,26,26,26,46,46,46,46],"floor_reached":13,"playtime":386,"items_purged":[],"score":146,"play_id":"41cb65af-ee0e-4d02-ae7c-30606c15504c","local_time":"20190520195734","is_ascension_mode":true,"campfire_choices":[{"floor":8,"key":"REST"},{"floor":11,"key":"REST"}],"neow_cost":"PERCENT_DAMAGE","seed_source_timestamp":335789341954400,"circlet_count":0,"master_deck":["AscendersBane","Strike_B","Strike_B","Defend_B","Defend_B","Defend_B","Defend_B","Zap","Dualcast","Loop","Auto Shields","Hello World","Reboot","Self Repair","Force Field"],"relics":["Cracked Core","Bird Faced Urn","The Courier","Bag of Preparation","Torii"],"potions_floor_usage":[6],"damage_taken":[{"damage":1,"enemies":"2 Louse","floor":1,"turns":2},{"damage":3,"enemies":"Jaw Worm","floor":3,"turns":4},{"damage":35,"enemies":"3 Sentries","floor":6,"turns":6},{"damage":13,"enemies":"Small Slimes","floor":10,"turns":5},{"damage":12,"enemies":"Gremlin Gang","floor":13,"turns":2}],"seed_played":"5189228596455767895","potions_obtained":[{"floor":3,"key":"PowerPotion"}],"is_trial":false,"path_per_floor":["M","?","M","$","?","E","$","R","T","M","R","?","M"],"character_chosen":"DEFECT","items_purchased":["Hello World","Self Repair"],"campfire_rested":2,"item_purchase_floors":[4,7],"current_hp_per_floor":[45,45,44,44,37,10,10,31,31,31,52,7,0],"gold":46,"neow_bonus":"ONE_RARE_RELIC","is_prod":false,"is_daily":false,"chose_seed":false,"campfire_upgraded":0,"win_rate":0,"timestamp":1558396654,"path_taken":["M","?","M","$","?","E","$","R","T","M","R","?","M"],"build_version":"2019-01-23","purchased_purges":0,"victory":false,"max_hp_per_floor":[71,71,71,71,71,71,71,71,71,71,71,71,71],"card_choices":[{"not_picked":["Redo","Rebound","Turbo"],"picked":"SKIP","floor":1},{"not_picked":["Coolheaded","Fission"],"picked":"Auto Shields","floor":3},{"not_picked":["Hologram","Consume"],"picked":"Reboot","floor":6},{"not_picked":["Rip and Tear","Beam Cell"],"picked":"Force Field","floor":10}],"player_experience":2924868,"relics_obtained":[{"floor":6,"key":"The Courier"},{"floor":9,"key":"Bag of Preparation"}],"event_choices":[{"damage_healed":0,"gold_gain":0,"cards_transformed":["Strike_B"],"player_choice":"Change","damage_taken":0,"max_hp_gain":0,"max_hp_loss":0,"event_name":"Living Wall","floor":2,"gold_loss":0,"cards_obtained":["Loop"]},{"cards_removed":["Strike_B"],"damage_healed":0,"gold_gain":0,"player_choice":"Card Removal","damage_taken":7,"max_hp_gain":0,"max_hp_loss":0,"event_name":"Golden Wing","floor":5,"gold_loss":0},{"damage_healed":0,"gold_gain":0,"player_choice":"Success","damage_taken":45,"relics_obtained":["Torii"],"max_hp_gain":0,"max_hp_loss":0,"event_name":"Scrap Ooze","floor":12,"gold_loss":0}],"is_beta":false,"boss_relics":[],"items_purged_floors":[],"is_endless":false,"potions_floor_spawned":[3],"killed_by":"Gremlin Gang","ascension_level":16}