{"gold_per_floor":[113,131,81,156,175,175,187,187,187,215,215,238,257,280,280,405,405,428,428,101,101,119,119,119,119,166,166,7,32,157,172,172,172],"floor_reached":33,"playtime":2757,"items_purged":["Defend_B"],"score":259,"play_id":"45d5cdf4-52f6-419a-bd99-16a2df3193ce","local_time":"20181221203232","is_ascension_mode":true,"campfire_choices":[{"floor":6,"key":"RECALL"},{"data":"Zap","floor":8,"key":"SMITH"},{"floor":15,"key":"REST"},{"data":"Apotheosis","floor":23,"key":"SMITH"},{"data":"Rainbow","floor":25,"key":"SMITH"},{"data":"Chaos","floor":27,"key":"SMITH"},{"floor":32,"key":"REST"}],"neow_cost":"TEN_PERCENT_HP_LOSS","seed_source_timestamp":588047066781363,"circlet_count":0,"master_deck":["Strike_B","Strike_B","Strike_B","Defend_B","Defend_B+1","Defend_B","Zap+1","Dualcast","Loop","Beam Cell","Chaos+1","Hologram","Chill+1","Tempest","Self Repair","Rainbow+1","Echo Form","Apotheosis+1","Electrodynamics","Redo"],"relics":["Cracked Core","Mango","Molten Egg 2","Golden Idol","Busted Crown","Gambling Chip","Pear","War Paint","Calipers","Pantograph"],"potions_floor_usage":[16,16,16,18,30,33],"damage_taken":[{"damage":6,"enemies":"Cultist","floor":1,"turns":4},{"damage":0,"enemies":"Small Slimes","floor":2,"turns":3},{"damage":0,"enemies":"2 Louse","floor":5,"turns":2},{"damage":5,"enemies":"Looter","floor":7,"turns":4},{"damage":32,"enemies":"3 Sentries","floor":10,"turns":10},{"damage":0,"enemies":"Large Slime","floor":12,"turns":4},{"damage":12,"enemies":"Exordium Thugs","floor":13,"turns":4},{"damage":0,"enemies":"Exordium Wildlife","floor":14,"turns":3},{"damage":30,"enemies":"Hexaghost","floor":16,"turns":10},{"damage":8,"enemies":"Spheric Guardian","floor":18,"turns":3},{"damage":22,"enemies":"Shell Parasite","floor":22,"turns":4},{"damage":5,"enemies":"3 Cultists","floor":29,"turns":3},{"damage":16,"enemies":"Colosseum Slavers","floor":30,"turns":2},{"damage":43,"enemies":"Colosseum Nobs","floor":30,"turns":4},{"damage":13,"enemies":"Centurion and Healer","floor":31,"turns":4},{"damage":83,"enemies":"Collector","floor":33,"turns":7}],"seed_played":"-5723251958044149625","potions_obtained":[{"floor":1,"key":"EssenceOfSteel"},{"floor":2,"key":"SpeedPotion"},{"floor":12,"key":"Poison Potion"},{"floor":16,"key":"Block Potion"},{"floor":29,"key":"Weak Potion"},{"floor":31,"key":"Energy Potion"}],"is_trial":false,"path_per_floor":["M","M","?","?","M","R","M","R","T","E","?","M","M","M","R","B",null,"M","?","$","T","M","R","?","R","T","R","$","M","?","M","R","B"],"character_chosen":"DEFECT","items_purchased":["Echo Form","Apotheosis","Electrodynamics"],"campfire_rested":2,"item_purchase_floors":[20,20,28],"current_hp_per_floor":[76,76,76,65,65,65,60,60,60,28,28,28,16,23,45,22,76,75,68,68,68,56,56,66,66,66,66,66,71,19,16,41,0],"gold":172,"neow_bonus":"ONE_RARE_RELIC","is_prod":false,"is_daily":false,"chose_seed":false,"campfire_upgraded":4,"win_rate":0,"timestamp":1545442352,"path_taken":["M","?","?","?","M","R","M","R","T","E","?","M","M","M","R","BOSS","M","?","?","?","M","R","?","R","T","R","$","?","?","M","R","BOSS"],"build_version":"2018-12-20","purchased_purges":1,"victory":false,"max_hp_per_floor":[82,82,82,82,82,82,82,82,82,82,76,76,76,76,76,76,76,76,76,76,76,76,76,86,86,86,86,86,86,86,86,86,86],"card_choices":[{"not_picked":["Genetic Algorithm","Steam Power"],"picked":"Loop","floor":1},{"not_picked":["Steam","Leap"],"picked":"Beam Cell","floor":2},{"not_picked":["Auto Shields","Barrage"],"picked":"Chaos","floor":5},{"not_picked":["Cold Snap","Recycle"],"picked":"Hologram","floor":7},{"not_picked":["Hologram","Hyperbeam"],"picked":"Chill","floor":10},{"not_picked":["Compile Driver+1","Fusion"],"picked":"Tempest","floor":12},{"not_picked":["Compile Driver+1","Blizzard+1"],"picked":"Self Repair","floor":13},{"not_picked":["Barrage+1","Skim","Hologram"],"picked":"SKIP","floor":14},{"not_picked":["Buffer","Amplify"],"picked":"Rainbow","floor":16},{"not_picked":["Redo"],"picked":"SKIP","floor":18},{"not_picked":["Reprogram"],"picked":"SKIP","floor":22},{"not_picked":["Sweeping Beam+1"],"picked":"SKIP","floor":29},{"not_picked":[],"picked":"Redo","floor":31}],"player_experience":154415,"relics_obtained":[{"floor":10,"key":"Molten Egg 2"},{"floor":21,"key":"Gambling Chip"},{"floor":26,"key":"War Paint"},{"floor":30,"key":"Calipers"},{"floor":30,"key":"Pantograph"}],"event_choices":[{"cards_removed":["Strike_B"],"damage_healed":0,"gold_gain":0,"player_choice":"Card Removal","damage_taken":0,"max_hp_gain":0,"max_hp_loss":0,"event_name":"The Cleric","floor":3,"gold_loss":50},{"damage_healed":0,"gold_gain":75,"player_choice":"Gather Gold","damage_taken":11,"max_hp_gain":0,"max_hp_loss":0,"event_name":"World of Goop","floor":4,"gold_loss":0},{"damage_healed":0,"gold_gain":0,"player_choice":"Lose Max HP","damage_taken":0,"relics_obtained":["Golden Idol"],"max_hp_gain":0,"max_hp_loss":6,"event_name":"Golden Idol","floor":11,"gold_loss":0},{"damage_healed":0,"gold_gain":0,"player_choice":"Damaged","damage_taken":7,"max_hp_gain":0,"max_hp_loss":0,"event_name":"Wheel of Change","floor":19,"gold_loss":0},{"damage_healed":0,"gold_gain":0,"player_choice":"Opened","damage_taken":0,"relics_obtained":["Pear"],"max_hp_gain":0,"max_hp_loss":0,"event_name":"The Mausoleum","floor":24,"gold_loss":0},{"damage_healed":0,"gold_gain":0,"player_choice":"Fight","damage_taken":0,"max_hp_gain":0,"max_hp_loss":0,"event_name":"Colosseum","floor":30,"gold_loss":0},{"damage_healed":0,"gold_gain":0,"player_choice":"Fought Nobs","damage_taken":0,"max_hp_gain":0,"max_hp_loss":0,"event_name":"Colosseum","floor":30,"gold_loss":0}],"is_beta":false,"boss_relics":[{"not_picked":["Nuclear Battery","Fusion Hammer"],"picked":"Busted Crown"}],"items_purged_floors":[20],"is_endless":false,"potions_floor_spawned":[1,2,12,13,16,29,31],"killed_by":"Collector","ascension_level":1}