{"gold_per_floor":[111,36,311,324,37,37,63,74,101,115,144,154,154,54,54,132,132,148,107,107,107,119,119,75,75,75,75,101,101,101,131,131,131],"floor_reached":33,"playtime":1350,"items_purged":["Regret","Strike_G"],"score":588,"play_id":"315c97cf-f280-4d53-96ff-ee56739ee3ca","local_time":"20190520225556","is_ascension_mode":true,"campfire_choices":[{"data":"Footwork","floor":6,"key":"SMITH"},{"floor":13,"key":"REST"},{"data":"Neutralize","floor":15,"key":"SMITH"},{"floor":23,"key":"REST"},{"data":"Envenom","floor":25,"key":"SMITH"},{"floor":27,"key":"REST"},{"floor":30,"key":"REST"},{"floor":32,"key":"REST"}],"neow_cost":"NONE","seed_source_timestamp":15165376961870,"circlet_count":0,"master_deck":["AscendersBane","Defend_G","Defend_G","Defend_G","Defend_G+1","Defend_G","Strike_G","Strike_G","Strike_G","Survivor","Neutralize+1","Crippling Poison","Footwork+1","Backflip+1","Poisoned Stab","Poisoned Stab","Poisoned Stab","Dash","Deflect","Envenom+1","Cloak And Dagger","PiercingWail","Dodge and Roll","Noxious Fumes","Backflip+1","Backstab"],"relics":["Ring of the Snake","NeowsBlessing","Snake Skull","War Paint","Shuriken","Philosopher\u0027s Stone","Nunchaku","Darkstone Periapt","Lantern","Letter Opener"],"potions_floor_usage":[11,16,19,19,22,29,31],"damage_taken":[{"damage":0,"enemies":"Small Slimes","floor":1,"turns":1},{"damage":0,"enemies":"Jaw Worm","floor":4,"turns":1},{"damage":0,"enemies":"3 Sentries","floor":7,"turns":1},{"damage":0,"enemies":"Cultist","floor":8,"turns":3},{"damage":16,"enemies":"Red Slaver","floor":10,"turns":4},{"damage":16,"enemies":"Gremlin Nob","floor":11,"turns":4},{"damage":1,"enemies":"Blue Slaver","floor":12,"turns":3},{"damage":18,"enemies":"Slime Boss","floor":16,"turns":17},{"damage":12,"enemies":"Chosen","floor":18,"turns":5},{"damage":8,"enemies":"2 Thieves","floor":19,"turns":5},{"damage":1,"enemies":"Centurion and Healer","floor":22,"turns":9},{"damage":13,"enemies":"Book of Stabbing","floor":28,"turns":6},{"damage":0,"enemies":"3 Cultists","floor":29,"turns":2},{"damage":32,"enemies":"Slavers","floor":31,"turns":8},{"damage":88,"enemies":"Collector","floor":33,"turns":6}],"seed_played":"-5464287409772605308","potions_obtained":[{"floor":4,"key":"Block Potion"},{"floor":8,"key":"PowerPotion"},{"floor":12,"key":"Weak Potion"},{"floor":16,"key":"Weak Potion"},{"floor":19,"key":"EntropicBrew"},{"floor":22,"key":"AttackPotion"}],"is_trial":false,"path_per_floor":["M","?","?","M","$","R","E","M","T","M","E","M","R","$","R","B",null,"M","M","T","?","M","R","$","R","T","R","E","M","R","E","R","B"],"character_chosen":"THE_SILENT","items_purchased":["Footwork","Backflip","Poisoned Stab","PowerPotion","Noxious Fumes"],"campfire_rested":5,"item_purchase_floors":[5,5,5,5,24],"current_hp_per_floor":[59,59,59,59,59,59,59,59,59,43,27,26,45,45,45,27,56,44,36,36,18,17,38,38,38,38,59,46,46,67,35,56,0],"gold":131,"neow_bonus":"THREE_ENEMY_KILL","is_prod":false,"is_daily":false,"chose_seed":false,"campfire_upgraded":3,"win_rate":0,"timestamp":1558410956,"path_taken":["M","?","?","M","$","R","E","M","T","?","E","M","R","$","R","BOSS","M","M","?","?","M","R","$","R","T","R","E","M","R","E","R","BOSS"],"build_version":"2019-01-23","purchased_purges":2,"victory":false,"max_hp_per_floor":[66,66,66,66,66,66,66,66,66,66,66,66,66,66,66,66,66,66,66,66,71,71,71,71,71,71,71,71,71,71,71,71,71],"card_choices":[{"not_picked":["Dagger Throw","Backstab"],"picked":"Crippling Poison","floor":1},{"not_picked":["Accuracy","Underhanded Strike","Bane"],"picked":"SKIP","floor":4},{"not_picked":["Expertise","Dodge and Roll"],"picked":"Poisoned Stab","floor":7},{"not_picked":["Cloak And Dagger","Underhanded Strike"],"picked":"Poisoned Stab","floor":8},{"not_picked":["Bane","All Out Attack"],"picked":"Dash","floor":10},{"not_picked":["Masterful Stab","Acrobatics"],"picked":"Deflect","floor":11},{"not_picked":["Finisher","Bane","Sucker Punch"],"picked":"SKIP","floor":12},{"not_picked":["Burst","Bullet Time"],"picked":"Envenom","floor":16},{"not_picked":["Deadly Poison","Expertise"],"picked":"Cloak And Dagger","floor":18},{"not_picked":["Heel Hook","Caltrops"],"picked":"PiercingWail","floor":19},{"not_picked":["Underhanded Strike","Concentrate"],"picked":"Dodge and Roll","floor":22},{"not_picked":["Slice","Venomology"],"picked":"Backflip+1","floor":28},{"not_picked":["Sucker Punch","Dodge and Roll"],"picked":"Backstab","floor":31}],"player_experience":697860,"relics_obtained":[{"floor":7,"key":"Snake Skull"},{"floor":9,"key":"War Paint"},{"floor":11,"key":"Shuriken"},{"floor":20,"key":"Nunchaku"},{"floor":26,"key":"Darkstone Periapt"},{"floor":28,"key":"Lantern"},{"floor":31,"key":"Letter Opener"}],"event_choices":[{"cards_removed":["Strike_G"],"damage_healed":0,"gold_gain":0,"player_choice":"Card Removal","damage_taken":0,"max_hp_gain":0,"max_hp_loss":0,"event_name":"The Cleric","floor":2,"gold_loss":75},{"damage_healed":0,"gold_gain":275,"player_choice":"Desecrate","damage_taken":0,"max_hp_gain":0,"max_hp_loss":0,"event_name":"Golden Shrine","floor":3,"gold_loss":0,"cards_obtained":["Regret"]},{"damage_healed":0,"gold_gain":0,"player_choice":"Shed Blood","damage_taken":23,"max_hp_gain":5,"max_hp_loss":0,"event_name":"Forgotten Altar","floor":21,"gold_loss":0}],"is_beta":false,"boss_relics":[{"not_picked":["Black Star","Ectoplasm"],"picked":"Philosopher\u0027s Stone"}],"items_purged_floors":[5,14],"is_endless":false,"potions_floor_spawned":[4,8,10,12,16,19,22,28],"killed_by":"Collector","ascension_level":17}