{"path_per_floor":["M","?","$","?","M","R","?","R","T","M","M","T","M","M","R","B",null,"M","?","?","M","?","E","T"],"character_chosen":"THE_SILENT","items_purchased":[],"gold_per_floor":[111,111,36,36,55,55,55,55,55,75,86,164,175,188,188,293,293,306,306,306,323,323,353,380,380],"floor_reached":25,"campfire_rested":0,"playtime":1686,"item_purchase_floors":[],"current_hp_per_floor":[70,67,67,60,60,60,60,60,60,60,57,57,55,46,46,59,70,61,61,61,37,35,16,16,0],"items_purged":["Strike_G"],"gold":380,"score":247,"play_id":"1a66b006-46fd-43fc-9d2d-d15f7b7526eb","local_time":"20180531233957","is_prod":false,"is_daily":false,"chose_seed":false,"is_ascension_mode":true,"campfire_upgraded":0,"win_rate":0,"timestamp":1527802797,"campfire_choices":[{"data":"1","floor":6,"key":"LIFT"},{"data":"2","floor":8,"key":"LIFT"},{"data":"3","floor":15,"key":"LIFT"}],"path_taken":["M","?","$","?","?","R","?","R","T","?","?","?","M","M","R","BOSS","M","?","?","M","?","E","?","M"],"build_version":"2018-05-24","seed_source_timestamp":1301425494798486,"purchased_purges":1,"victory":false,"master_deck":["Defend_G","Defend_G","Defend_G","Defend_G","Defend_G","Strike_G","Strike_G","Strike_G","Survivor","Neutralize+1","Dagger Throw","Footwork","Poisoned Stab","Infinite Blades","Dodge and Roll","Dagger Throw","Envenom","Doubt","Regret","Blur","Writhe","Prepared+1","Ghostly","Ghostly","Ghostly","Ghostly","Ghostly","Dodge and Roll+1"],"max_hp_per_floor":[70,70,70,70,70,70,70,70,70,70,70,70,70,70,70,70,70,70,70,70,70,35,35,35,35],"relics":["Ring of the Snake","Girya","Matryoshka","Dream Catcher","Pantograph","Calling Bell","Lantern","Mummified Hand","Ice Cream","Regal Pillow","Anchor","Bag of Preparation","Boot"],"card_choices":[{"not_picked":["Prepared","Underhanded Strike"],"picked":"Dagger Throw","floor":1},{"not_picked":["Cloak And Dagger","PiercingWail"],"picked":"Footwork","floor":5},{"not_picked":["Deadly Poison","Dagger Spray"],"picked":"Poisoned Stab","floor":10},{"not_picked":["Outmaneuver","Prepared"],"picked":"Infinite Blades","floor":11},{"not_picked":["Outmaneuver","Bouncing Flask"],"picked":"Dodge and Roll","floor":13},{"not_picked":["Outmaneuver","Acrobatics"],"picked":"Dagger Throw","floor":14},{"not_picked":["Glass Knife","Storm of Steel"],"picked":"Envenom","floor":16},{"not_picked":["Flying Knee+1","Reflex"],"picked":"Blur","floor":18},{"not_picked":["Backflip","Outmaneuver"],"picked":"Prepared+1","floor":21},{"not_picked":["Finisher+1","Reflex"],"picked":"Dodge and Roll+1","floor":23}],"player_experience":139404,"potions_floor_usage":[18,18,23],"damage_taken":[{"damage":0,"enemies":"Cultist","floor":1,"turns":4},{"damage":0,"enemies":"Small Slimes","floor":5,"turns":4},{"damage":0,"enemies":"Jaw Worm","floor":10,"turns":4},{"damage":3,"enemies":"Looter","floor":11,"turns":4},{"damage":2,"enemies":"Blue Slaver","floor":13,"turns":4},{"damage":9,"enemies":"Exordium Wildlife","floor":14,"turns":4},{"damage":11,"enemies":"The Guardian","floor":16,"turns":14},{"damage":9,"enemies":"Chosen","floor":18,"turns":4},{"damage":24,"enemies":"Spheric Guardian","floor":21,"turns":6},{"damage":19,"enemies":"Slavers","floor":23,"turns":8},{"damage":22,"enemies":"Centurion and Healer","floor":25,"turns":10}],"relics_obtained":[{"floor":9,"key":"Matryoshka"},{"floor":12,"key":"Dream Catcher"},{"floor":12,"key":"Pantograph"},{"floor":17,"key":"Lantern"},{"floor":17,"key":"Mummified Hand"},{"floor":17,"key":"Ice Cream"},{"floor":23,"key":"Anchor"},{"floor":24,"key":"Bag of Preparation"},{"floor":24,"key":"Boot"}],"event_choices":[{"event_name":"Scrap Ooze","player_choice":"success","floor":2,"damage_taken":3},{"event_name":"Golden Wing","player_choice":"Card Removal","floor":4,"damage_taken":0},{"event_name":"The Woman in Blue","player_choice":"Bought 0 Potions","floor":7,"damage_taken":0},{"event_name":"The Mausoleum","player_choice":"Yes","floor":19,"damage_taken":0},{"event_name":"Back to Basics","player_choice":"Elegance","floor":20,"damage_taken":0},{"event_name":"Ghosts","player_choice":"Became a Ghost","floor":22,"damage_taken":0}],"boss_relics":[{"not_picked":["Runic Pyramid","Cursed Key"],"picked":"Calling Bell"}],"items_purged_floors":[3],"potions_floor_spawned":[11,13,16],"seed_played":"7020830513139258204","killed_by":"Centurion and Healer","ascension_level":1,"potions_obtained":[{"floor":11,"key":"Fire Potion"},{"floor":13,"key":"GamblersBrew"},{"floor":16,"key":"SkillPotion"}],"is_trial":false}