{"gold_per_floor":[109,284,234,234,258,258,57,77,77,9,9,25,25,48,48,179,179,204,220,319,69,159,159,198,198,221,265,14,14,29,52,52,171,171,190,215,20,80,80,111,111,124,172,172,172,48,48,48,48,48],"floor_reached":51,"playtime":2923,"items_purged":["Injury","Strike_G","Strike_G"],"score":850,"play_id":"a29acca4-d259-427d-b4e9-a2c914c3f7d6","local_time":"20180923011916","is_ascension_mode":true,"campfire_choices":[{"floor":6,"key":"REST"},{"data":"Panache","floor":11,"key":"SMITH"},{"data":"Infinite Blades","floor":13,"key":"SMITH"},{"data":"Accuracy","floor":15,"key":"SMITH"},{"floor":23,"key":"REST"},{"floor":25,"key":"REST"},{"floor":32,"key":"REST"},{"floor":41,"key":"REST"},{"floor":44,"key":"REST"},{"floor":49,"key":"REST"}],"neow_cost":"PERCENT_DAMAGE","seed_source_timestamp":143672450067282,"circlet_count":0,"master_deck":["Defend_G+1","Defend_G+1","Defend_G+1","Defend_G+1","Defend_G+1","Strike_G+1","Survivor+1","Neutralize+1","Finisher+1","Distraction+1","Cloak And Dagger+1","Blur+1","Panache+1","Dagger Spray+1","Accuracy+1","Infinite Blades+1","Blade Dance+1","Burst+1","Accuracy+1","Choke+1","Terror+1","Impatience+1","Well Laid Plans+1","Acrobatics+1","Flying Knee+1","Prepared+1","After Image+1","Blade Dance+1","Anger+1","Panache+1","Calculated Gamble+1","Scrape+1","Madness+1","Madness+1","Accuracy+1"],"relics":["Ring of the Serpent","Golden Idol","Ornamental Fan","Sozu","War Paint","Smiling Mask","Regal Pillow","PrismaticShard","Juzu Bracelet","DollysMirror","FossilizedHelix","Turnip","Omamori","Mark of the Bloom"],"potions_floor_usage":[16],"damage_taken":[{"damage":2,"enemies":"Small Slimes","floor":1,"turns":5},{"damage":0,"enemies":"2 Louse","floor":5,"turns":2},{"damage":3,"enemies":"Jaw Worm","floor":8,"turns":6},{"damage":4,"enemies":"Large Slime","floor":12,"turns":7},{"damage":11,"enemies":"3 Louse","floor":14,"turns":3},{"damage":22,"enemies":"Slime Boss","floor":16,"turns":10},{"damage":0,"enemies":"3 Byrds","floor":18,"turns":2},{"damage":0,"enemies":"Spheric Guardian","floor":19,"turns":3},{"damage":35,"enemies":"Gremlin Leader","floor":24,"turns":6},{"damage":15,"enemies":"Book of Stabbing","floor":27,"turns":5},{"damage":9,"enemies":"Snake Plant","floor":30,"turns":3},{"damage":0,"enemies":"3 Cultists","floor":31,"turns":4},{"damage":10,"enemies":"Champ","floor":33,"turns":8},{"damage":30,"enemies":"3 Darklings","floor":35,"turns":3},{"damage":2,"enemies":"Orb Walker","floor":36,"turns":3},{"damage":22,"enemies":"Mysterious Sphere","floor":38,"turns":3},{"damage":11,"enemies":"2 Orb Walkers","floor":40,"turns":3},{"damage":1,"enemies":"4 Shapes","floor":42,"turns":3},{"damage":31,"enemies":"Donu and Deca","floor":50,"turns":5}],"seed_played":"-1779164388073654113","potions_obtained":[{"floor":14,"key":"GhostInAJar"}],"is_trial":false,"path_per_floor":["M","?","?","?","M","R","$","M","T","$","R","M","R","M","R","B",null,"M","M","?","$","?","R","E","R","T","E","$","?","M","M","R","B",null,"M","M","$","?","?","E","R","M","T","R","?","$","?","?","R","B"],"character_chosen":"THE_SILENT","items_purchased":["Panache","Accuracy","Accuracy","Choke","Terror","PrismaticShard","DollysMirror","Accuracy"],"campfire_rested":7,"item_purchase_floors":[7,10,21,21,21,28,37,46],"current_hp_per_floor":[47,47,47,47,47,68,68,65,65,65,65,61,61,50,50,28,70,70,70,70,70,49,70,35,56,56,41,41,41,32,32,68,58,70,40,38,38,16,16,5,41,40,40,70,61,61,61,61,61,30],"gold":48,"neow_bonus":"TRANSFORM_TWO_CARDS","is_prod":false,"is_daily":false,"chose_seed":false,"campfire_upgraded":3,"win_rate":0,"timestamp":1537679956,"path_taken":["M","?","?","?","M","R","$","?","T","$","R","M","R","M","R","BOSS","M","M","?","$","?","R","E","R","T","E","?","?","M","M","R","BOSS","M","M","$","?","?","E","R","M","T","R","?","?","?","?","R","BOSS"],"build_version":"2018-09-20","purchased_purges":3,"victory":true,"max_hp_per_floor":[70,70,70,70,70,70,70,70,70,70,70,70,70,70,70,70,70,70,70,70,70,70,70,70,70,70,70,70,70,70,70,70,70,70,70,70,70,70,70,70,70,70,70,70,70,70,70,70,70,70],"card_choices":[{"not_picked":["Sucker Punch","Poisoned Stab"],"picked":"Cloak And Dagger","floor":1},{"not_picked":["Sucker Punch","Escape Plan"],"picked":"Blur","floor":5},{"not_picked":["Quick Slash","Unload"],"picked":"Dagger Spray","floor":8},{"not_picked":["Sucker Punch","Dagger Spray"],"picked":"Infinite Blades","floor":12},{"not_picked":["Noxious Fumes","Heel Hook"],"picked":"Blade Dance","floor":14},{"not_picked":["Tools of the Trade","Envenom"],"picked":"Burst","floor":16},{"not_picked":["Flechettes","Eviscerate","Dagger Spray"],"picked":"SKIP","floor":18},{"not_picked":["Expertise","Underhanded Strike","Dagger Throw"],"picked":"SKIP","floor":19},{"not_picked":["Caltrops+1","Endless Agony+1"],"picked":"Well Laid Plans+1","floor":24},{"not_picked":["Well Laid Plans","Dagger Throw"],"picked":"Acrobatics+1","floor":27},{"not_picked":["Reprogram","Shockwave"],"picked":"Flying Knee+1","floor":30},{"not_picked":["Wild Strike","Noxious Fumes"],"picked":"Prepared","floor":31},{"not_picked":["Malaise","Master of Strategy"],"picked":"After Image","floor":33},{"not_picked":["Uppercut+1","Skim"],"picked":"Blade Dance","floor":35},{"not_picked":["Clash+1","Noxious Fumes"],"picked":"Anger+1","floor":36},{"not_picked":["Calculated Gamble+1","Clash+1"],"picked":"Calculated Gamble+1","floor":38},{"not_picked":["Perfected Strike+1","Forethought+1"],"picked":"Scrape+1","floor":40},{"not_picked":["Loop+1","Bullet Time","Sword Boomerang"],"picked":"SKIP","floor":42}],"player_experience":884782,"relics_obtained":[{"floor":9,"key":"Ornamental Fan"},{"floor":24,"key":"War Paint"},{"floor":26,"key":"Smiling Mask"},{"floor":27,"key":"Regal Pillow"},{"floor":38,"key":"FossilizedHelix"},{"floor":40,"key":"Turnip"},{"floor":43,"key":"Omamori"}],"event_choices":[{"event_name":"Liars Game","player_choice":"agreed","floor":2,"damage_taken":0},{"event_name":"The Cleric","player_choice":"Card Removal","floor":3,"damage_taken":0},{"event_name":"Golden Idol","player_choice":"Take Wound","floor":4,"damage_taken":0},{"event_name":"Nest","player_choice":"Stole From Cult","floor":20,"damage_taken":0},{"event_name":"Knowing Skull","player_choice":"CARD GOLD ","floor":22,"damage_taken":0},{"event_name":"The Mausoleum","player_choice":"Yes","floor":29,"damage_taken":0},{"event_name":"Mysterious Sphere","player_choice":"Fight","floor":38,"damage_taken":0},{"event_name":"FaceTrader","player_choice":"Leave","floor":39,"damage_taken":0},{"event_name":"Winding Halls","player_choice":"Embrace Madness","floor":45,"damage_taken":0},{"event_name":"MindBloom","player_choice":"Upgrade","floor":47,"damage_taken":0},{"event_name":"Upgrade Shrine","player_choice":"Skipped","floor":48,"damage_taken":0}],"is_beta":false,"boss_relics":[{"not_picked":["Philosopher\u0027s Stone","Coffee Dripper"],"picked":"Sozu"},{"not_picked":["Black Star","Runic Pyramid"],"picked":"Ring of the Serpent"}],"items_purged_floors":[21,28,46],"is_endless":false,"potions_floor_spawned":[14,24,31,35,40],"ascension_level":3}