{"gold_per_floor":[112,112,112,122,122,122,133,163,163,194,194,194,79,96,96,197,197,208,226,26,26,26,51,51,68,68,68,87,107,107,0,0,0],"floor_reached":33,"playtime":2980,"items_purged":["Pain","Strike_G"],"score":343,"play_id":"f729ee1a-dd6b-4e5a-a748-701ca68f6dda","local_time":"20181223233145","is_ascension_mode":true,"campfire_choices":[{"data":"Night Terror","floor":6,"key":"SMITH"},{"floor":11,"key":"REST"},{"floor":15,"key":"REST"},{"floor":24,"key":"REST"},{"floor":27,"key":"REST"},{"floor":32,"key":"REST"}],"neow_cost":"NONE","seed_source_timestamp":178677937989389,"circlet_count":0,"master_deck":["Defend_G","Defend_G","Defend_G","Defend_G","Defend_G","Strike_G+1","Survivor+1","Neutralize","Night Terror+1","Dodge and Roll","Finisher","Dash","Flechettes","A Thousand Cuts","Cloak And Dagger+1","Deflect","Writhe","Riddle With Holes","Distraction+1","Poisoned Stab","Poisoned Stab"],"relics":["Ring of the Snake","Bottled Lightning","Nunchaku","Bottled Flame","WarpedTongs","Busted Crown","Lantern","Gremlin Horn","Frozen Egg 2"],"potions_floor_usage":[8,8,8,8,10,10,14,23,28,33],"damage_taken":[{"damage":0,"enemies":"Small Slimes","floor":1,"turns":4},{"damage":0,"enemies":"Cultist","floor":4,"turns":4},{"damage":0,"enemies":"2 Louse","floor":7,"turns":3},{"damage":0,"enemies":"Gremlin Nob","floor":8,"turns":2},{"damage":29,"enemies":"Lagavulin","floor":10,"turns":7},{"damage":4,"enemies":"Gremlin Gang","floor":14,"turns":5},{"damage":48,"enemies":"Slime Boss","floor":16,"turns":14},{"damage":0,"enemies":"3 Byrds","floor":18,"turns":5},{"damage":9,"enemies":"Chosen","floor":19,"turns":5},{"damage":53,"enemies":"Book of Stabbing","floor":23,"turns":6},{"damage":16,"enemies":"3 Cultists","floor":25,"turns":6},{"damage":7,"enemies":"Chosen and Byrds","floor":28,"turns":7},{"damage":16,"enemies":"Centurion and Healer","floor":29,"turns":4},{"damage":48,"enemies":"Automaton","floor":33,"turns":6}],"seed_played":"-4800247359775454427","potions_obtained":[{"floor":4,"key":"Fire Potion"},{"floor":5,"key":"EntropicBrew"},{"floor":5,"key":"SteroidPotion"},{"floor":10,"key":"GamblersBrew"},{"floor":19,"key":"Poison Potion"},{"floor":29,"key":"Strength Potion"}],"is_trial":false,"path_per_floor":["M","?","?","M","?","R","M","E","T","E","R","?","$","M","R","B",null,"M","M","$","?","?","E","R","M","T","R","M","M","?","?","R","B"],"character_chosen":"THE_SILENT","items_purchased":["Flechettes","PowerPotion","Deflect"],"campfire_rested":5,"item_purchase_floors":[13,20,20],"current_hp_per_floor":[70,56,56,56,56,56,56,56,56,27,48,48,48,44,65,17,70,70,61,61,61,61,8,29,13,13,34,27,11,11,11,32,0],"gold":0,"neow_bonus":"ONE_RANDOM_RARE_CARD","is_prod":false,"is_daily":false,"chose_seed":false,"campfire_upgraded":1,"win_rate":0,"timestamp":1545629505,"path_taken":["M","?","?","M","?","R","?","E","T","E","R","?","$","M","R","BOSS","M","M","$","?","?","E","R","M","T","R","M","?","?","?","R","BOSS"],"build_version":"2018-12-20","purchased_purges":2,"victory":false,"max_hp_per_floor":[70,70,70,70,70,70,70,70,70,70,70,70,70,70,70,70,70,70,70,70,70,70,70,70,70,70,70,70,70,70,70,70,70],"card_choices":[{"not_picked":["Outmaneuver","Masterful Stab","Dagger Throw"],"picked":"SKIP","floor":1},{"not_picked":["Skewer","Outmaneuver"],"picked":"Dodge and Roll","floor":4},{"not_picked":["Prepared","All Out Attack"],"picked":"Finisher","floor":7},{"not_picked":["Flying Knee","Sucker Punch"],"picked":"Dash","floor":8},{"not_picked":["Predator","Sucker Punch","Bane"],"picked":"SKIP","floor":10},{"not_picked":["Distraction","Acrobatics","Sucker Punch"],"picked":"SKIP","floor":14},{"not_picked":["Burst","Grand Finale"],"picked":"A Thousand Cuts","floor":16},{"not_picked":[],"picked":"Cloak And Dagger+1","floor":18},{"not_picked":["PiercingWail"],"picked":"SKIP","floor":19},{"not_picked":["Riddle With Holes"],"picked":"SKIP","floor":23},{"not_picked":[],"picked":"Distraction+1","floor":25},{"not_picked":["Distraction"],"picked":"SKIP","floor":28},{"not_picked":["PiercingWail"],"picked":"SKIP","floor":29}],"player_experience":211739,"relics_obtained":[{"floor":8,"key":"Bottled Lightning"},{"floor":9,"key":"Nunchaku"},{"floor":10,"key":"Bottled Flame"},{"floor":23,"key":"Gremlin Horn"},{"floor":26,"key":"Frozen Egg 2"}],"event_choices":[{"damage_healed":0,"gold_gain":0,"player_choice":"Entered Light","damage_taken":14,"max_hp_gain":0,"max_hp_loss":0,"event_name":"Shining Light","floor":2,"gold_loss":0,"cards_upgraded":["Strike_G","Survivor"]},{"damage_healed":0,"gold_gain":0,"player_choice":"Ignored","damage_taken":0,"max_hp_gain":0,"max_hp_loss":0,"event_name":"Liars Game","floor":3,"gold_loss":0},{"damage_healed":0,"gold_gain":0,"player_choice":"Got Potions","damage_taken":0,"max_hp_gain":0,"max_hp_loss":0,"event_name":"Lab","floor":5,"gold_loss":0},{"damage_healed":0,"gold_gain":0,"player_choice":"Rummage","damage_taken":0,"relics_obtained":["WarpedTongs"],"max_hp_gain":0,"max_hp_loss":0,"event_name":"Accursed Blacksmith","floor":12,"gold_loss":0,"cards_obtained":["Pain"]},{"damage_healed":0,"gold_gain":0,"player_choice":"Opened","damage_taken":0,"relics_obtained":["Lantern"],"max_hp_gain":0,"max_hp_loss":0,"event_name":"The Mausoleum","floor":21,"gold_loss":0,"cards_obtained":["Writhe"]},{"damage_healed":0,"gold_gain":0,"cards_transformed":["Strike_G"],"player_choice":"Transformed","damage_taken":0,"max_hp_gain":0,"max_hp_loss":0,"event_name":"Transmorgrifier","floor":22,"gold_loss":0,"cards_obtained":["Riddle With Holes"]},{"damage_healed":0,"gold_gain":0,"cards_transformed":["Strike_G","Strike_G"],"player_choice":"Became Test Subject","damage_taken":0,"max_hp_gain":0,"max_hp_loss":0,"event_name":"Drug Dealer","floor":30,"gold_loss":0,"cards_obtained":["Poisoned Stab","Poisoned Stab"]},{"damage_healed":0,"gold_gain":0,"player_choice":"Paid Fearfully","damage_taken":0,"max_hp_gain":0,"max_hp_loss":0,"event_name":"Masked Bandits","floor":31,"gold_loss":107}],"is_beta":false,"boss_relics":[{"not_picked":["Philosopher\u0027s Stone","Snecko Eye"],"picked":"Busted Crown"}],"items_purged_floors":[13,20],"is_endless":false,"potions_floor_spawned":[4,7,10,19,29],"killed_by":"Automaton","ascension_level":3}