{"gold_per_floor":[11,11,27,37,57,71,71,3,51,70,83,83,93,112,112,215,215,232,244,262,281,291,310,235,235,261,261,273,273,289,107,107,107],"floor_reached":33,"playtime":7101,"items_purged":["Strike_G","Normality"],"score":299,"play_id":"071be391-0376-4f17-8b8e-be5778148ec5","local_time":"20190201032048","is_ascension_mode":true,"campfire_choices":[{"data":"Jack Of All Trades","floor":7,"key":"SMITH"},{"data":"Noxious Fumes","floor":15,"key":"SMITH"},{"floor":27,"key":"REST"},{"floor":29,"key":"REST"},{"data":"Crippling Poison","floor":32,"key":"SMITH"}],"neow_cost":"NO_GOLD","seed_source_timestamp":273590732684900,"circlet_count":0,"master_deck":["Defend_G","Defend_G","Defend_G","Defend_G+1","Defend_G","Strike_G+1","Strike_G","Strike_G","Strike_G","Survivor","Neutralize","Jack Of All Trades+1","Dramatic Entrance","Crippling Poison+1","All Out Attack","Poisoned Stab","PiercingWail","Deflect","Noxious Fumes+1","Bane","Bane","Dagger Spray","Bouncing Flask","Burst","PiercingWail","Footwork","Backflip","Deflect+1","Blur+1","Envenom","PiercingWail+1","After Image"],"relics":["Ring of the Snake","Vajra","Cursed Key","Pen Nib"],"potions_floor_usage":[12,18,22,22,33],"damage_taken":[{"damage":1,"enemies":"Small Slimes","floor":1,"turns":4},{"damage":0,"enemies":"Jaw Worm","floor":3,"turns":6},{"damage":0,"enemies":"Cultist","floor":4,"turns":4},{"damage":2,"enemies":"Lots of Slimes","floor":5,"turns":2},{"damage":1,"enemies":"Looter","floor":6,"turns":3},{"damage":1,"enemies":"Blue Slaver","floor":10,"turns":3},{"damage":0,"enemies":"Exordium Wildlife","floor":11,"turns":4},{"damage":0,"enemies":"Large Slime","floor":13,"turns":3},{"damage":0,"enemies":"Looter","floor":14,"turns":2},{"damage":23,"enemies":"The Guardian","floor":16,"turns":9},{"damage":14,"enemies":"3 Byrds","floor":18,"turns":3},{"damage":11,"enemies":"Spheric Guardian","floor":19,"turns":4},{"damage":13,"enemies":"3 Cultists","floor":20,"turns":5},{"damage":3,"enemies":"Snake Plant","floor":21,"turns":4},{"damage":1,"enemies":"Shelled Parasite and Fungi","floor":22,"turns":4},{"damage":7,"enemies":"3 Cultists","floor":23,"turns":4},{"damage":14,"enemies":"Centurion and Healer","floor":28,"turns":6},{"damage":0,"enemies":"Chosen and Byrds","floor":30,"turns":6},{"damage":61,"enemies":"Champ","floor":33,"turns":15}],"seed_played":"8687487670596923916","potions_obtained":[{"floor":1,"key":"GamblersBrew"},{"floor":4,"key":"FearPotion"},{"floor":5,"key":"Block Potion"},{"floor":10,"key":"LiquidBronze"},{"floor":12,"key":"Fruit Juice"},{"floor":16,"key":"GhostInAJar"},{"floor":20,"key":"Weak Potion"},{"floor":23,"key":"Dexterity Potion"}],"is_trial":false,"path_per_floor":["M","?","M","M","M","M","R","$","T","M","M","?","M","M","R","B",null,"M","M","M","M","M","M","$","?","T","R","M","R","M","$","R","B"],"character_chosen":"THE_SILENT","items_purchased":["Noxious Fumes","After Image"],"campfire_rested":2,"item_purchase_floors":[8,31],"current_hp_per_floor":[69,55,55,55,53,52,52,52,52,51,51,56,56,56,56,33,75,61,50,37,34,33,26,26,26,26,48,34,56,56,56,56,0],"gold":107,"neow_bonus":"RANDOM_COLORLESS_2","is_prod":false,"is_daily":false,"chose_seed":false,"campfire_upgraded":3,"win_rate":0,"timestamp":1549009248,"path_taken":["M","?","M","M","M","M","R","?","T","M","M","?","M","M","R","BOSS","M","?","M","?","M","M","$","?","T","R","M","R","M","$","R","BOSS"],"build_version":"2019-01-23","purchased_purges":2,"victory":false,"max_hp_per_floor":[70,70,70,70,70,70,70,70,70,70,70,75,75,75,75,75,75,75,75,75,75,75,75,75,75,75,75,75,75,75,75,75,75],"card_choices":[{"not_picked":["Tactician","Dagger Throw"],"picked":"Crippling Poison","floor":1},{"not_picked":["Setup","Skewer"],"picked":"All Out Attack","floor":3},{"not_picked":["Deflect","Well Laid Plans"],"picked":"Poisoned Stab","floor":4},{"not_picked":["Deadly Poison","Prepared"],"picked":"PiercingWail","floor":5},{"not_picked":["Expertise","Skewer"],"picked":"Deflect","floor":6},{"not_picked":["Blur","Slice"],"picked":"Bane","floor":10},{"not_picked":["Quick Slash","Acrobatics"],"picked":"Bane","floor":11},{"not_picked":["PiercingWail","Slice"],"picked":"Dagger Spray","floor":13},{"not_picked":["Prepared","Well Laid Plans"],"picked":"Bouncing Flask","floor":14},{"not_picked":["Malaise","Die Die Die"],"picked":"Burst","floor":16},{"not_picked":["Poisoned Stab","Cloak And Dagger"],"picked":"PiercingWail","floor":18},{"not_picked":["Setup+1","Outmaneuver"],"picked":"Footwork","floor":19},{"not_picked":["Concentrate","Blade Dance"],"picked":"Backflip","floor":20},{"not_picked":["Distraction","Cloak And Dagger"],"picked":"Deflect+1","floor":21},{"not_picked":["Dagger Throw","Choke"],"picked":"Blur+1","floor":22},{"not_picked":["Bane","Tactician"],"picked":"Envenom","floor":23},{"not_picked":["Acrobatics","Poisoned Stab+1"],"picked":"PiercingWail+1","floor":28},{"not_picked":["Sucker Punch","Dagger Spray","Dagger Throw"],"picked":"SKIP","floor":30}],"player_experience":2060581,"relics_obtained":[{"floor":9,"key":"Vajra"},{"floor":26,"key":"Pen Nib"}],"event_choices":[{"damage_healed":0,"gold_gain":0,"player_choice":"Entered Light","damage_taken":14,"max_hp_gain":0,"max_hp_loss":0,"event_name":"Shining Light","floor":2,"gold_loss":0,"cards_upgraded":["Defend_G","Strike_G"]},{"damage_healed":0,"gold_gain":0,"player_choice":"Got Potions","damage_taken":0,"max_hp_gain":0,"max_hp_loss":0,"event_name":"Lab","floor":12,"gold_loss":0},{"damage_healed":0,"gold_gain":0,"player_choice":"Ignored","damage_taken":0,"max_hp_gain":0,"max_hp_loss":0,"event_name":"Beggar","floor":25,"gold_loss":0}],"is_beta":false,"boss_relics":[{"not_picked":["Busted Crown","Fusion Hammer"],"picked":"Cursed Key"}],"items_purged_floors":[24,31],"is_endless":false,"potions_floor_spawned":[1,4,5,10,16,20,23],"killed_by":"Champ","ascension_level":4}