{"gold_per_floor":[212,226,256,256,431,460,460,489,539,549,549,577,577],"floor_reached":13,"playtime":491,"items_purged":[],"score":141,"play_id":"b84bed79-6893-4adf-9f33-aec7120bdd70","local_time":"20190202170541","is_ascension_mode":true,"campfire_choices":[{"floor":7,"key":"REST"},{"floor":11,"key":"REST"}],"neow_cost":"NONE","seed_source_timestamp":100194117516448,"circlet_count":0,"master_deck":["Strike_B","Strike_B","Strike_B","Defend_B","Defend_B","Defend_B","Defend_B","Zap","Dualcast","Cold Snap","Beam Cell","Doubt","Go for the Eyes","Creative AI","Chaos"],"relics":["Cracked Core","Tiny Chest","Symbiotic Virus","Boot","Anchor"],"potions_floor_usage":[6,8],"damage_taken":[{"damage":0,"enemies":"Small Slimes","floor":1,"turns":3},{"damage":7,"enemies":"Jaw Worm","floor":2,"turns":3},{"damage":28,"enemies":"Gremlin Nob","floor":6,"turns":4},{"damage":29,"enemies":"Lagavulin","floor":8,"turns":5},{"damage":0,"enemies":"2 Louse","floor":10,"turns":3},{"damage":28,"enemies":"Gremlin Nob","floor":12,"turns":4},{"damage":9,"enemies":"Gremlin Gang","floor":13,"turns":2}],"seed_played":"275740860754171780","potions_obtained":[{"floor":1,"key":"Strength Potion"},{"floor":6,"key":"SteroidPotion"},{"floor":12,"key":"Strength Potion"}],"is_trial":false,"path_per_floor":["M","M","?","?","?","E","R","E","T","M","R","E","M"],"character_chosen":"DEFECT","items_purchased":[],"campfire_rested":2,"item_purchase_floors":[],"current_hp_per_floor":[68,61,54,47,47,19,41,12,12,12,34,6,0],"gold":577,"neow_bonus":"HUNDRED_GOLD","is_prod":false,"is_daily":false,"chose_seed":false,"campfire_upgraded":0,"win_rate":0,"timestamp":1549145141,"path_taken":["M","M","?","?","?","E","R","E","T","M","R","E","M"],"build_version":"2019-01-23","purchased_purges":0,"victory":false,"max_hp_per_floor":[75,75,75,75,75,75,75,75,75,75,75,75,75],"card_choices":[{"not_picked":["Lockon","Skim"],"picked":"Cold Snap","floor":1},{"not_picked":["Barrage","Compile Driver"],"picked":"Beam Cell","floor":2},{"not_picked":["Rebound","Force Field","Hologram"],"picked":"SKIP","floor":6},{"not_picked":["Recycle","Force Field"],"picked":"Go for the Eyes","floor":8},{"not_picked":["Melter","Darkness"],"picked":"Creative AI","floor":10},{"not_picked":["Steam Power","White Noise"],"picked":"Chaos","floor":12}],"player_experience":557032,"relics_obtained":[{"floor":6,"key":"Symbiotic Virus"},{"floor":8,"key":"Boot"},{"floor":12,"key":"Anchor"}],"event_choices":[{"damage_healed":0,"gold_gain":0,"player_choice":"Success","damage_taken":7,"relics_obtained":["Tiny Chest"],"max_hp_gain":0,"max_hp_loss":0,"event_name":"Scrap Ooze","floor":3,"gold_loss":0},{"cards_removed":["Strike_B"],"damage_healed":0,"gold_gain":0,"player_choice":"Card Removal","damage_taken":7,"max_hp_gain":0,"max_hp_loss":0,"event_name":"Golden Wing","floor":4,"gold_loss":0},{"damage_healed":0,"gold_gain":175,"player_choice":"AGREE","damage_taken":0,"max_hp_gain":0,"max_hp_loss":0,"event_name":"Liars Game","floor":5,"gold_loss":0,"cards_obtained":["Doubt"]}],"is_beta":false,"boss_relics":[],"items_purged_floors":[],"is_endless":false,"potions_floor_spawned":[1,6,12],"killed_by":"Gremlin Gang","ascension_level":8}