{"gold_per_floor":[118,135,146,164,180,180,199,199,499,516,527,527,527,375,375,480,480,498,423,423,423,231,257,257,257,283,296,260,270,270,287,287,287],"floor_reached":33,"playtime":2265,"items_purged":["Shame"],"score":284,"play_id":"caa8a774-d0d6-476c-937f-6c8c3148e01a","local_time":"20190521163706","is_ascension_mode":false,"campfire_choices":[{"data":"Noxious Fumes","floor":6.0,"key":"SMITH"},{"floor":8.0,"key":"REST"},{"floor":13.0,"key":"REST"},{"data":"Noxious Fumes","floor":15.0,"key":"SMITH"},{"floor":24.0,"key":"REST"},{"floor":30.0,"key":"REST"},{"floor":32,"key":"REST"}],"neow_cost":"NONE","seed_source_timestamp":0,"circlet_count":0,"master_deck":["Defend_G","Defend_G","Defend_G","Defend_G","Defend_G","Strike_G","Strike_G","Strike_G","Strike_G","Strike_G","Survivor","Neutralize","Escape Plan","Outmaneuver","Acrobatics","Noxious Fumes+1","Infinite Blades","Caltrops","After Image","Infinite Blades","Noxious Fumes+1","Bandage Up","Bullet Time","Choke","Choke","Backflip","Infinite Blades","Noxious Fumes","Noxious Fumes"],"special_seed":0,"relics":["Ring of the Serpent","Old Coin","PreservedInsect","Bottled Lightning","FaceOfCleric","Blood Vial"],"potions_floor_usage":[],"damage_taken":[{"damage":12.0,"enemies":"Jaw Worm","floor":1.0,"turns":4.0},{"damage":0.0,"enemies":"Cultist","floor":2.0,"turns":4.0},{"damage":1.0,"enemies":"2 Louse","floor":3.0,"turns":6.0},{"damage":18.0,"enemies":"Large Slime","floor":4.0,"turns":11.0},{"damage":5.0,"enemies":"Exordium Thugs","floor":5.0,"turns":7.0},{"damage":10.0,"enemies":"Gremlin Gang","floor":7.0,"turns":4.0},{"damage":9.0,"enemies":"Large Slime","floor":10.0,"turns":7.0},{"damage":11.0,"enemies":"Blue Slaver","floor":11.0,"turns":5.0},{"damage":18.0,"enemies":"The Guardian","floor":16.0,"turns":9.0},{"damage":6.0,"enemies":"Chosen","floor":18.0,"turns":6.0},{"damage":28.0,"enemies":"2 Thieves","floor":19.0,"turns":5.0},{"damage":58.0,"enemies":"Slavers","floor":23.0,"turns":6.0},{"damage":14.0,"enemies":"Snecko","floor":27.0,"turns":6.0},{"damage":20.0,"enemies":"Sentry and Sphere","floor":29.0,"turns":6.0},{"damage":21,"enemies":"Centurion and Healer","floor":31,"turns":7},{"damage":53,"enemies":"Collector","floor":33,"turns":6}],"seed_played":"5307243897675287263","potions_obtained":[{"floor":1.0,"key":"PowerPotion"},{"floor":4.0,"key":"Block Potion"},{"floor":7.0,"key":"Weak Potion"},{"floor":11.0,"key":"FairyPotion"},{"floor":16.0,"key":"SkillPotion"},{"floor":23.0,"key":"Explosive Potion"}],"is_trial":false,"path_per_floor":["M","M","M","M","M","R","M","R","T","M","M","?","R","$","R","B",null,"M","M","?","?","$","E","R","?","T","M","$","M","R","M","R","B"],"character_chosen":"THE_SILENT","items_purchased":["Noxious Fumes","Bandage Up","Backflip","Infinite Blades","Noxious Fumes"],"campfire_rested":5,"item_purchase_floors":[14,14,22,22,28],"current_hp_per_floor":[65,65,64,46,41,41,31,54,54,45,34,34,57,57,57,43,77,71,47,47,47,47,4,27,27,27,20,20,7,30,16,40,0],"gold":287,"neow_bonus":"TEN_PERCENT_HP_BONUS","is_prod":false,"is_daily":false,"chose_seed":false,"campfire_upgraded":2,"win_rate":0.0,"timestamp":1558481826,"path_taken":["M","M","M","M","M","R","M","R","T","M","M","?","R","$","R","BOSS","M","M","?","?","$","E","R","?","T","M","$","?","R","M","R","BOSS"],"build_version":"2019-01-23","purchased_purges":1,"victory":false,"max_hp_per_floor":[77,77,77,77,77,77,77,77,77,77,77,77,77,77,77,77,77,77,77,77,77,77,77,77,77,77,78,78,79,79,80,80,80],"card_choices":[{"not_picked":["All Out Attack","Underhanded Strike"],"picked":"Escape Plan","floor":1.0},{"not_picked":["Backstab","Dagger Spray"],"picked":"Outmaneuver","floor":2.0},{"not_picked":["Terror","Slice"],"picked":"Acrobatics","floor":3.0},{"not_picked":["PiercingWail","Flying Knee"],"picked":"Noxious Fumes","floor":4.0},{"not_picked":["Outmaneuver","Endless Agony","Flechettes"],"picked":"SKIP","floor":5.0},{"not_picked":["Dagger Throw","Blade Dance"],"picked":"Infinite Blades","floor":7.0},{"not_picked":["Flying Knee","Escape Plan","Dagger Throw"],"picked":"SKIP","floor":10.0},{"not_picked":["Dodge and Roll","Underhanded Strike"],"picked":"Caltrops","floor":11.0},{"not_picked":["Glass Knife","Phantasmal Killer"],"picked":"Bullet Time","floor":16.0},{"not_picked":["Underhanded Strike","Quick Slash+1"],"picked":"Choke","floor":18.0},{"not_picked":["Escape Plan","Deadly Poison","Deflect"],"picked":"SKIP","floor":19.0},{"not_picked":["Dodge and Roll+1","Predator","Slice"],"picked":"SKIP","floor":23.0},{"not_picked":["Finisher","Sucker Punch+1","Backflip"],"picked":"SKIP","floor":27.0},{"not_picked":["Unload","Dagger Spray","Acrobatics"],"picked":"SKIP","floor":29.0},{"not_picked":["Outmaneuver+1","Caltrops"],"picked":"Noxious Fumes","floor":31}],"player_experience":11474,"relics_obtained":[{"floor":9.0,"key":"Old Coin"},{"floor":23.0,"key":"Bottled Lightning"},{"floor":26.0,"key":"Blood Vial"}],"event_choices":[{"damage_healed":0.0,"max_hp_gain":0.0,"max_hp_loss":0.0,"gold_gain":0.0,"event_name":"Match and Keep!","player_choice":"2 cards matched","floor":12.0,"gold_loss":0.0,"damage_taken":0.0,"cards_obtained":["After Image","Infinite Blades"]},{"damage_healed":0.0,"max_hp_gain":0.0,"max_hp_loss":0.0,"gold_gain":0.0,"event_name":"The Library","player_choice":"Read","floor":20.0,"gold_loss":0.0,"damage_taken":0.0,"cards_obtained":["Choke"]},{"damage_healed":0.0,"max_hp_gain":0.0,"max_hp_loss":0.0,"gold_gain":0.0,"event_name":"Addict","player_choice":"Stole Relic","floor":21.0,"gold_loss":0.0,"damage_taken":0.0,"relics_obtained":["PreservedInsect"],"cards_obtained":["Shame"]},{"damage_healed":0.0,"max_hp_gain":0.0,"max_hp_loss":0.0,"gold_gain":0.0,"event_name":"FaceTrader","player_choice":"Trade","floor":25.0,"gold_loss":0.0,"damage_taken":0.0,"relics_obtained":["FaceOfCleric"]}],"is_beta":false,"boss_relics":[{"not_picked":["Coffee Dripper","Black Star"],"picked":"Ring of the Serpent"}],"items_purged_floors":[22],"is_endless":false,"potions_floor_spawned":[1,4,7,11,16,23],"killed_by":"Collector","ascension_level":0}