{"gold_per_floor":[117,24,24,24,24,24,43,43,43,43,87,108,128,168,168,296,296,310,14,28,48,48,48,48,72,150,165,90,38,112,155,155,286,286,307,307,330,37,57,92,108,123,123,123,123,158,158,183,183,183],"floor_reached":51,"playtime":4090,"items_purged":["Defend_R"],"score":1101,"play_id":"6c2611c5-7cd4-4e2d-97b1-4db9aea133d4","local_time":"20190210153314","is_ascension_mode":true,"campfire_choices":[{"data":"Flash of Steel","floor":6.0,"key":"SMITH"},{"data":"Flame Barrier","floor":8.0,"key":"SMITH"},{"data":"Bash","floor":10.0,"key":"SMITH"},{"data":"Defend_R","floor":15.0,"key":"SMITH"},{"data":"RitualDagger","floor":23.0,"key":"SMITH"},{"data":"Feed","floor":32.0,"key":"SMITH"},{"floor":44,"key":"REST"},{"data":"Evolve","floor":47,"key":"SMITH"},{"floor":49,"key":"REST"}],"neow_cost":"NONE","seed_source_timestamp":1870162787047064,"circlet_count":0,"master_deck":["AscendersBane","Strike_R","Strike_R","Strike_R","Defend_R","Defend_R","Defend_R+1","Bash+1","Flash of Steel+1","Flame Barrier+1","True Grit+1","Limit Break+1","Armaments+1","Feed+1","Heavy Blade+1","Bloodletting+1","Pommel Strike+1","RitualDagger+1","Ghostly Armor+1","Combust+1","Shrug It Off+1","Flex+1","Flex+1","Headbutt","Pummel","Evolve+1","Spot Weakness+1","Shrug It Off+1"],"special_seed":0,"relics":["Black Blood","Bag of Marbles","Pen Nib","Golden Idol","Art of War","Toxic Egg 2","Bronze Scales","Red Skull","Ice Cream","MutagenicStrength","Dodecahedron","Darkstone Periapt","Anchor","Orrery","Shuriken","Self Forming Clay","Kunai","Magic Flower"],"potions_floor_usage":[42,42,42,42,50],"damage_taken":[{"damage":2.0,"enemies":"Jaw Worm","floor":1.0,"turns":3.0},{"damage":0.0,"enemies":"Small Slimes","floor":7.0,"turns":3.0},{"damage":24.0,"enemies":"Lagavulin","floor":11.0,"turns":5.0},{"damage":0.0,"enemies":"Cultist","floor":12.0,"turns":2.0},{"damage":11.0,"enemies":"Gremlin Gang","floor":13.0,"turns":4.0},{"damage":11.0,"enemies":"3 Sentries","floor":14.0,"turns":6.0},{"damage":5.0,"enemies":"The Guardian","floor":16.0,"turns":7.0},{"damage":0.0,"enemies":"3 Byrds","floor":18.0,"turns":1.0},{"damage":12.0,"enemies":"Chosen","floor":20.0,"turns":4.0},{"damage":16.0,"enemies":"Snake Plant","floor":21.0,"turns":2.0},{"damage":25.0,"enemies":"Sentry and Sphere","floor":25.0,"turns":4.0},{"damage":10.0,"enemies":"Chosen and Byrds","floor":27.0,"turns":5.0},{"damage":31.0,"enemies":"Book of Stabbing","floor":31.0,"turns":4.0},{"damage":11.0,"enemies":"Collector","floor":33.0,"turns":9.0},{"damage":17.0,"enemies":"3 Darklings","floor":35.0,"turns":5.0},{"damage":0.0,"enemies":"Orb Walker","floor":37.0,"turns":2.0},{"damage":17.0,"enemies":"4 Shapes","floor":39.0,"turns":5.0},{"damage":62.0,"enemies":"Reptomancer","floor":40.0,"turns":5.0},{"damage":0.0,"enemies":"Writhing Mass","floor":41.0,"turns":2.0},{"damage":23,"enemies":"Transient","floor":42,"turns":5},{"damage":7,"enemies":"Nemesis","floor":46,"turns":5},{"damage":13,"enemies":"Sphere and 2 Shapes","floor":48,"turns":3},{"damage":60,"enemies":"Donu and Deca","floor":50,"turns":7}],"seed_played":"6502934656331661519","potions_obtained":[{"floor":1.0,"key":"Weak Potion"},{"floor":12.0,"key":"SteroidPotion"},{"floor":14.0,"key":"LiquidBronze"},{"floor":16.0,"key":"Weak Potion"},{"floor":20.0,"key":"Swift Potion"},{"floor":25.0,"key":"SpeedPotion"},{"floor":27.0,"key":"PowerPotion"},{"floor":33.0,"key":"Strength Potion"},{"floor":39.0,"key":"EntropicBrew"},{"floor":41.0,"key":"Fire Potion"},{"floor":42,"key":"Weak Potion"}],"is_trial":false,"path_per_floor":["M","$","?","?","?","R","M","R","T","R","E","M","M","E","R","B",null,"M","$","M","M","?","R","?","M","T","M","$","$","T","E","R","B",null,"M","?","M","$","M","E","M","M","T","R","?","E","R","M","R","B",null],"character_chosen":"IRONCLAD","items_purchased":["Flash of Steel","Ice Cream","Shrug It Off+1","Shuriken","Spot Weakness+1"],"campfire_rested":2,"item_purchase_floors":[2,19,29,38,38],"current_hp_per_floor":[76,76,64,44,44,44,50,50,50,50,32,38,33,28,28,29,67,77,77,75,69,63,63,63,48,48,48,48,48,48,27,27,30,71,64,64,74,74,71,19,29,16,16,42,42,45,45,47,73,28],"gold":183,"neow_bonus":"RANDOM_COMMON_RELIC","is_prod":false,"is_daily":false,"chose_seed":false,"campfire_upgraded":7,"win_rate":0,"timestamp":1549841594,"path_taken":["M","$","?","?","?","R","M","R","T","R","E","?","M","E","R","BOSS","M","$","M","?","?","R","?","M","T","M","?","$","?","E","R","BOSS","M","?","?","$","M","E","M","M","T","R","?","E","R","M","R","BOSS"],"build_version":"2019-01-23","purchased_purges":1,"victory":true,"max_hp_per_floor":[80,80,80,80,80,80,80,80,80,80,80,80,80,80,80,80,80,80,80,80,80,80,80,80,80,80,80,80,80,80,80,80,84,84,84,84,84,84,88,88,88,88,88,88,88,88,88,88,88,88],"card_choices":[{"not_picked":["Second Wind","Warcry","Havoc"],"picked":"SKIP","floor":1.0},{"not_picked":["Iron Wave","Cleave"],"picked":"Flame Barrier","floor":7.0},{"not_picked":["Heavy Blade","Thunderclap","Clash"],"picked":"SKIP","floor":11.0},{"not_picked":["Evolve","Heavy Blade"],"picked":"True Grit+1","floor":12.0},{"not_picked":["Twin Strike","Pommel Strike"],"picked":"Limit Break+1","floor":13.0},{"not_picked":["Pommel Strike","Rupture"],"picked":"Armaments+1","floor":14.0},{"not_picked":["Offering+1","Demon Form"],"picked":"Feed","floor":16.0},{"not_picked":["Pommel Strike","Uppercut"],"picked":"Heavy Blade+1","floor":18.0},{"not_picked":["Headbutt","Heavy Blade+1"],"picked":"Bloodletting+1","floor":20.0},{"not_picked":["Twin Strike+1","Flame Barrier+1"],"picked":"Pommel Strike+1","floor":21.0},{"not_picked":["Thunderclap","True Grit+1"],"picked":"Ghostly Armor+1","floor":25.0},{"not_picked":["Intimidate+1","True Grit+1"],"picked":"Combust+1","floor":27.0},{"not_picked":["Heavy Blade","Havoc+1","Disarm+1"],"picked":"SKIP","floor":31.0},{"not_picked":["Power Through+1","Wild Strike"],"picked":"Flex+1","floor":34.0},{"not_picked":["Twin Strike","Uppercut"],"picked":"Flex+1","floor":34.0},{"not_picked":["Flame Barrier+1","Clash"],"picked":"Headbutt","floor":34.0},{"not_picked":["Clash+1","Flex+1"],"picked":"Pummel","floor":35.0},{"not_picked":["Clash","Wild Strike+1"],"picked":"Evolve","floor":37.0},{"not_picked":["Clothesline+1","Flex+1","Infernal Blade+1"],"picked":"SKIP","floor":39.0},{"not_picked":["Double Tap+1","Twin Strike+1"],"picked":"Shrug It Off+1","floor":40.0},{"not_picked":["Warcry+1","True Grit+1","Power Through+1"],"picked":"SKIP","floor":41.0},{"not_picked":["Anger","Flame Barrier+1","True Grit+1"],"picked":"SKIP","floor":42},{"not_picked":["Sword Boomerang","Perfected Strike","Dropkick"],"picked":"SKIP","floor":46},{"not_picked":["Combust","Feel No Pain","Iron Wave"],"picked":"SKIP","floor":48}],"player_experience":612679,"relics_obtained":[{"floor":9.0,"key":"Toxic Egg 2"},{"floor":11.0,"key":"Bronze Scales"},{"floor":14.0,"key":"Red Skull"},{"floor":26.0,"key":"Dodecahedron"},{"floor":30.0,"key":"Darkstone Periapt"},{"floor":31.0,"key":"Anchor"},{"floor":40.0,"key":"Self Forming Clay"},{"floor":43,"key":"Kunai"},{"floor":46,"key":"Magic Flower"}],"event_choices":[{"damage_healed":0.0,"max_hp_gain":0.0,"max_hp_loss":0.0,"gold_gain":0.0,"event_name":"Scrap Ooze","player_choice":"Success","floor":3.0,"gold_loss":0.0,"damage_taken":12.0,"relics_obtained":["Pen Nib"]},{"damage_healed":0.0,"max_hp_gain":0.0,"max_hp_loss":0.0,"gold_gain":0.0,"event_name":"Golden Idol","player_choice":"Take Damage","floor":4.0,"gold_loss":0.0,"damage_taken":20.0,"relics_obtained":["Golden Idol"]},{"damage_healed":0.0,"max_hp_gain":0.0,"max_hp_loss":0.0,"gold_gain":0.0,"event_name":"WeMeetAgain","player_choice":"Gave Potion","floor":5.0,"gold_loss":0.0,"damage_taken":0.0,"relics_obtained":["Art of War"]},{"damage_healed":0.0,"max_hp_gain":0.0,"max_hp_loss":0.0,"gold_gain":0.0,"event_name":"Nest","player_choice":"Joined the Cult","floor":22.0,"gold_loss":0.0,"damage_taken":6.0,"cards_obtained":["RitualDagger"]},{"damage_healed":0.0,"max_hp_gain":0.0,"max_hp_loss":0.0,"gold_gain":0.0,"event_name":"Drug Dealer","player_choice":"Inject Mutagens","floor":24.0,"gold_loss":0.0,"damage_taken":0.0,"relics_obtained":["MutagenicStrength"]},{"cards_removed":["Strike_R"],"damage_healed":0.0,"max_hp_gain":0.0,"max_hp_loss":0.0,"gold_gain":0.0,"event_name":"Bonfire Elementals","player_choice":"Offered Basic","floor":36.0,"gold_loss":0.0,"damage_taken":0.0},{"cards_removed":["Strike_R"],"damage_healed":0,"gold_gain":0,"player_choice":"Removed Attack","damage_taken":0,"max_hp_gain":0,"max_hp_loss":0,"event_name":"Falling","floor":45,"gold_loss":0}],"is_beta":false,"boss_relics":[{"not_picked":["Empty Cage","Black Star"],"picked":"Black Blood"},{"not_picked":["Pandora\u0027s Box","Runic Pyramid"],"picked":"Orrery"}],"items_purged_floors":[28],"is_endless":false,"potions_floor_spawned":[1,12,14,16,20,25,27,33,39,41,42],"ascension_level":11}