{"gold_per_floor":[119,132,148,68,78,109,123,123,149,180,355,416,435,448,448,551,551,568,412,412,427,427,457,457,486,486,521,540,540,560,579,579,681,681,694,694,743,757,757,784,803,803],"floor_reached":42,"playtime":26695,"items_purged":["Doubt"],"score":625,"play_id":"e482a16c-223b-4c1e-9e33-0e1fd2faed1a","local_time":"20180908234712","is_ascension_mode":true,"campfire_choices":[{"floor":8.0,"key":"REST"},{"floor":15.0,"key":"REST"},{"floor":24.0,"key":"REST"},{"data":"Body Slam","floor":29.0,"key":"SMITH"},{"data":"Fiend Fire","floor":32.0,"key":"SMITH"}],"neow_cost":"NONE","seed_source_timestamp":0,"circlet_count":0,"master_deck":["Defend_R","Defend_R","Defend_R","Defend_R","Bash","Reaper","Metallicize","Twin Strike","Body Slam+1","Metallicize","Rupture","Impervious+1","Sentinel+1","Shrug It Off+1","Rampage","Feel No Pain","Fiend Fire+1","Armaments+1","Spot Weakness+1","Bite","Bite","Bite","Bite","Bite","Offering+1","Warcry+1","Shockwave+1","Seeing Red+1","Armaments+1","Shockwave+1","Demon Form","Madness+1","Madness+1","Flex+1","Metallicize+1"],"special_seed":0,"relics":["Burning Blood","Toxic Egg 2","Bag of Preparation","Lantern","Bronze Scales","Lizard Tail","Art of War","Question Card","Letter Opener","Happy Flower","Mark of Pain","Calipers","Darkstone Periapt"],"potions_floor_usage":[35,41],"damage_taken":[{"damage":6.0,"enemies":"Cultist","floor":1.0,"turns":4.0},{"damage":1.0,"enemies":"Small Slimes","floor":2.0,"turns":5.0},{"damage":6.0,"enemies":"Jaw Worm","floor":3.0,"turns":6.0},{"damage":19.0,"enemies":"3 Louse","floor":5.0,"turns":4.0},{"damage":56.0,"enemies":"Lagavulin","floor":6.0,"turns":14.0},{"damage":23.0,"enemies":"Gremlin Gang","floor":7.0,"turns":8.0},{"damage":22.0,"enemies":"Gremlin Nob","floor":10.0,"turns":5.0},{"damage":14.0,"enemies":"3 Sentries","floor":12.0,"turns":12.0},{"damage":10.0,"enemies":"Large Slime","floor":13.0,"turns":7.0},{"damage":5.0,"enemies":"2 Fungi Beasts","floor":14.0,"turns":4.0},{"damage":14.0,"enemies":"The Guardian","floor":16.0,"turns":13.0},{"damage":23.0,"enemies":"Chosen","floor":18.0,"turns":6.0},{"damage":27.0,"enemies":"Spheric Guardian","floor":21.0,"turns":5.0},{"damage":54.0,"enemies":"Slavers","floor":23.0,"turns":9.0},{"damage":61.0,"enemies":"Gremlin Leader","floor":25.0,"turns":7.0},{"damage":43.0,"enemies":"Slavers","floor":27.0,"turns":8.0},{"damage":6.0,"enemies":"Snake Plant","floor":28.0,"turns":3.0},{"damage":16.0,"enemies":"Cultist and Chosen","floor":30.0,"turns":6.0},{"damage":12.0,"enemies":"Centurion and Healer","floor":31.0,"turns":4.0},{"damage":85.0,"enemies":"Collector","floor":33.0,"turns":11.0},{"damage":30,"enemies":"3 Darklings","floor":35,"turns":7},{"damage":39,"enemies":"Mysterious Sphere","floor":37,"turns":6},{"damage":7,"enemies":"Orb Walker","floor":38,"turns":3},{"damage":37,"enemies":"2 Orb Walkers","floor":40,"turns":4},{"damage":22,"enemies":"Reptomancer","floor":41,"turns":7},{"damage":74,"enemies":"Transient","floor":42,"turns":4}],"seed_played":"8686257868886583894","potions_obtained":[{"floor":5.0,"key":"Swift Potion"},{"floor":10.0,"key":"EssenceOfSteel"},{"floor":13.0,"key":"Regen Potion"},{"floor":14.0,"key":"SneckoOil"},{"floor":16.0,"key":"GamblersBrew"},{"floor":28.0,"key":"SteroidPotion"},{"floor":31.0,"key":"Regen Potion"},{"floor":33.0,"key":"EssenceOfSteel"},{"floor":35,"key":"Ancient Potion"},{"floor":40,"key":"Dexterity Potion"}],"is_trial":false,"path_per_floor":["M","M","M","$","M","E","M","R","T","E","?","?","M","M","R","B",null,"M","$","?","M","?","E","R","E","T","E","M","R","M","M","R","B",null,"M","?","?","M","?","E","M"],"character_chosen":"IRONCLAD","items_purchased":["Metallicize","Spot Weakness+1"],"campfire_rested":3,"item_purchase_floors":[4,19],"current_hp_per_floor":[80,80,80,80,76,28,23,47,47,35,35,39,35,44,68,66,80,63,63,63,42,42,26,42,17,17,50,50,50,53,51,51,40,56,41,34,21,27,49,24,31,0],"gold":803,"neow_bonus":"TRANSFORM_CARD","is_prod":false,"is_daily":false,"chose_seed":false,"campfire_upgraded":2,"win_rate":0,"timestamp":1536464832,"path_taken":["M","M","M","$","M","E","M","R","T","E","?","?","M","M","R","BOSS","M","$","?","M","?","E","R","E","T","E","M","R","M","?","R","BOSS","M","?","?","M","?","E","?","M"],"build_version":"2018-09-06","purchased_purges":1,"victory":false,"max_hp_per_floor":[80,80,80,80,80,80,80,80,80,80,80,80,80,80,80,80,80,80,80,80,80,56,56,56,56,56,56,56,56,56,56,56,56,56,56,56,56,56,49,49,49,49],"card_choices":[{"not_picked":["Body Slam","Thunderclap"],"picked":"Metallicize","floor":1.0},{"not_picked":["Warcry","Carnage"],"picked":"Twin Strike","floor":2.0},{"not_picked":["Rampage","Iron Wave"],"picked":"Body Slam","floor":3.0},{"not_picked":["Thunderclap","Twin Strike"],"picked":"Rupture","floor":5.0},{"not_picked":["Anger","Uppercut"],"picked":"Impervious","floor":6.0},{"not_picked":["Pommel Strike","Carnage"],"picked":"Sentinel+1","floor":7.0},{"not_picked":["Clash","Flex+1"],"picked":"Shrug It Off+1","floor":10.0},{"not_picked":["Anger","Wild Strike"],"picked":"Rampage","floor":12.0},{"not_picked":["Whirlwind","Reckless Charge"],"picked":"Feel No Pain","floor":13.0},{"not_picked":["Clash","Heavy Blade","Dropkick"],"picked":"SKIP","floor":14.0},{"not_picked":["Double Tap+1","Reaper"],"picked":"Fiend Fire","floor":16.0},{"not_picked":["Iron Wave","Corruption"],"picked":"Armaments+1","floor":18.0},{"not_picked":["Fire Breathing","Dual Wield+1","Headbutt"],"picked":"SKIP","floor":21.0},{"not_picked":["Pommel Strike","Perfected Strike+1"],"picked":"Offering+1","floor":23.0},{"not_picked":["Anger+1","Dropkick+1"],"picked":"Warcry+1","floor":25.0},{"not_picked":["Headbutt","Dual Wield+1","Pommel Strike"],"picked":"Shockwave+1","floor":27.0},{"not_picked":["Clash","Corruption+1","Headbutt"],"picked":"Seeing Red+1","floor":28.0},{"not_picked":["Metallicize","Uppercut","Cleave"],"picked":"Armaments+1","floor":30.0},{"not_picked":["Anger","Disarm+1","Cleave"],"picked":"Shockwave+1","floor":31.0},{"not_picked":["Exhume+1","Offering+1","Immolate"],"picked":"Demon Form","floor":33.0},{"not_picked":["Anger","Havoc+1","Thunderclap","Pommel Strike"],"picked":"SKIP","floor":35},{"not_picked":["Twin Strike+1","Warcry+1","Anger+1"],"picked":"Flex+1","floor":37},{"not_picked":["Dual Wield+1","Perfected Strike+1","Sword Boomerang+1","Burning Pact+1"],"picked":"SKIP","floor":38},{"not_picked":["Anger+1","Battle Trance+1","Demon Form"],"picked":"Metallicize+1","floor":40},{"not_picked":["Heavy Blade+1","Clothesline","Pommel Strike","Twin Strike"],"picked":"SKIP","floor":41}],"player_experience":755284,"relics_obtained":[{"floor":6.0,"key":"Toxic Egg 2"},{"floor":9.0,"key":"Bag of Preparation"},{"floor":10.0,"key":"Lantern"},{"floor":12.0,"key":"Bronze Scales"},{"floor":23.0,"key":"Art of War"},{"floor":25.0,"key":"Question Card"},{"floor":26.0,"key":"Letter Opener"},{"floor":27.0,"key":"Happy Flower"},{"floor":37,"key":"Calipers"},{"floor":40,"key":"Darkstone Periapt"}],"event_choices":[{"event_name":"Liars Game","player_choice":"agreed","floor":11.0,"damage_taken":0.0},{"event_name":"Dead Adventurer","player_choice":"Searched \u00272\u0027 times","floor":12.0,"damage_taken":0.0},{"event_name":"Match and Keep!","player_choice":"0 cards matched","floor":20.0,"damage_taken":0.0},{"event_name":"Vampires","player_choice":"Became a vampire","floor":22.0,"damage_taken":0.0},{"event_name":"Winding Halls","player_choice":"Embrace Madness","floor":36,"damage_taken":0},{"event_name":"Mysterious Sphere","player_choice":"Fight","floor":37,"damage_taken":0},{"event_name":"The Moai Head","player_choice":"Heal","floor":39,"damage_taken":0}],"is_beta":false,"boss_relics":[{"not_picked":["Runic Pyramid","Empty Cage"],"picked":"Lizard Tail"},{"not_picked":["Calling Bell","Black Star"],"picked":"Mark of Pain"}],"items_purged_floors":[19],"is_endless":false,"potions_floor_spawned":[5,10,13,14,16,18,21,28,31,33,35,40],"killed_by":"Transient","ascension_level":3}