{"gold_per_floor":[111,111,111,111,36,70,88,88,88,17,35,35,52,70,70,166,166,179,189,39,39,39,39],"floor_reached":23,"playtime":883,"items_purged":["Defend_R","Strike_R"],"score":302,"play_id":"625a9978-9509-4c0a-81b8-46c0e5c5c1d7","local_time":"20190512225845","is_ascension_mode":true,"campfire_choices":[{"data":"Inflame","floor":8,"key":"SMITH"},{"data":"Searing Blow","floor":12,"key":"SMITH"},{"data":"Searing Blow+1","floor":15,"key":"SMITH"}],"neow_cost":"PERCENT_DAMAGE","seed_source_timestamp":3749012222178897,"circlet_count":0,"master_deck":["AscendersBane","Strike_R","Strike_R","Defend_R","Defend_R","Defend_R","Bash","Inflame+1","Inflame","Pummel","Searing Blow+2","Inflame","Limit Break+1","Heavy Blade"],"relics":["Burning Blood","StoneCalendar","Bronze Scales","Matryoshka","Busted Crown"],"potions_floor_usage":[16,19],"damage_taken":[{"damage":0,"enemies":"2 Louse","floor":1,"turns":4},{"damage":39,"enemies":"Gremlin Nob","floor":6,"turns":5},{"damage":4,"enemies":"Small Slimes","floor":7,"turns":4},{"damage":1,"enemies":"Jaw Worm","floor":11,"turns":4},{"damage":10,"enemies":"Gremlin Gang","floor":13,"turns":4},{"damage":7,"enemies":"Looter","floor":14,"turns":3},{"damage":33,"enemies":"Slime Boss","floor":16,"turns":7},{"damage":14,"enemies":"3 Byrds","floor":18,"turns":3},{"damage":29,"enemies":"Shell Parasite","floor":19,"turns":3},{"damage":37,"enemies":"Book of Stabbing","floor":23,"turns":3}],"seed_played":"4184063632940337048","potions_obtained":[{"floor":1,"key":"LiquidBronze"},{"floor":14,"key":"PowerPotion"},{"floor":18,"key":"Poison Potion"},{"floor":19,"key":"Ancient Potion"}],"is_trial":false,"path_per_floor":["M","?","?","?","$","E","M","R","T","$","M","R","M","M","R","B",null,"M","M","$","?","$","E"],"character_chosen":"IRONCLAD","items_purchased":["Pummel","Heavy Blade"],"campfire_rested":0,"item_purchase_floors":[10,20],"current_hp_per_floor":[57,50,50,76,76,43,45,45,45,45,50,50,46,45,45,18,65,57,34,34,34,34,0],"gold":39,"neow_bonus":"ONE_RARE_RELIC","is_prod":false,"is_daily":false,"chose_seed":false,"campfire_upgraded":3,"win_rate":0,"timestamp":1557694725,"path_taken":["M","?","?","?","$","E","M","R","T","$","?","R","M","M","R","BOSS","M","?","$","?","?","E"],"build_version":"2019-01-23","purchased_purges":2,"victory":false,"max_hp_per_floor":[80,80,80,80,80,80,80,80,80,80,80,80,80,80,80,80,80,80,80,80,80,80,80],"card_choices":[{"not_picked":["Battle Trance","Headbutt"],"picked":"Inflame","floor":1},{"not_picked":["Body Slam","Flex","Brutality"],"picked":"SKIP","floor":6},{"not_picked":["Shrug It Off","True Grit"],"picked":"Inflame","floor":7},{"not_picked":["Reckless Charge","Disarm"],"picked":"Searing Blow","floor":11},{"not_picked":["Body Slam","True Grit"],"picked":"Inflame","floor":13},{"not_picked":["Sentinel","Headbutt","Rupture"],"picked":"SKIP","floor":14},{"not_picked":["Reaper","Demon Form"],"picked":"Limit Break","floor":16},{"not_picked":["Feel No Pain"],"picked":"SKIP","floor":18},{"not_picked":["Intimidate"],"picked":"SKIP","floor":19}],"player_experience":527902,"relics_obtained":[{"floor":6,"key":"Bronze Scales"},{"floor":9,"key":"Matryoshka"}],"event_choices":[{"cards_removed":["Strike_R"],"damage_healed":0,"gold_gain":0,"player_choice":"Card Removal","damage_taken":7,"max_hp_gain":0,"max_hp_loss":0,"event_name":"Golden Wing","floor":2,"gold_loss":0},{"cards_removed":["Strike_R"],"damage_healed":0,"gold_gain":0,"player_choice":"Forget","damage_taken":0,"max_hp_gain":0,"max_hp_loss":0,"event_name":"Living Wall","floor":3,"gold_loss":0},{"damage_healed":26,"gold_gain":0,"player_choice":"Banana","damage_taken":0,"max_hp_gain":0,"max_hp_loss":0,"event_name":"Big Fish","floor":4,"gold_loss":0},{"damage_healed":0,"gold_gain":0,"player_choice":"Upgraded","damage_taken":0,"max_hp_gain":0,"max_hp_loss":0,"event_name":"Upgrade Shrine","floor":21,"gold_loss":0,"cards_upgraded":["Limit Break"]}],"is_beta":false,"boss_relics":[{"not_picked":["Philosopher\u0027s Stone","Ectoplasm"],"picked":"Busted Crown"}],"items_purged_floors":[5,20],"is_endless":false,"potions_floor_spawned":[1,14,18,19],"killed_by":"Book of Stabbing","ascension_level":12}