{"gold_per_floor":[111,121,121,296,56,83,83,100,123,153,153,153,153,166,166,271,271,281,75,89,104,116,116,116],"floor_reached":24,"playtime":1680,"items_purged":["Doubt"],"score":216,"play_id":"74ae0308-2dac-4066-ba19-a2a988eb645f","local_time":"20190521195028","is_ascension_mode":true,"campfire_choices":[{"floor":11,"key":"REST"},{"floor":13,"key":"REST"},{"data":"Footwork","floor":15,"key":"SMITH"},{"floor":23,"key":"REST"}],"neow_cost":"NONE","seed_source_timestamp":435202359907231,"circlet_count":0,"master_deck":["Defend_G","Defend_G","Defend_G","Defend_G","Strike_G+1","Strike_G","Strike_G","Strike_G+1","Survivor","Neutralize","Purity","Dagger Spray","Dagger Spray","Magnetism","Dodge and Roll","Footwork+1","Deflect","Unload","Backflip","Backstab","Flying Knee","Backflip","Caltrops","Glass Knife","Dodge and Roll+1","Dagger Spray"],"relics":["Ring of the Snake","Regal Pillow","Whetstone","Mercury Hourglass","Orrery"],"potions_floor_usage":[20,21],"damage_taken":[{"damage":1,"enemies":"Small Slimes","floor":1,"turns":4},{"damage":0,"enemies":"2 Louse","floor":2,"turns":3},{"damage":24,"enemies":"Lagavulin","floor":6,"turns":9},{"damage":0,"enemies":"Cultist","floor":8,"turns":5},{"damage":29,"enemies":"3 Sentries","floor":10,"turns":8},{"damage":0,"enemies":"3 Louse","floor":14,"turns":2},{"damage":38,"enemies":"Hexaghost","floor":16,"turns":11},{"damage":18,"enemies":"2 Thieves","floor":18,"turns":4},{"damage":1,"enemies":"Chosen","floor":20,"turns":5},{"damage":8,"enemies":"Centurion and Healer","floor":21,"turns":5},{"damage":28,"enemies":"3 Cultists","floor":22,"turns":5},{"damage":61,"enemies":"Gremlin Leader","floor":24,"turns":7}],"seed_played":"-6536255561629200749","potions_obtained":[{"floor":10,"key":"GamblersBrew"},{"floor":14,"key":"GhostInAJar"},{"floor":18,"key":"Explosive Potion"}],"is_trial":false,"path_per_floor":["M","M","?","?","$","E","?","M","T","E","R","?","R","M","R","B",null,"M","$","M","M","M","R","E"],"character_chosen":"THE_SILENT","items_purchased":["Magnetism","Backflip","Caltrops","Glass Knife"],"campfire_rested":3,"item_purchase_floors":[5,19,19,19],"current_hp_per_floor":[69,69,57,57,57,33,33,33,33,4,40,33,69,69,69,31,70,52,52,51,43,15,51,0],"gold":116,"neow_bonus":"RANDOM_COLORLESS","is_prod":false,"is_daily":false,"chose_seed":false,"campfire_upgraded":1,"win_rate":0,"timestamp":1558482628,"path_taken":["M","M","?","?","$","E","?","?","T","E","R","?","R","M","R","BOSS","M","$","M","M","M","R","E"],"build_version":"2019-01-23","purchased_purges":1,"victory":false,"max_hp_per_floor":[70,70,70,70,70,70,70,70,70,70,70,70,70,70,70,70,70,70,70,70,70,70,70,70],"card_choices":[{"not_picked":["Outmaneuver","Choke"],"picked":"Dagger Spray","floor":1},{"not_picked":["Prepared","Escape Plan"],"picked":"Dagger Spray","floor":2},{"not_picked":["Phantasmal Killer","Catalyst","Dagger Spray"],"picked":"SKIP","floor":6},{"not_picked":["Backstab","Backflip"],"picked":"Footwork","floor":8},{"not_picked":["Reflex","Dagger Throw","Cloak And Dagger"],"picked":"SKIP","floor":10},{"not_picked":["Acrobatics","Distraction"],"picked":"Deflect","floor":14},{"not_picked":["Bullet Time","Malaise"],"picked":"Unload","floor":16},{"not_picked":["Slice","PiercingWail"],"picked":"Backflip","floor":17},{"not_picked":["Outmaneuver","Poisoned Stab"],"picked":"Backstab","floor":17},{"not_picked":["Prepared","Cloak And Dagger"],"picked":"Flying Knee","floor":18},{"not_picked":["Poisoned Stab","Acrobatics+1"],"picked":"Dodge and Roll+1","floor":20},{"not_picked":["Bane","Cloak And Dagger"],"picked":"Dagger Spray","floor":21},{"not_picked":["PiercingWail","Expertise","Wraith Form v2"],"picked":"SKIP","floor":22}],"player_experience":283562,"relics_obtained":[{"floor":6,"key":"Whetstone"},{"floor":10,"key":"Mercury Hourglass"}],"event_choices":[{"damage_healed":0,"gold_gain":0,"player_choice":"Success","damage_taken":12,"relics_obtained":["Regal Pillow"],"max_hp_gain":0,"max_hp_loss":0,"event_name":"Scrap Ooze","floor":3,"gold_loss":0},{"damage_healed":0,"gold_gain":175,"player_choice":"AGREE","damage_taken":0,"max_hp_gain":0,"max_hp_loss":0,"event_name":"Liars Game","floor":4,"gold_loss":0,"cards_obtained":["Doubt"]},{"damage_healed":0,"gold_gain":0,"cards_transformed":["Defend_G"],"player_choice":"Transformed","damage_taken":0,"max_hp_gain":0,"max_hp_loss":0,"event_name":"Transmorgrifier","floor":7,"gold_loss":0,"cards_obtained":["Dodge and Roll"]},{"cards_removed":["Strike_G"],"damage_healed":0,"gold_gain":0,"player_choice":"Card Removal","damage_taken":7,"max_hp_gain":0,"max_hp_loss":0,"event_name":"Golden Wing","floor":12,"gold_loss":0}],"is_beta":false,"boss_relics":[{"not_picked":["Velvet Choker","Fusion Hammer"],"picked":"Orrery"}],"items_purged_floors":[5],"is_endless":false,"potions_floor_spawned":[10,14,18],"killed_by":"Gremlin Leader","ascension_level":1}