{"gold_per_floor":[15,190,190,200,219,250,250,250,274,78,78,78,88,108,108,206,206,224,29,29,46,64,64,81,81,132,132,7,36,54,67,67,172,172,189,39,50,50,50,50,85,85,130,130,230,0,0,18,18,18],"floor_reached":51,"playtime":3599,"items_purged":["Strike_B","Strike_B","Strike_B","Strike_B"],"score":893,"play_id":"f6508a1c-c0d3-4f6f-ba8d-9211274a500d","local_time":"20190513182929","is_ascension_mode":true,"campfire_choices":[{"floor":7.0,"key":"REST"},{"data":"Glacier","floor":12.0,"key":"SMITH"},{"floor":15.0,"key":"REST"},{"floor":23,"key":"REST"},{"data":"Blizzard","floor":25,"key":"SMITH"},{"floor":32,"key":"REST"},{"data":"Echo Form","floor":40,"key":"SMITH"},{"floor":44,"key":"REST"},{"data":"Capacitor","floor":47,"key":"SMITH"},{"floor":49,"key":"REST"}],"neow_cost":"NO_GOLD","seed_source_timestamp":1552649344258140,"circlet_count":0,"master_deck":["Defend_B","Defend_B","Defend_B","Defend_B","Zap","Dualcast","Sweeping Beam","Go for the Eyes","Blizzard+1","Glacier+1","Compile Driver","Capacitor+1","Coolheaded","Echo Form+1","Coolheaded","Purity","Leap","Rebound+1","Sweeping Beam","Good Instincts","Reboot","Coolheaded","Loop+1","Creative AI","Undo+1","Writhe","Cold Snap+1","Blizzard+1","Chill"],"special_seed":0,"relics":["Cracked Core","Potion Belt","Dodecahedron","Regal Pillow","Nuclear Battery","Happy Flower","Anchor","Cursed Key","Omamori","Smiling Mask","Pocketwatch","DollysMirror"],"potions_floor_usage":[16,21,21,29,29,29,29,29,31,33,50],"damage_taken":[{"damage":9.0,"enemies":"Jaw Worm","floor":1.0,"turns":3.0},{"damage":8.0,"enemies":"Small Slimes","floor":4.0,"turns":3.0},{"damage":1.0,"enemies":"Cultist","floor":5.0,"turns":3.0},{"damage":33.0,"enemies":"Gremlin Nob","floor":6.0,"turns":4.0},{"damage":9.0,"enemies":"3 Louse","floor":13.0,"turns":3.0},{"damage":35.0,"enemies":"Exordium Thugs","floor":14.0,"turns":6.0},{"damage":17,"enemies":"Slime Boss","floor":16,"turns":13},{"damage":35,"enemies":"3 Byrds","floor":18,"turns":7},{"damage":0,"enemies":"Spheric Guardian","floor":21,"turns":6},{"damage":12,"enemies":"Centurion and Healer","floor":22,"turns":8},{"damage":0,"enemies":"Snecko","floor":24,"turns":8},{"damage":17,"enemies":"Slavers","floor":29,"turns":4},{"damage":33,"enemies":"3 Cultists","floor":30,"turns":7},{"damage":9,"enemies":"Snake Plant","floor":31,"turns":7},{"damage":16,"enemies":"Collector","floor":33,"turns":13},{"damage":11,"enemies":"3 Shapes","floor":35,"turns":6},{"damage":6,"enemies":"Orb Walker","floor":37,"turns":5},{"damage":24,"enemies":"Nemesis","floor":41,"turns":13},{"damage":1,"enemies":"Mind Bloom Boss Battle","floor":45,"turns":7},{"damage":3,"enemies":"3 Darklings","floor":48,"turns":4},{"damage":58,"enemies":"Time Eater","floor":50,"turns":14}],"seed_played":"-523338204832389617","potions_obtained":[{"floor":14.0,"key":"Dexterity Potion"},{"floor":22,"key":"AttackPotion"},{"floor":29,"key":"Block Potion"},{"floor":30,"key":"Poison Potion"},{"floor":31,"key":"SteroidPotion"},{"floor":41,"key":"Fire Potion"},{"floor":45,"key":"GamblersBrew"}],"is_trial":false,"path_per_floor":["M","?","?","M","M","E","R","T","T","$","?","R","M","M","R","B",null,"M","$","?","M","M","R","M","R","T","?","$","E","M","M","R","B",null,"M","$","M","?","$","R","E","$","T","R","?","$","R","M","R","B",null],"character_chosen":"DEFECT","items_purchased":["Glacier","Compile Driver","EntropicBrew","DollysMirror","Chill"],"campfire_rested":6,"item_purchase_floors":[10,10,19,46,46],"current_hp_per_floor":[73,73,73,65,64,31,57,57,57,57,57,57,48,13,54,37,76,41,41,41,41,29,70,70,70,70,70,70,53,20,11,52,36,76,65,65,59,81,81,81,57,57,57,89,88,88,88,85,89,31],"gold":18,"neow_bonus":"TWENTY_PERCENT_HP_BONUS","is_prod":false,"is_daily":false,"chose_seed":false,"campfire_upgraded":4,"win_rate":0,"timestamp":1557781169,"path_taken":["M","?","?","M","M","E","R","?","T","$","?","R","?","M","R","BOSS","M","$","?","?","M","R","M","R","T","?","?","E","M","M","R","BOSS","M","$","M","?","$","R","E","$","T","R","?","?","R","M","R","BOSS"],"build_version":"2019-01-23","purchased_purges":4,"victory":true,"max_hp_per_floor":[89,89,89,89,89,89,89,89,89,89,89,89,89,89,89,89,89,89,89,89,89,89,89,89,89,89,89,89,89,89,89,89,89,89,89,89,89,89,89,89,89,89,89,89,89,89,89,89,89,89],"card_choices":[{"not_picked":["Leap","Conserve Battery"],"picked":"Sweeping Beam","floor":1.0},{"not_picked":["Steam","Turbo","Undo"],"picked":"SKIP","floor":4.0},{"not_picked":["Turbo","Rebound"],"picked":"Go for the Eyes","floor":5.0},{"not_picked":["Steam","Biased Cognition"],"picked":"Blizzard","floor":6.0},{"not_picked":["Hologram","Leap"],"picked":"Capacitor","floor":13.0},{"not_picked":["Stack","Fusion"],"picked":"Coolheaded","floor":14.0},{"not_picked":["Creative AI","Multi-Cast"],"picked":"Echo Form","floor":16},{"not_picked":["Beam Cell+1","Chill"],"picked":"Coolheaded","floor":18},{"not_picked":["Ball Lightning","Aggregate","Beam Cell"],"picked":"SKIP","floor":21},{"not_picked":["Compile Driver","Steam"],"picked":"Leap","floor":22},{"not_picked":["Chill","Sweeping Beam+1"],"picked":"Rebound+1","floor":24},{"not_picked":["Leap","Stack+1"],"picked":"Reboot","floor":29},{"not_picked":["Darkness","Conserve Battery"],"picked":"Coolheaded","floor":30},{"not_picked":["Coolheaded","Double Energy"],"picked":"Loop+1","floor":31},{"not_picked":["Rainbow","Hyperbeam"],"picked":"Creative AI","floor":33},{"not_picked":["Gash+1","Go for the Eyes"],"picked":"Undo+1","floor":35},{"not_picked":["Streamline+1","Coolheaded","Ball Lightning"],"picked":"SKIP","floor":37},{"not_picked":["Beam Cell","Go for the Eyes+1","Heatsinks"],"picked":"SKIP","floor":41},{"not_picked":["Steam","Go for the Eyes+1"],"picked":"Cold Snap+1","floor":45},{"not_picked":["Ball Lightning","Genetic Algorithm","Aggregate"],"picked":"SKIP","floor":48}],"player_experience":1203384,"relics_obtained":[{"floor":6.0,"key":"Potion Belt"},{"floor":8.0,"key":"Dodecahedron"},{"floor":9.0,"key":"Regal Pillow"},{"floor":26,"key":"Happy Flower"},{"floor":29,"key":"Anchor"},{"floor":41,"key":"Omamori"},{"floor":43,"key":"Smiling Mask"},{"floor":45,"key":"Pocketwatch"}],"event_choices":[{"damage_healed":0.0,"max_hp_gain":0.0,"max_hp_loss":0.0,"gold_gain":175.0,"event_name":"Liars Game","player_choice":"AGREE","floor":2.0,"gold_loss":0.0,"damage_taken":0.0,"cards_obtained":["Doubt"]},{"cards_removed":["Doubt"],"damage_healed":0.0,"max_hp_gain":0.0,"max_hp_loss":0.0,"gold_gain":0.0,"event_name":"Living Wall","player_choice":"Forget","floor":3.0,"gold_loss":0.0,"damage_taken":0.0},{"damage_healed":0.0,"max_hp_gain":0.0,"max_hp_loss":0.0,"gold_gain":0.0,"event_name":"Match and Keep!","player_choice":"1 cards matched","floor":11.0,"gold_loss":0.0,"damage_taken":0.0,"cards_obtained":["Forethought"]},{"damage_healed":0,"gold_gain":0,"cards_transformed":["Forethought"],"player_choice":"Transformed","damage_taken":0,"max_hp_gain":0,"max_hp_loss":0,"event_name":"Transmorgrifier","floor":20,"gold_loss":0,"cards_obtained":["Purity"]},{"damage_healed":0,"gold_gain":0,"player_choice":"2 cards matched","damage_taken":0,"max_hp_gain":0,"max_hp_loss":0,"event_name":"Match and Keep!","floor":27,"gold_loss":0,"cards_obtained":["Sweeping Beam","Good Instincts"]},{"damage_healed":22,"gold_gain":0,"player_choice":"Writhe","damage_taken":0,"max_hp_gain":0,"max_hp_loss":0,"event_name":"Winding Halls","floor":38,"gold_loss":0,"cards_obtained":["Writhe"]},{"damage_healed":0,"gold_gain":0,"player_choice":"Fight","damage_taken":0,"max_hp_gain":0,"max_hp_loss":0,"event_name":"MindBloom","floor":45,"gold_loss":0}],"is_beta":false,"boss_relics":[{"not_picked":["Snecko Eye","Eternal Feather"],"picked":"Nuclear Battery"},{"not_picked":["Philosopher\u0027s Stone","FrozenCore"],"picked":"Cursed Key"}],"items_purged_floors":[10,19,28,36],"is_endless":false,"potions_floor_spawned":[14,22,29,30,31,41,45],"ascension_level":7}