{"gold_per_floor":[117,117,117,133,133,153,181,200,254,254,270,270,345,385,385,385],"floor_reached":16,"playtime":1087,"items_purged":[],"score":100,"play_id":"abe345f3-f484-4afe-be72-08815040dbc3","local_time":"20190518181017","is_ascension_mode":false,"campfire_choices":[{"data":"Neutralize","floor":10,"key":"SMITH"},{"data":"Night Terror","floor":12,"key":"SMITH"},{"floor":15,"key":"REST"}],"neow_cost":"NONE","seed_source_timestamp":268898572169,"circlet_count":0,"master_deck":["Defend_G","Defend_G","Defend_G","Defend_G","Defend_G","Strike_G","Strike_G","Strike_G","Strike_G","Strike_G","Survivor","Neutralize+1","Flying Knee","Injury","Expertise","Regret","Poisoned Stab","Crippling Poison","Poisoned Stab","Night Terror+1","Well Laid Plans"],"relics":["Eternal Feather","Golden Idol","Anchor","Blue Candle","Odd Mushroom","Potion Belt","Singing Bowl"],"potions_floor_usage":[7,14,16],"damage_taken":[{"damage":0,"enemies":"2 Louse","floor":1,"turns":3},{"damage":1,"enemies":"Jaw Worm","floor":4,"turns":5},{"damage":5,"enemies":"Small Slimes","floor":6,"turns":5},{"damage":22,"enemies":"The Mushroom Lair","floor":7,"turns":6},{"damage":3,"enemies":"Blue Slaver","floor":8,"turns":4},{"damage":5,"enemies":"2 Fungi Beasts","floor":11,"turns":4},{"damage":20,"enemies":"3 Sentries","floor":14,"turns":11},{"damage":67,"enemies":"Slime Boss","floor":16,"turns":10}],"seed_played":"-1607924727919157759","potions_obtained":[{"floor":4,"key":"GhostInAJar"},{"floor":8,"key":"FairyPotion"},{"floor":11,"key":"EssenceOfSteel"},{"floor":14,"key":"PowerPotion"}],"is_trial":false,"path_per_floor":["M","?","?","M","?","M","?","M","T","R","M","R","?","E","R","B"],"character_chosen":"THE_SILENT","items_purchased":[],"campfire_rested":1,"item_purchase_floors":[],"current_hp_per_floor":[70,70,63,62,62,57,35,32,32,41,36,48,37,17,50,0],"gold":385,"neow_bonus":"BOSS_RELIC","is_prod":false,"is_daily":false,"chose_seed":false,"campfire_upgraded":2,"win_rate":0,"timestamp":1558224617,"path_taken":["M","?","?","M","?","M","?","?","T","R","M","R","?","E","R","BOSS"],"build_version":"2019-01-23","purchased_purges":0,"victory":false,"max_hp_per_floor":[70,70,70,70,70,70,70,70,70,70,70,70,70,70,70,70],"card_choices":[{"not_picked":["Deadly Poison","Blade Dance"],"picked":"Flying Knee","floor":1},{"not_picked":["Sucker Punch","Acrobatics"],"picked":"Expertise","floor":4},{"not_picked":["Dodge and Roll","Sucker Punch"],"picked":"Poisoned Stab","floor":6},{"not_picked":["Blade Dance","Terror"],"picked":"Crippling Poison","floor":7},{"not_picked":["All Out Attack","Deflect"],"picked":"Poisoned Stab","floor":8},{"not_picked":["Calculated Gamble","Outmaneuver"],"picked":"Night Terror","floor":11},{"not_picked":["Blade Dance","Eviscerate"],"picked":"Well Laid Plans","floor":14}],"player_experience":1434846,"relics_obtained":[{"floor":7,"key":"Odd Mushroom"},{"floor":9,"key":"Potion Belt"},{"floor":14,"key":"Singing Bowl"}],"event_choices":[{"damage_healed":0,"gold_gain":0,"player_choice":"Take Wound","damage_taken":0,"relics_obtained":["Golden Idol"],"max_hp_gain":0,"max_hp_loss":0,"event_name":"Golden Idol","floor":2,"gold_loss":0,"cards_obtained":["Injury"]},{"damage_healed":0,"gold_gain":0,"player_choice":"Success","damage_taken":7,"relics_obtained":["Anchor"],"max_hp_gain":0,"max_hp_loss":0,"event_name":"Scrap Ooze","floor":3,"gold_loss":0},{"damage_healed":0,"gold_gain":0,"player_choice":"Box","damage_taken":0,"relics_obtained":["Blue Candle"],"max_hp_gain":0,"max_hp_loss":0,"event_name":"Big Fish","floor":5,"gold_loss":0,"cards_obtained":["Regret"]},{"damage_healed":0,"gold_gain":0,"player_choice":"Fought Mushrooms","damage_taken":0,"max_hp_gain":0,"max_hp_loss":0,"event_name":"Mushrooms","floor":7,"gold_loss":0},{"damage_healed":0,"gold_gain":75,"player_choice":"Gather Gold","damage_taken":11,"max_hp_gain":0,"max_hp_loss":0,"event_name":"World of Goop","floor":13,"gold_loss":0}],"is_beta":false,"boss_relics":[],"items_purged_floors":[],"is_endless":false,"potions_floor_spawned":[4,8,11,14],"killed_by":"Slime Boss","ascension_level":0}