{"gold_per_floor":[109,384,400,400,70,70,101,101,154,186,206,106,131,147,147,224,224,224,224,224,224,224,224,224,224,224,139,139,139,139,139,139,139,139,139,139,139,139,139,139,139,139,139,139,139,139],"floor_reached":46,"playtime":2956,"items_purged":["Strike_R","Strike_R"],"score":1162,"play_id":"050fa5e0-7d64-461f-8a76-01828f7daa9b","local_time":"20190509151351","is_ascension_mode":true,"campfire_choices":[{"data":"Whirlwind","floor":6.0,"key":"SMITH"},{"data":"Infernal Blade","floor":8.0,"key":"SMITH"},{"data":"True Grit","floor":15.0,"key":"SMITH"},{"data":"True Grit","floor":25.0,"key":"SMITH"},{"floor":32.0,"key":"REST"},{"floor":40.0,"key":"REST"}],"neow_cost":"NONE","seed_source_timestamp":0,"circlet_count":0,"master_deck":["AscendersBane","Strike_R","Strike_R","Strike_R","Defend_R","Defend_R","Defend_R","Defend_R","Bash","Dropkick","Whirlwind+1","Infernal Blade+1","Shockwave","Battle Trance","True Grit+1","Dropkick","Double Tap+1","Dual Wield","Headbutt+1","True Grit+1","Clothesline+1","Offering","Seeing Red+1","Sentinel"],"special_seed":0,"relics":["Burning Blood","NeowsBlessing","Chemical X","Potion Belt","Lantern","StoneCalendar","Ancient Tea Set","Ectoplasm","Question Card","Bag of Marbles","Happy Flower","Dream Catcher","Unceasing Top","White Beast Statue","Orichalcum","Nunchaku","Art of War"],"potions_floor_usage":[],"damage_taken":[{"damage":0.0,"enemies":"Small Slimes","floor":1.0,"turns":1.0},{"damage":0.0,"enemies":"Cultist","floor":3.0,"turns":1.0},{"damage":0.0,"enemies":"Lagavulin","floor":7.0,"turns":1.0},{"damage":0.0,"enemies":"3 Sentries","floor":10.0,"turns":1.0},{"damage":9.0,"enemies":"2 Louse","floor":11.0,"turns":2.0},{"damage":5.0,"enemies":"Lagavulin","floor":13.0,"turns":3.0},{"damage":0.0,"enemies":"Exordium Thugs","floor":14.0,"turns":1.0},{"damage":42.0,"enemies":"Slime Boss","floor":16.0,"turns":7.0},{"damage":30.0,"enemies":"Spheric Guardian","floor":18.0,"turns":6.0},{"damage":0.0,"enemies":"3 Byrds","floor":19.0,"turns":2.0},{"damage":0.0,"enemies":"3 Cultists","floor":21.0,"turns":2.0},{"damage":0.0,"enemies":"Shelled Parasite and Fungi","floor":22.0,"turns":1.0},{"damage":14.0,"enemies":"Gremlin Leader","floor":23.0,"turns":5.0},{"damage":12.0,"enemies":"Centurion and Healer","floor":24.0,"turns":4.0},{"damage":0.0,"enemies":"Slavers","floor":28.0,"turns":1.0},{"damage":21.0,"enemies":"Snake Plant","floor":29.0,"turns":5.0},{"damage":47.0,"enemies":"Automaton","floor":33.0,"turns":7.0},{"damage":6.0,"enemies":"Orb Walker","floor":35.0,"turns":2.0},{"damage":47.0,"enemies":"3 Shapes","floor":37.0,"turns":7.0},{"damage":24.0,"enemies":"Transient","floor":42.0,"turns":6.0},{"damage":21.0,"enemies":"Giant Head","floor":45.0,"turns":5.0},{"damage":16,"enemies":"Maw","floor":46,"turns":2}],"seed_played":"11481348949101239","potions_obtained":[{"floor":1.0,"key":"GamblersBrew"},{"floor":3.0,"key":"PowerPotion"},{"floor":10.0,"key":"Dexterity Potion"},{"floor":14.0,"key":"Dexterity Potion"},{"floor":21.0,"key":"EssenceOfSteel"},{"floor":28.0,"key":"Poison Potion"},{"floor":29.0,"key":"Regen Potion"},{"floor":35.0,"key":"Energy Potion"},{"floor":37.0,"key":"Poison Potion"},{"floor":42.0,"key":"Swift Potion"},{"floor":45.0,"key":"EssenceOfSteel"}],"is_trial":false,"path_per_floor":["M","?","M","?","$","R","E","R","T","E","M","$","E","M","R","B",null,"M","M","?","M","M","E","M","R","T","?","E","M","T","$","R","B",null,"M","$","M","?","?","R","?","M","T","?","E","M"],"character_chosen":"IRONCLAD","items_purchased":["Chemical X","Whirlwind"],"campfire_rested":2,"item_purchase_floors":[5,5],"current_hp_per_floor":[74,74,75,75,75,75,75,75,75,75,72,72,73,75,75,39,66,42,48,48,54,60,52,46,46,46,46,52,37,37,37,59,33,65,65,65,24,24,24,46,46,28,28,28,13,0],"gold":139,"neow_bonus":"THREE_ENEMY_KILL","is_prod":false,"is_daily":false,"chose_seed":false,"campfire_upgraded":4,"win_rate":0,"timestamp":1557423831,"path_taken":["M","?","?","?","$","R","E","R","T","E","M","$","E","M","R","BOSS","M","M","?","M","?","E","M","R","T","?","E","M","?","$","R","BOSS","M","?","M","?","?","R","?","?","T","?","E","M"],"build_version":"2019-01-23","purchased_purges":2,"victory":false,"max_hp_per_floor":[75,75,75,75,75,75,75,75,75,75,75,75,75,75,75,75,75,75,75,75,75,75,75,75,75,75,75,75,75,75,75,75,75,75,75,75,75,75,75,75,75,75,75,75,75,75],"card_choices":[{"not_picked":["Rupture","Twin Strike","Burning Pact"],"picked":"SKIP","floor":1.0},{"not_picked":["Wild Strike","Perfected Strike"],"picked":"Dropkick","floor":3.0},{"not_picked":["Armaments","Clash"],"picked":"Infernal Blade","floor":7.0},{"not_picked":["Sword Boomerang","Warcry"],"picked":"Shockwave","floor":10.0},{"not_picked":["Wild Strike","Clothesline"],"picked":"Battle Trance","floor":11.0},{"not_picked":["Pommel Strike","Reaper"],"picked":"True Grit","floor":13.0},{"not_picked":["Searing Blow","Battle Trance"],"picked":"Dropkick","floor":14.0},{"not_picked":["Feed","Demon Form"],"picked":"Double Tap","floor":16.0},{"not_picked":["Anger","Blood for Blood+1","Wild Strike"],"picked":"SKIP","floor":18.0},{"not_picked":["Power Through","Second Wind","Carnage"],"picked":"SKIP","floor":19.0},{"not_picked":["Clothesline","Shrug It Off"],"picked":"Dual Wield","floor":21.0},{"not_picked":["Second Wind","Searing Blow","Sword Boomerang"],"picked":"SKIP","floor":22.0},{"not_picked":["Cleave","Pummel"],"picked":"Headbutt+1","floor":23.0},{"not_picked":["True Grit","Cleave","Clash","Pommel Strike"],"picked":"SKIP","floor":24.0},{"not_picked":["Cleave","Clash","Pommel Strike"],"picked":"True Grit","floor":24.0},{"not_picked":["Rampage","Infernal Blade","Cleave","Ghostly Armor"],"picked":"SKIP","floor":28.0},{"not_picked":["Hemokinesis","Ghostly Armor","Sword Boomerang","Burning Pact"],"picked":"SKIP","floor":29.0},{"not_picked":["Body Slam","Havoc","Blood for Blood"],"picked":"Clothesline+1","floor":32.0},{"not_picked":["Bludgeon","Reaper","Brutality"],"picked":"Offering","floor":33.0},{"not_picked":["Hemokinesis","Havoc","Uppercut+1"],"picked":"Seeing Red+1","floor":35.0},{"not_picked":["Rupture+1","Power Through","Havoc"],"picked":"Sentinel","floor":37.0},{"not_picked":["Wild Strike","Flex","Blood for Blood","Sever Soul"],"picked":"SKIP","floor":42.0},{"not_picked":["Wild Strike","Sever Soul","Body Slam","Clothesline"],"picked":"SKIP","floor":45.0}],"player_experience":1188947,"relics_obtained":[{"floor":7.0,"key":"Potion Belt"},{"floor":9.0,"key":"Lantern"},{"floor":10.0,"key":"StoneCalendar"},{"floor":13.0,"key":"Ancient Tea Set"},{"floor":23.0,"key":"Question Card"},{"floor":26.0,"key":"Bag of Marbles"},{"floor":28.0,"key":"Dream Catcher"},{"floor":30.0,"key":"Unceasing Top"},{"floor":43.0,"key":"Nunchaku"},{"floor":45.0,"key":"Art of War"}],"event_choices":[{"damage_healed":0.0,"max_hp_gain":0.0,"max_hp_loss":0.0,"gold_gain":275.0,"event_name":"Golden Shrine","player_choice":"Desecrate","floor":2.0,"gold_loss":0.0,"damage_taken":0.0,"cards_obtained":["Regret"]},{"cards_removed":["Regret"],"damage_healed":0.0,"max_hp_gain":0.0,"max_hp_loss":0.0,"gold_gain":0.0,"event_name":"Living Wall","player_choice":"Forget","floor":4.0,"gold_loss":0.0,"damage_taken":0.0},{"damage_healed":0.0,"max_hp_gain":0.0,"max_hp_loss":0.0,"gold_gain":0.0,"event_name":"Accursed Blacksmith","player_choice":"Forge","floor":20.0,"gold_loss":0.0,"damage_taken":0.0,"cards_upgraded":["Double Tap"]},{"damage_healed":0.0,"max_hp_gain":0.0,"max_hp_loss":0.0,"gold_gain":0.0,"event_name":"Addict","player_choice":"Obtained Relic","floor":27.0,"gold_loss":85.0,"damage_taken":0.0,"relics_obtained":["Happy Flower"]},{"damage_healed":0.0,"max_hp_gain":0.0,"max_hp_loss":0.0,"gold_gain":0.0,"event_name":"Tomb of Lord Red Mask","player_choice":"Ignored","floor":38.0,"gold_loss":0.0,"damage_taken":0.0},{"damage_healed":0.0,"max_hp_gain":0.0,"max_hp_loss":0.0,"gold_gain":0.0,"event_name":"SensoryStone","player_choice":"Memory 1","floor":39.0,"gold_loss":0.0,"damage_taken":0.0},{"damage_healed":0.0,"max_hp_gain":0.0,"max_hp_loss":0.0,"gold_gain":0.0,"event_name":"WeMeetAgain","player_choice":"Gave Potion","floor":41.0,"gold_loss":0.0,"damage_taken":0.0,"relics_obtained":["Orichalcum"]},{"damage_healed":0.0,"max_hp_gain":0.0,"max_hp_loss":0.0,"gold_gain":0.0,"event_name":"Mysterious Sphere","player_choice":"Ignored","floor":44.0,"gold_loss":0.0,"damage_taken":0.0}],"is_beta":false,"boss_relics":[{"not_picked":["Philosopher\u0027s Stone","Velvet Choker"],"picked":"Ectoplasm"},{"not_picked":["Tiny House","Snecko Eye"],"picked":"White Beast Statue"}],"items_purged_floors":[5,12],"is_endless":false,"potions_floor_spawned":[1,3,10,14,21,28,29,35,37,42,45],"killed_by":"Maw","ascension_level":20}