{"gold_per_floor":[109,34,109,34,34,34,51,51,51,51,63,63,75,75,75,146,146,163,183,193,211,211],"floor_reached":22,"playtime":1402,"items_purged":["Defend_G"],"score":308,"play_id":"501a82c2-ada9-4ad9-b0a4-8ac356def2d4","local_time":"20190510115457","is_ascension_mode":true,"campfire_choices":[{"data":"Footwork","floor":6,"key":"SMITH"},{"data":"Flying Knee","floor":8,"key":"SMITH"},{"data":"Cloak And Dagger","floor":15,"key":"SMITH"}],"neow_cost":"NONE","seed_source_timestamp":3535868745439473,"circlet_count":0,"master_deck":["AscendersBane","Defend_G","Defend_G+1","Defend_G","Defend_G+1","Strike_G","Strike_G","Strike_G","Survivor","Neutralize+1","Footwork+1","Expertise","Flying Knee+1","Cloak And Dagger+1","Cloak And Dagger","Footwork","Phantasmal Killer","Cloak And Dagger","Acrobatics"],"relics":["Ring of the Snake","Prayer Wheel","War Paint","Busted Crown"],"potions_floor_usage":[16,16,19,21],"damage_taken":[{"damage":1,"enemies":"2 Louse","floor":1,"turns":3},{"damage":0,"enemies":"Cultist","floor":7,"turns":4},{"damage":1,"enemies":"Jaw Worm","floor":11,"turns":3},{"damage":4,"enemies":"3 Louse","floor":13,"turns":5},{"damage":7,"enemies":"The Guardian","floor":16,"turns":17},{"damage":0,"enemies":"Shell Parasite","floor":18,"turns":9},{"damage":13,"enemies":"Spheric Guardian","floor":19,"turns":4},{"damage":0,"enemies":"Snake Plant","floor":20,"turns":9},{"damage":38,"enemies":"Centurion and Healer","floor":21,"turns":17},{"damage":13,"enemies":"Chosen and Byrds","floor":22,"turns":4}],"seed_played":"-7388070322267140081","potions_obtained":[{"floor":1,"key":"Swift Potion"},{"floor":13,"key":"Block Potion"},{"floor":16,"key":"AttackPotion"},{"floor":18,"key":"SpeedPotion"},{"floor":20,"key":"Ancient Potion"}],"is_trial":false,"path_per_floor":["M","$","?","?","?","R","M","R","T","?","M","$","M","?","R","B",null,"M","M","M","M","M"],"character_chosen":"THE_SILENT","items_purchased":[],"campfire_rested":0,"item_purchase_floors":[],"current_hp_per_floor":[58,58,47,47,47,47,47,47,47,47,46,46,42,42,42,35,58,58,45,45,7,0],"gold":211,"neow_bonus":"UPGRADE_CARD","is_prod":false,"is_daily":false,"chose_seed":false,"campfire_upgraded":3,"win_rate":0,"timestamp":1557482097,"path_taken":["M","$","?","?","?","R","?","R","T","?","M","?","M","?","R","BOSS","M","?","M","M","M"],"build_version":"2019-01-23","purchased_purges":1,"victory":false,"max_hp_per_floor":[66,66,66,66,66,66,66,66,66,66,66,66,66,66,66,66,66,66,66,66,66,66],"card_choices":[{"not_picked":["Underhanded Strike","Bane"],"picked":"Footwork","floor":1},{"not_picked":["Finisher","Dodge and Roll"],"picked":"Flying Knee","floor":7},{"not_picked":["Backflip","Expertise"],"picked":"Cloak And Dagger","floor":11},{"not_picked":["Venomology","Dagger Throw"],"picked":"Cloak And Dagger","floor":11},{"not_picked":["Prepared","Wraith Form v2"],"picked":"Footwork","floor":13},{"not_picked":["Quick Slash","Deadly Poison","Outmaneuver"],"picked":"SKIP","floor":13},{"not_picked":["Die Die Die","Envenom"],"picked":"Phantasmal Killer","floor":16},{"not_picked":["Deadly Poison"],"picked":"SKIP","floor":18},{"not_picked":["Dodge and Roll"],"picked":"SKIP","floor":18},{"not_picked":[],"picked":"Cloak And Dagger","floor":19},{"not_picked":["Prepared"],"picked":"SKIP","floor":19},{"not_picked":["PiercingWail"],"picked":"SKIP","floor":20},{"not_picked":["Flechettes"],"picked":"SKIP","floor":20},{"not_picked":[],"picked":"Acrobatics","floor":21},{"not_picked":["Slice"],"picked":"SKIP","floor":21}],"player_experience":510967,"relics_obtained":[{"floor":9,"key":"Prayer Wheel"}],"event_choices":[{"damage_healed":0,"gold_gain":75,"player_choice":"Gather Gold","damage_taken":11,"max_hp_gain":0,"max_hp_loss":0,"event_name":"World of Goop","floor":3,"gold_loss":0},{"cards_removed":["Strike_G"],"damage_healed":0,"gold_gain":0,"player_choice":"Card Removal","damage_taken":0,"max_hp_gain":0,"max_hp_loss":0,"event_name":"The Cleric","floor":4,"gold_loss":75},{"damage_healed":0,"gold_gain":0,"cards_transformed":["Strike_G"],"player_choice":"Transformed","damage_taken":0,"max_hp_gain":0,"max_hp_loss":0,"event_name":"Transmorgrifier","floor":5,"gold_loss":0,"cards_obtained":["Expertise"]},{"damage_healed":0,"gold_gain":0,"player_choice":"Searched \u00271\u0027 times","damage_taken":0,"relics_obtained":["War Paint"],"max_hp_gain":0,"max_hp_loss":0,"event_name":"Dead Adventurer","floor":10,"gold_loss":0},{"damage_healed":0,"gold_gain":0,"player_choice":"0 cards matched","damage_taken":0,"max_hp_gain":0,"max_hp_loss":0,"event_name":"Match and Keep!","floor":14,"gold_loss":0,"cards_obtained":[]}],"is_beta":false,"boss_relics":[{"not_picked":["Cursed Key","Runic Dome"],"picked":"Busted Crown"}],"items_purged_floors":[2],"is_endless":false,"potions_floor_spawned":[1,13,16,18,20],"killed_by":"Chosen and Byrds","ascension_level":15}