{"gold_per_floor":[110,120,140,59,69,69,87,115,141,141,151,163,178,2,2,76,76,94,94,108,68,87,87,114,114,114,114,66,82,82,1,1,78,78,97,115,115,115,0,32,32,45,45,45,59,87,110,138,150,162],"floor_reached":51,"playtime":4212,"items_purged":["Strike_G"],"score":1231,"play_id":"e734b14c-772a-4c2a-b982-a27b8c6ec2e5","local_time":"20190515193635","is_ascension_mode":true,"campfire_choices":[{"floor":6,"key":"REST"},{"data":"Well Laid Plans","floor":10,"key":"SMITH"},{"floor":15,"key":"REST"},{"floor":23,"key":"REST"},{"floor":27,"key":"REST"},{"data":"Footwork","floor":30,"key":"SMITH"},{"floor":32,"key":"REST"},{"data":"Footwork","floor":41,"key":"SMITH"},{"floor":44,"key":"REST"},{"floor":49,"key":"REST"}],"neow_cost":"PERCENT_DAMAGE","seed_source_timestamp":119111890272399,"circlet_count":0,"master_deck":["AscendersBane","Defend_G","Defend_G+1","Defend_G","Defend_G","Defend_G","Strike_G","Strike_G","Survivor+1","Neutralize","Dagger Spray","Bouncing Flask","Cloak And Dagger","Well Laid Plans+1","Crippling Poison+1","Escape Plan+1","Malaise+1","Outmaneuver+1","PiercingWail+1","Backflip+1","Deadly Poison+1","PiercingWail+1","Die Die Die","Bouncing Flask+1","Catalyst+1","Noxious Fumes","Footwork+1","Backflip+1","Backflip+1","Footwork+1","Envenom","Deflect+1","Finesse+1","Leg Sweep+1","Footwork","Blur+1"],"relics":["Ring of the Snake","Toxic Egg 2","Strawberry","Philosopher\u0027s Stone","Omamori","WarpedTongs","Snake Skull","Sozu","Red Mask","War Paint","MawBank"],"potions_floor_usage":[5,12,16,24,24,29,33],"damage_taken":[{"damage":6,"enemies":"Cultist","floor":1,"turns":5},{"damage":9,"enemies":"Jaw Worm","floor":2,"turns":8},{"damage":0,"enemies":"2 Louse","floor":3,"turns":4},{"damage":0,"enemies":"Lots of Slimes","floor":5,"turns":4},{"damage":4,"enemies":"2 Fungi Beasts","floor":7,"turns":4},{"damage":8,"enemies":"Lagavulin","floor":8,"turns":7},{"damage":1,"enemies":"Exordium Thugs","floor":11,"turns":5},{"damage":14,"enemies":"Exordium Wildlife","floor":12,"turns":6},{"damage":11,"enemies":"Large Slime","floor":13,"turns":8},{"damage":18,"enemies":"The Guardian","floor":16,"turns":9},{"damage":3,"enemies":"Chosen","floor":18,"turns":5},{"damage":23,"enemies":"2 Thieves","floor":20,"turns":5},{"damage":30,"enemies":"3 Cultists","floor":22,"turns":5},{"damage":27,"enemies":"Slavers","floor":24,"turns":4},{"damage":0,"enemies":"Snecko","floor":29,"turns":4},{"damage":21,"enemies":"Collector","floor":33,"turns":7},{"damage":25,"enemies":"3 Darklings","floor":35,"turns":6},{"damage":11,"enemies":"Orb Walker","floor":36,"turns":5},{"damage":18,"enemies":"Reptomancer","floor":40,"turns":7},{"damage":15,"enemies":"Jaw Worm Horde","floor":42,"turns":4},{"damage":0,"enemies":"Transient","floor":45,"turns":5},{"damage":0,"enemies":"Nemesis","floor":46,"turns":7},{"damage":7,"enemies":"3 Darklings","floor":47,"turns":4},{"damage":0,"enemies":"Writhing Mass","floor":48,"turns":3},{"damage":17,"enemies":"Time Eater","floor":50,"turns":12}],"seed_played":"-8707331662777084396","potions_obtained":[{"floor":3,"key":"Dexterity Potion"},{"floor":7,"key":"SpeedPotion"},{"floor":8,"key":"Ancient Potion"},{"floor":13,"key":"Weak Potion"},{"floor":18,"key":"LiquidBronze"},{"floor":22,"key":"Explosive Potion"},{"floor":24,"key":"Block Potion"},{"floor":29,"key":"Fruit Juice"}],"is_trial":false,"path_per_floor":["M","M","M","$","M","R","M","E","T","R","M","M","M","$","R","B",null,"M","?","M","?","M","R","E","?","T","R","$","M","R","$","R","B",null,"M","M","?","?","?","E","R","M","T","R","M","E","M","M","R","B",null],"character_chosen":"THE_SILENT","items_purchased":["Well Laid Plans","Deadly Poison+1","PiercingWail+1","Backflip+1","Footwork"],"campfire_rested":7,"item_purchase_floors":[4,14,14,28,31],"current_hp_per_floor":[39,30,30,30,30,51,47,39,46,46,45,31,20,20,43,25,64,61,61,38,38,8,31,4,4,4,27,27,32,32,32,56,35,70,45,34,34,55,55,37,37,22,22,46,46,46,39,39,63,46],"gold":174,"neow_bonus":"REMOVE_TWO","is_prod":false,"is_daily":false,"chose_seed":false,"campfire_upgraded":3,"win_rate":0,"timestamp":1557966995,"path_taken":["M","M","M","$","M","R","M","E","T","R","M","M","M","?","R","BOSS","M","?","M","?","?","R","E","?","T","R","$","M","R","?","R","BOSS","M","M","?","?","?","E","R","M","T","R","M","E","?","M","R","BOSS"],"build_version":"2019-01-23","purchased_purges":1,"victory":true,"max_hp_per_floor":[70,70,70,70,70,70,70,70,77,77,77,77,77,77,77,77,77,77,77,77,77,77,77,77,77,77,77,77,82,82,82,82,82,82,82,82,82,82,82,82,82,82,82,82,82,82,82,82,82,82],"card_choices":[{"not_picked":["Skewer","Outmaneuver"],"picked":"Dagger Spray","floor":1},{"not_picked":["Distraction","Slice"],"picked":"Bouncing Flask","floor":2},{"not_picked":["Reflex","Blur"],"picked":"Cloak And Dagger","floor":3},{"not_picked":["Prepared","Bouncing Flask"],"picked":"Crippling Poison","floor":5},{"not_picked":["Heel Hook","Acrobatics"],"picked":"Escape Plan","floor":7},{"not_picked":["Distraction","Wraith Form v2"],"picked":"Malaise","floor":8},{"not_picked":["Reflex+1","Masterful Stab"],"picked":"Outmaneuver+1","floor":11},{"not_picked":["Sucker Punch","Acrobatics+1"],"picked":"PiercingWail+1","floor":12},{"not_picked":["Poisoned Stab","Dash"],"picked":"Backflip+1","floor":13},{"not_picked":["Tools of the Trade","Storm of Steel+1"],"picked":"Die Die Die","floor":16},{"not_picked":["Prepared+1","Expertise+1"],"picked":"Bouncing Flask+1","floor":18},{"not_picked":["Bane","PiercingWail+1"],"picked":"Noxious Fumes","floor":20},{"not_picked":["Underhanded Strike+1","Dagger Throw+1","Riddle With Holes"],"picked":"SKIP","floor":22},{"not_picked":["All Out Attack+1","Slice"],"picked":"Footwork","floor":24},{"not_picked":["Underhanded Strike","Slice"],"picked":"Backflip+1","floor":29},{"not_picked":["Storm of Steel+1","Phantasmal Killer+1"],"picked":"Envenom","floor":33},{"not_picked":["Blade Dance+1","Dagger Throw"],"picked":"Deflect+1","floor":35},{"not_picked":["Blade Dance+1","Masterful Stab+1","Prepared+1"],"picked":"SKIP","floor":36},{"not_picked":["Thinking Ahead+1","Dramatic Entrance"],"picked":"Finesse+1","floor":37},{"not_picked":["Masterful Stab+1","Setup+1"],"picked":"Leg Sweep+1","floor":40},{"not_picked":["Accuracy+1","Outmaneuver+1"],"picked":"Footwork","floor":42},{"not_picked":["Slice","Backstab"],"picked":"Blur+1","floor":45},{"not_picked":["Endless Agony+1","Bane","Underhanded Strike"],"picked":"SKIP","floor":46},{"not_picked":["Quick Slash","Prepared+1","Infinite Blades"],"picked":"SKIP","floor":47},{"not_picked":["Prepared+1","Noxious Fumes","Slice"],"picked":"SKIP","floor":48}],"player_experience":669978,"relics_obtained":[{"floor":8,"key":"Toxic Egg 2"},{"floor":9,"key":"Strawberry"},{"floor":24,"key":"Omamori"},{"floor":26,"key":"Snake Skull"},{"floor":40,"key":"War Paint"},{"floor":46,"key":"MawBank"}],"event_choices":[{"damage_healed":0,"gold_gain":0,"player_choice":"Read","damage_taken":0,"max_hp_gain":0,"max_hp_loss":0,"event_name":"The Library","floor":19,"gold_loss":0,"cards_obtained":["Catalyst"]},{"damage_healed":0,"gold_gain":0,"player_choice":"Upgraded Two","damage_taken":0,"max_hp_gain":0,"max_hp_loss":0,"event_name":"Designer","floor":21,"gold_loss":40,"cards_upgraded":["Escape Plan","Defend_G"]},{"damage_healed":0,"gold_gain":0,"player_choice":"Rummage","damage_taken":0,"relics_obtained":["WarpedTongs"],"max_hp_gain":0,"max_hp_loss":0,"event_name":"Accursed Blacksmith","floor":25,"gold_loss":0,"cards_obtained":["Pain"]},{"damage_healed":0,"gold_gain":0,"player_choice":"Memory 1","damage_taken":0,"max_hp_gain":0,"max_hp_loss":0,"event_name":"SensoryStone","floor":37,"gold_loss":0},{"damage_healed":21,"gold_gain":0,"player_choice":"Writhe","damage_taken":0,"max_hp_gain":0,"max_hp_loss":0,"event_name":"Winding Halls","floor":38,"gold_loss":0,"cards_obtained":["Writhe"]},{"damage_healed":0,"gold_gain":0,"player_choice":"Paid","damage_taken":0,"relics_obtained":["Red Mask"],"max_hp_gain":0,"max_hp_loss":0,"event_name":"Tomb of Lord Red Mask","floor":39,"gold_loss":115}],"is_beta":false,"boss_relics":[{"not_picked":["HoveringKite","Black Star"],"picked":"Philosopher\u0027s Stone"},{"not_picked":["Fusion Hammer","Velvet Choker"],"picked":"Sozu"}],"items_purged_floors":[14],"is_endless":false,"potions_floor_spawned":[3,7,8,13,18,22,24,29,42,46,47,48],"ascension_level":13}