{"gold_per_floor":[116,191,11,11,21,21,21,21,101,117,117,117,150,163,163,263,263,273,287,287,287,301,301,335,350,350,360,373,383,383,394,394,394],"floor_reached":33,"playtime":1813,"items_purged":["Strike_B"],"score":309,"play_id":"2cd91f22-604b-4c10-b7d8-a8773d40ba36","local_time":"20190108165511","is_ascension_mode":true,"campfire_choices":[{"floor":7,"key":"RECALL"},{"floor":12,"key":"REST"},{"floor":15,"key":"REST"},{"floor":23,"key":"REST"},{"floor":30,"key":"REST"},{"floor":32,"key":"REST"}],"neow_cost":"PERCENT_DAMAGE","seed_source_timestamp":8314050050270,"circlet_count":0,"master_deck":["Strike_B","Defend_B","Defend_B","Defend_B","Zap","Dualcast","FTL","Streamline","Loop","Self Repair","Ball Lightning","Loop","Sweeping Beam","FTL","Cold Snap","Electrodynamics","Chaos","Melter+1","Coolheaded+1","Darkness","Loop"],"relics":["Cracked Core","Happy Flower","The Courier","Ornamental Fan","Nuclear Battery","Enchiridion","Matryoshka","PreservedInsect","Orichalcum"],"potions_floor_usage":[13,14,22,24,24,28,33],"damage_taken":[{"damage":0,"enemies":"Small Slimes","floor":1,"turns":2},{"damage":2,"enemies":"Jaw Worm","floor":5,"turns":3},{"damage":3,"enemies":"2 Louse","floor":10,"turns":2},{"damage":28,"enemies":"Lagavulin","floor":13,"turns":4},{"damage":9,"enemies":"Exordium Thugs","floor":14,"turns":3},{"damage":28,"enemies":"The Guardian","floor":16,"turns":9},{"damage":23,"enemies":"Shell Parasite","floor":18,"turns":4},{"damage":5,"enemies":"3 Byrds","floor":19,"turns":2},{"damage":27,"enemies":"Centurion and Healer","floor":22,"turns":3},{"damage":19,"enemies":"Slavers","floor":24,"turns":4},{"damage":0,"enemies":"Sentry and Sphere","floor":25,"turns":2},{"damage":2,"enemies":"3 Cultists","floor":27,"turns":3},{"damage":21,"enemies":"Centurion and Healer","floor":28,"turns":4},{"damage":12,"enemies":"Chosen and Byrds","floor":29,"turns":3},{"damage":31,"enemies":"Shelled Parasite and Fungi","floor":31,"turns":4},{"damage":66,"enemies":"Automaton","floor":33,"turns":6}],"seed_played":"5629579724350330684","potions_obtained":[{"floor":1,"key":"Block Potion"},{"floor":10,"key":"Block Potion"},{"floor":13,"key":"Fire Potion"},{"floor":19,"key":"FocusPotion"},{"floor":22,"key":"Block Potion"},{"floor":25,"key":"FearPotion"},{"floor":31,"key":"PowerPotion"}],"is_trial":false,"path_per_floor":["M","?","$","?","M","$","R","$","T","M","?","R","E","M","R","B",null,"M","M","?","T","M","R","E","M","T","M","M","M","R","M","R","B"],"character_chosen":"DEFECT","items_purchased":["Self Repair","Ball Lightning"],"campfire_rested":5,"item_purchase_floors":[3,3],"current_hp_per_floor":[54,43,43,25,30,30,30,30,30,34,27,49,28,26,48,27,75,59,54,38,38,11,33,21,28,28,33,19,14,36,12,34,0],"gold":394,"neow_bonus":"TRANSFORM_TWO_CARDS","is_prod":false,"is_daily":false,"chose_seed":false,"campfire_upgraded":0,"win_rate":0,"timestamp":1546984511,"path_taken":["M","?","$","?","M","?","R","$","T","M","?","R","E","M","R","BOSS","M","M","?","?","M","R","E","M","T","?","M","M","R","M","R","BOSS"],"build_version":"2019-01-03v4","purchased_purges":1,"victory":false,"max_hp_per_floor":[75,75,75,75,75,75,75,75,75,75,75,75,75,75,75,75,75,75,75,75,75,75,75,75,75,75,75,75,75,75,75,75,75],"card_choices":[{"not_picked":["Gash","BootSequence"],"picked":"Loop","floor":1},{"not_picked":["Leap","Scrape"],"picked":"Loop","floor":5},{"not_picked":["Heatsinks","Redo"],"picked":"Sweeping Beam","floor":10},{"not_picked":["Rip and Tear","Blizzard"],"picked":"FTL","floor":13},{"not_picked":["Static Discharge","Turbo"],"picked":"Cold Snap","floor":14},{"not_picked":["All For One","Rainbow"],"picked":"Electrodynamics","floor":16},{"not_picked":["Hologram","Double Energy"],"picked":"Chaos","floor":18},{"not_picked":["Double Energy","Stack","Hologram"],"picked":"SKIP","floor":19},{"not_picked":["Coolheaded","Compile Driver"],"picked":"Melter+1","floor":22},{"not_picked":["Cold Snap","Steam"],"picked":"Coolheaded+1","floor":24},{"not_picked":["Streamline","Undo"],"picked":"Darkness","floor":25},{"not_picked":["Go for the Eyes","Steam Power","Hyperbeam"],"picked":"SKIP","floor":27},{"not_picked":["Barrage+1","Redo"],"picked":"Loop","floor":28},{"not_picked":["Compile Driver","Rebound","Redo"],"picked":"SKIP","floor":29},{"not_picked":["Compile Driver","Cold Snap","Leap"],"picked":"SKIP","floor":31}],"player_experience":273692,"relics_obtained":[{"floor":9,"key":"The Courier"},{"floor":13,"key":"Ornamental Fan"},{"floor":20,"key":"Enchiridion"},{"floor":21,"key":"Matryoshka"},{"floor":24,"key":"PreservedInsect"},{"floor":26,"key":"Orichalcum"}],"event_choices":[{"damage_healed":0,"gold_gain":75,"player_choice":"Gather Gold","damage_taken":11,"max_hp_gain":0,"max_hp_loss":0,"event_name":"World of Goop","floor":2,"gold_loss":0},{"damage_healed":0,"gold_gain":0,"player_choice":"Success","damage_taken":18,"relics_obtained":["Happy Flower"],"max_hp_gain":0,"max_hp_loss":0,"event_name":"Scrap Ooze","floor":4,"gold_loss":0},{"cards_removed":["Strike_B"],"damage_healed":0,"gold_gain":0,"player_choice":"Card Removal","damage_taken":7,"max_hp_gain":0,"max_hp_loss":0,"event_name":"Golden Wing","floor":11,"gold_loss":0},{"damage_healed":0,"gold_gain":0,"player_choice":"Obtained Book","damage_taken":16,"max_hp_gain":0,"max_hp_loss":0,"event_name":"Cursed Tome","floor":20,"gold_loss":0}],"is_beta":false,"boss_relics":[{"not_picked":["Runic Pyramid","Ectoplasm"],"picked":"Nuclear Battery"}],"items_purged_floors":[3],"is_endless":false,"potions_floor_spawned":[1,10,13,19,22,25,31],"killed_by":"Automaton","ascension_level":3}