{"path_per_floor":["M","?","M","$","M","R","E","R","T","M","M","M","M","E","R","B",null,"M","$","?","?","?","?","R","$","T"],"character_chosen":"IRONCLAD","items_purchased":["Clash"],"gold_per_floor":[110,110,127,0,18,18,44,44,67,77,93,110,124,156,156,255,255,269,169,198,198,198,198,198,73,96,96],"floor_reached":27,"campfire_rested":1,"playtime":1230,"item_purchase_floors":[4],"current_hp_per_floor":[80,80,80,80,79,79,70,70,70,70,58,58,58,58,58,44,80,52,52,8,8,8,8,32,32,32,0],"items_purged":["Defend_R","Defend_R","Strike_R"],"gold":96,"score":265,"play_id":"cc6b19d6-12a1-408e-9b6b-ea4b6c54d1df","local_time":"20180607123546","is_prod":false,"is_daily":false,"chose_seed":false,"is_ascension_mode":true,"campfire_upgraded":3,"win_rate":0,"timestamp":1528367746,"campfire_choices":[{"data":"Rage","floor":6,"key":"SMITH"},{"data":"Warcry","floor":8,"key":"SMITH"},{"data":"Barricade","floor":15,"key":"SMITH"},{"floor":24,"key":"REST"}],"path_taken":["M","?","M","$","M","R","E","R","T","M","M","M","M","E","R","BOSS","M","$","?","?","?","?","R","$","T","E"],"build_version":"2018-05-31","seed_source_timestamp":1866825346488044,"purchased_purges":3,"victory":false,"master_deck":["Strike_R","Strike_R","Strike_R","Defend_R","Defend_R","Bash","Rage+1","Clash","Juggernaut","Warcry+1","Cleave","Warcry","Metallicize","Barricade+1","Juggernaut"],"max_hp_per_floor":[80,80,80,80,80,80,80,80,80,80,80,80,80,80,80,80,80,80,80,80,80,80,80,80,80,80,80],"relics":["Burning Blood","Juzu Bracelet","Lantern","Black Star","Red Mask","Nloth\u0027s Gift","Art of War"],"card_choices":[{"not_picked":["Flex","Sword Boomerang","Heavy Blade"],"picked":"SKIP","floor":1},{"not_picked":["Headbutt","Corruption"],"picked":"Rage","floor":3},{"not_picked":["Entrench","Body Slam"],"picked":"Juggernaut","floor":5},{"not_picked":["Headbutt","Twin Strike"],"picked":"Warcry","floor":7},{"not_picked":["Corruption","True Grit"],"picked":"Cleave","floor":10},{"not_picked":["Ghostly Armor","Armaments"],"picked":"Warcry","floor":11},{"not_picked":["Clothesline","Havoc"],"picked":"Metallicize","floor":12},{"not_picked":["Heavy Blade","Iron Wave","Wild Strike"],"picked":"SKIP","floor":13},{"not_picked":["Anger","Heavy Blade"],"picked":"Barricade","floor":14},{"not_picked":["Berserk","Bludgeon"],"picked":"Juggernaut","floor":16},{"not_picked":["Wild Strike","Twin Strike+1","Whirlwind"],"picked":"SKIP","floor":18}],"player_experience":227405,"potions_floor_usage":[16,16,18],"damage_taken":[{"damage":4,"enemies":"Small Slimes","floor":1,"turns":5},{"damage":6,"enemies":"Cultist","floor":3,"turns":4},{"damage":7,"enemies":"Jaw Worm","floor":5,"turns":3},{"damage":15,"enemies":"Lagavulin","floor":7,"turns":6},{"damage":6,"enemies":"Looter","floor":10,"turns":3},{"damage":18,"enemies":"Red Slaver","floor":11,"turns":4},{"damage":6,"enemies":"Blue Slaver","floor":12,"turns":3},{"damage":6,"enemies":"Looter","floor":13,"turns":3},{"damage":6,"enemies":"3 Sentries","floor":14,"turns":7},{"damage":20,"enemies":"Hexaghost","floor":16,"turns":8},{"damage":34,"enemies":"2 Thieves","floor":18,"turns":4},{"damage":50,"enemies":"Masked Bandits","floor":20,"turns":6},{"damage":35,"enemies":"Book of Stabbing","floor":27,"turns":4}],"relics_obtained":[{"floor":7,"key":"Juzu Bracelet"},{"floor":9,"key":"Lantern"},{"floor":14,"key":"Happy Flower"},{"floor":20,"key":"Red Mask"},{"floor":26,"key":"Art of War"}],"event_choices":[{"event_name":"The Lab","player_choice":"Got Potions","floor":2,"damage_taken":0},{"event_name":"Masked Bandits","player_choice":"Fought over 169 gold","floor":20,"damage_taken":0},{"event_name":"Drug Dealer","player_choice":"Ignored","floor":21,"damage_taken":0},{"event_name":"N\u0027loth","player_choice":"Traded a Happy Flower","floor":22,"damage_taken":0},{"event_name":"Cursed Tome","player_choice":"Ignored","floor":23,"damage_taken":0}],"boss_relics":[{"not_picked":["Calling Bell","Black Blood"],"picked":"Black Star"}],"items_purged_floors":[4,19,25],"potions_floor_spawned":[3,5,10,11,14],"seed_played":"8275098665843989535","killed_by":"Book of Stabbing","ascension_level":4,"potions_obtained":[{"floor":2,"key":"Weak Potion"},{"floor":2,"key":"Dexterity Potion"},{"floor":2,"key":"Energy Potion"},{"floor":5,"key":"Strength Potion"},{"floor":11,"key":"Strength Potion"}],"is_trial":false}