{"gold_per_floor":[111,111,121,134,52,52,79,79,79,79,79,91,91,105,105,200,200,218,231,231,243,260,260,260,260,260,10,27,27,40,50,50,148,148,159,175,175,30,30],"floor_reached":39,"playtime":20512,"items_purged":[],"score":529,"play_id":"222b6e96-1218-4ca8-809e-0ddb47f98323","local_time":"20190221212804","is_ascension_mode":true,"campfire_choices":[{"data":"Noxious Fumes","floor":6.0,"key":"SMITH"},{"data":"Bouncing Flask","floor":8.0,"key":"SMITH"},{"data":"Neutralize","floor":11.0,"key":"SMITH"},{"data":"Well Laid Plans","floor":13.0,"key":"SMITH"},{"data":"Prepared","floor":15.0,"key":"SMITH"},{"floor":23,"key":"REST"},{"data":"Distraction","floor":25,"key":"SMITH"},{"data":"Deadly Poison","floor":29,"key":"SMITH"},{"floor":32,"key":"REST"}],"neow_cost":"NONE","seed_source_timestamp":0,"circlet_count":0,"master_deck":["Defend_G","Defend_G","Defend_G","Defend_G","Defend_G","Strike_G","Strike_G","Survivor","Neutralize+1","Bouncing Flask+1","Prepared+1","Backstab","Noxious Fumes+1","Well Laid Plans+1","Dodge and Roll","Tools of the Trade","Dodge and Roll+1","PiercingWail+1","Distraction+1","Accuracy","Bane","Deadly Poison+1","Footwork","Envenom","Doubt","Regret","Injury","Acrobatics+1","Crippling Poison","Writhe"],"special_seed":0,"relics":["Ring of the Snake","Sundial","Bag of Preparation","Eternal Feather","Kunai","Darkstone Periapt","Gremlin Horn","Calling Bell","Regal Pillow","Matryoshka","Tingsha","Bronze Scales"],"potions_floor_usage":[30,31,33,36,36,39],"damage_taken":[{"damage":3.0,"enemies":"Small Slimes","floor":1.0,"turns":4.0},{"damage":0.0,"enemies":"2 Louse","floor":3.0,"turns":3.0},{"damage":0.0,"enemies":"Cultist","floor":4.0,"turns":4.0},{"damage":28.0,"enemies":"Gremlin Nob","floor":7.0,"turns":4.0},{"damage":13.0,"enemies":"Exordium Thugs","floor":12.0,"turns":3.0},{"damage":1.0,"enemies":"2 Fungi Beasts","floor":14.0,"turns":4.0},{"damage":9.0,"enemies":"The Guardian","floor":16.0,"turns":8.0},{"damage":15.0,"enemies":"2 Thieves","floor":18.0,"turns":4.0},{"damage":0,"enemies":"Chosen","floor":19,"turns":4},{"damage":6,"enemies":"Centurion and Healer","floor":21,"turns":7},{"damage":34,"enemies":"Cultist and Chosen","floor":22,"turns":7},{"damage":4,"enemies":"Snake Plant","floor":28,"turns":5},{"damage":24,"enemies":"Sentry and Sphere","floor":30,"turns":5},{"damage":9,"enemies":"Shelled Parasite and Fungi","floor":31,"turns":5},{"damage":27,"enemies":"Collector","floor":33,"turns":10},{"damage":32,"enemies":"Orb Walker","floor":35,"turns":5},{"damage":51,"enemies":"3 Darklings","floor":36,"turns":9},{"damage":69,"enemies":"Transient","floor":39,"turns":5}],"seed_played":"-8885386271100048831","potions_obtained":[{"floor":4.0,"key":"SkillPotion"},{"floor":10.0,"key":"Poison Potion"},{"floor":10.0,"key":"EssenceOfSteel"},{"floor":10.0,"key":"SteroidPotion"},{"floor":14.0,"key":"LiquidBronze"},{"floor":16.0,"key":"Fire Potion"},{"floor":22,"key":"Energy Potion"},{"floor":30,"key":"GhostInAJar"},{"floor":33,"key":"EssenceOfSteel"},{"floor":35,"key":"Swift Potion"},{"floor":36,"key":"Regen Potion"}],"is_trial":false,"path_per_floor":["M","?","M","M","$","R","E","R","T","?","R","M","R","M","R","B",null,"M","M","T","M","M","R","?","R","T","$","M","R","M","M","R","B",null,"M","M","?","$","M"],"character_chosen":"THE_SILENT","items_purchased":["Noxious Fumes","Gremlin Horn","Bronze Scales"],"campfire_rested":2,"item_purchase_floors":[5,27,38],"current_hp_per_floor":[74,67,67,67,67,67,39,39,39,39,39,26,26,25,25,16,62,47,47,47,41,7,42,42,54,54,54,50,62,38,29,64,37,85,53,2,32,32,0],"gold":30,"neow_bonus":"TEN_PERCENT_HP_BONUS","is_prod":false,"is_daily":false,"chose_seed":false,"campfire_upgraded":7,"win_rate":0,"timestamp":1550802484,"path_taken":["M","?","M","M","$","R","E","R","T","?","R","M","R","M","R","BOSS","M","?","?","M","M","R","?","R","T","$","M","R","M","M","R","BOSS","M","M","?","$","M"],"build_version":"2019-01-23","purchased_purges":0,"victory":false,"max_hp_per_floor":[77,77,77,77,77,77,77,77,77,77,77,77,77,77,77,77,77,77,77,77,77,77,77,77,77,77,77,77,77,77,77,77,77,95,95,95,101,101,101],"card_choices":[{"not_picked":["Backflip","Dodge and Roll"],"picked":"Bouncing Flask","floor":1.0},{"not_picked":["Choke","Reflex"],"picked":"Prepared","floor":3.0},{"not_picked":["PiercingWail","Quick Slash"],"picked":"Backstab","floor":4.0},{"not_picked":["Doppelganger","Reflex"],"picked":"Well Laid Plans","floor":7.0},{"not_picked":["Underhanded Strike","Deflect"],"picked":"Dodge and Roll","floor":12.0},{"not_picked":["Reflex","Flying Knee","Infinite Blades"],"picked":"SKIP","floor":14.0},{"not_picked":["Wraith Form v2","Venomology"],"picked":"Tools of the Trade","floor":16.0},{"not_picked":["Blade Dance","Prepared","Slice"],"picked":"SKIP","floor":18.0},{"not_picked":["Sucker Punch","Concentrate"],"picked":"Dodge and Roll+1","floor":19},{"not_picked":["Choke+1","Calculated Gamble+1"],"picked":"PiercingWail+1","floor":21},{"not_picked":["Eviscerate","Blade Dance+1"],"picked":"Distraction","floor":22},{"not_picked":["Flying Knee+1","Underhanded Strike+1"],"picked":"Deadly Poison","floor":28},{"not_picked":["Underhanded Strike","All Out Attack","Slice"],"picked":"SKIP","floor":30},{"not_picked":["Infinite Blades","Grand Finale"],"picked":"Footwork","floor":31},{"not_picked":["Doppelganger","A Thousand Cuts"],"picked":"Envenom","floor":33},{"not_picked":["Flying Knee","Poisoned Stab"],"picked":"Acrobatics+1","floor":35},{"not_picked":["Acrobatics+1","Dagger Throw"],"picked":"Crippling Poison","floor":36}],"player_experience":2204002,"relics_obtained":[{"floor":7.0,"key":"Sundial"},{"floor":9.0,"key":"Bag of Preparation"},{"floor":20,"key":"Kunai"},{"floor":26,"key":"Darkstone Periapt"},{"floor":34,"key":"Regal Pillow"},{"floor":34,"key":"Matryoshka"},{"floor":34,"key":"Tingsha"}],"event_choices":[{"cards_removed":["Strike_G"],"damage_healed":0.0,"max_hp_gain":0.0,"max_hp_loss":0.0,"gold_gain":0.0,"event_name":"Golden Wing","player_choice":"Card Removal","floor":2.0,"gold_loss":0.0,"damage_taken":7.0},{"damage_healed":0.0,"max_hp_gain":0.0,"max_hp_loss":0.0,"gold_gain":0.0,"event_name":"Lab","player_choice":"Got Potions","floor":10.0,"gold_loss":0.0,"damage_taken":0.0},{"damage_healed":0,"gold_gain":0,"cards_transformed":["Strike_G","Strike_G"],"player_choice":"Became Test Subject","damage_taken":0,"max_hp_gain":0,"max_hp_loss":0,"event_name":"Drug Dealer","floor":24,"gold_loss":0,"cards_obtained":["Accuracy","Bane"]},{"damage_healed":24,"gold_gain":0,"player_choice":"Writhe","damage_taken":0,"max_hp_gain":0,"max_hp_loss":0,"event_name":"Winding Halls","floor":37,"gold_loss":0,"cards_obtained":["Writhe"]}],"is_beta":false,"boss_relics":[{"not_picked":["Philosopher\u0027s Stone","Orrery"],"picked":"Eternal Feather"},{"not_picked":["White Beast Statue","Tiny House"],"picked":"Calling Bell"}],"items_purged_floors":[],"is_endless":false,"potions_floor_spawned":[4,14,16,22,30,33,35,36],"killed_by":"Transient","ascension_level":5}