{"gold_per_floor":[12,25,36,36,36,36,55,55,109,124,49,49,49,49,49,49],"floor_reached":16,"playtime":514,"items_purged":["Strike_R"],"score":135,"play_id":"3384b767-c95b-4dcf-9e03-b002e7b58c2c","local_time":"20180727143050","is_ascension_mode":true,"campfire_choices":[{"data":"Thunderclap","floor":8,"key":"SMITH"},{"data":"Dropkick","floor":13,"key":"SMITH"},{"data":"Berserk","floor":15,"key":"SMITH"}],"neow_cost":"NO_GOLD","seed_source_timestamp":3517452701983025,"circlet_count":0,"master_deck":["Strike_R","Strike_R","Strike_R","Defend_R","Defend_R","Bash","AscendersBane","Cleave","Thunderclap+1","Dropkick+1","Thunderclap","Berserk+1","Bash"],"relics":["Burning Blood","FaceOfCleric","Golden Idol","Happy Flower"],"potions_floor_usage":[3,16,16],"damage_taken":[{"damage":10,"enemies":"2 Louse","floor":1,"turns":4},{"damage":5,"enemies":"Small Slimes","floor":2,"turns":3},{"damage":6,"enemies":"Cultist","floor":3,"turns":4},{"damage":16,"enemies":"2 Fungi Beasts","floor":7,"turns":3},{"damage":7,"enemies":"3 Louse","floor":10,"turns":2},{"damage":64,"enemies":"The Guardian","floor":16,"turns":11}],"seed_played":"-9102578550630555673","potions_obtained":[{"floor":1,"key":"EssenceOfSteel"},{"floor":2,"key":"Fruit Juice"},{"floor":10,"key":"GamblersBrew"}],"is_trial":false,"path_per_floor":["M","M","M","?","?","?","M","R","T","M","$","?","R","?","R"],"character_chosen":"IRONCLAD","items_purchased":[],"campfire_rested":0,"item_purchase_floors":[],"current_hp_per_floor":[68,69,74,79,79,79,70,70,70,70,70,63,63,63,63,0],"gold":49,"neow_bonus":"REMOVE_TWO","is_prod":false,"is_daily":false,"chose_seed":false,"campfire_upgraded":3,"win_rate":0,"timestamp":1532694650,"path_taken":["M","M","M","?","?","?","?","R","T","M","?","?","R","?","R","BOSS"],"build_version":"2018-07-26","purchased_purges":1,"victory":false,"max_hp_per_floor":[80,80,85,90,90,83,84,84,84,85,85,85,85,85,85,85],"card_choices":[{"not_picked":["Burning Pact","Intimidate"],"picked":"Cleave","floor":1},{"not_picked":["Armaments","Perfected Strike"],"picked":"Thunderclap","floor":2},{"not_picked":["Heavy Blade","Flame Barrier"],"picked":"Dropkick","floor":3},{"not_picked":["Anger","Armaments"],"picked":"Thunderclap","floor":7},{"not_picked":["Heavy Blade","Sword Boomerang","Pommel Strike"],"picked":"SKIP","floor":10}],"player_experience":391427,"relics_obtained":[{"floor":9,"key":"Happy Flower"}],"event_choices":[{"event_name":"Big Fish","player_choice":"Donut","floor":4,"damage_taken":0},{"event_name":"FaceTrader","player_choice":"Trade","floor":5,"damage_taken":0},{"event_name":"Golden Idol","player_choice":"Lose Max HP","floor":6,"damage_taken":0},{"event_name":"Golden Wing","player_choice":"Card Removal","floor":12,"damage_taken":0},{"event_name":"Match and Keep!","player_choice":"2 cards matched","floor":14,"damage_taken":0}],"is_beta":false,"boss_relics":[],"items_purged_floors":[11],"is_endless":false,"potions_floor_spawned":[1,2,10],"killed_by":"The Guardian","ascension_level":10}