{"gold_per_floor":[118,135,153,153,153,193,193,207,232,10,10,28,28,51,51,171,171,187,187,226,15,39,39],"floor_reached":23,"playtime":2124,"items_purged":["Strike_G"],"score":296,"play_id":"e6e956cc-9abb-4c8a-8477-3a1ee91e3853","local_time":"20190222141009","is_ascension_mode":true,"campfire_choices":[{"floor":7.0,"key":"RECALL"},{"floor":11.0,"key":"REST"},{"data":"Neutralize","floor":15.0,"key":"SMITH"}],"neow_cost":"NONE","seed_source_timestamp":0,"circlet_count":0,"master_deck":["AscendersBane","Defend_G","Defend_G","Defend_G","Defend_G","Strike_G","Strike_G","Strike_G","Strike_G","Survivor","Neutralize+1","Blur","Deflect","Flying Knee","Riddle With Holes","Dagger Spray","Quick Slash","Deadly Poison","Noxious Fumes","Night Terror","Backflip","After Image","Cloak And Dagger"],"special_seed":0,"relics":["Ring of the Snake","Bag of Marbles","Golden Idol","Snake Skull","Blood Vial","Coffee Dripper","MutagenicStrength","Red Mask"],"potions_floor_usage":[23,23],"damage_taken":[{"damage":3.0,"enemies":"Jaw Worm","floor":1.0,"turns":8.0},{"damage":2.0,"enemies":"Small Slimes","floor":2.0,"turns":4.0},{"damage":0.0,"enemies":"Cultist","floor":3.0,"turns":4.0},{"damage":16.0,"enemies":"Gremlin Nob","floor":6.0,"turns":3.0},{"damage":11.0,"enemies":"Exordium Wildlife","floor":8.0,"turns":5.0},{"damage":2.0,"enemies":"2 Fungi Beasts","floor":12.0,"turns":3.0},{"damage":5.0,"enemies":"Blue Slaver","floor":14.0,"turns":3.0},{"damage":6.0,"enemies":"Hexaghost","floor":16.0,"turns":10.0},{"damage":11.0,"enemies":"2 Thieves","floor":18.0,"turns":4.0},{"damage":42.0,"enemies":"Masked Bandits","floor":20.0,"turns":5.0},{"damage":0.0,"enemies":"Shell Parasite","floor":22.0,"turns":8.0},{"damage":21,"enemies":"Slavers","floor":23,"turns":4}],"seed_played":"1779504766439162437","potions_obtained":[{"floor":1.0,"key":"Dexterity Potion"},{"floor":3.0,"key":"Poison Potion"},{"floor":12.0,"key":"Block Potion"},{"floor":20.0,"key":"SkillPotion"}],"is_trial":false,"path_per_floor":["M","M","M","?","?","E","R","M","T","$","R","M","$","M","R","B",null,"M","?","?","$","M","E"],"character_chosen":"THE_SILENT","items_purchased":["Blood Vial","After Image","Cloak And Dagger"],"campfire_rested":1,"item_purchase_floors":[10,21,21],"current_hp_per_floor":[60,58,58,41,41,25,25,14,14,14,35,35,35,32,32,28,60,51,51,11,11,13,0],"gold":39,"neow_bonus":"RANDOM_COMMON_RELIC","is_prod":false,"is_daily":false,"chose_seed":false,"campfire_upgraded":1,"win_rate":0,"timestamp":1550873409,"path_taken":["M","M","M","?","?","E","R","M","T","?","R","M","$","M","R","BOSS","M","?","?","$","M","E"],"build_version":"2019-01-23","purchased_purges":1,"victory":false,"max_hp_per_floor":[70,70,70,70,70,70,70,70,70,70,70,70,70,70,70,70,70,70,70,70,70,70,70],"card_choices":[{"not_picked":["Poisoned Stab","Concentrate"],"picked":"Blur","floor":1.0},{"not_picked":["Escape Plan","Dagger Throw"],"picked":"Deflect","floor":2.0},{"not_picked":["Dodge and Roll","Quick Slash"],"picked":"Flying Knee","floor":3.0},{"not_picked":["Sucker Punch","Bane"],"picked":"Dagger Spray","floor":6.0},{"not_picked":["Doppelganger","Slice"],"picked":"Quick Slash","floor":8.0},{"not_picked":["Slice","Blade Dance"],"picked":"Deadly Poison","floor":12.0},{"not_picked":["Deflect","Choke"],"picked":"Noxious Fumes","floor":14.0},{"not_picked":["Grand Finale","Adrenaline"],"picked":"Night Terror","floor":16.0},{"not_picked":["Blade Dance","Underhanded Strike","All Out Attack+1"],"picked":"SKIP","floor":18.0},{"not_picked":["Cloak And Dagger","Underhanded Strike"],"picked":"Backflip","floor":20.0},{"not_picked":["Underhanded Strike","Bane","Dagger Throw+1"],"picked":"SKIP","floor":22.0}],"player_experience":616769,"relics_obtained":[{"floor":6.0,"key":"Snake Skull"},{"floor":20.0,"key":"Red Mask"}],"event_choices":[{"damage_healed":0.0,"max_hp_gain":0.0,"max_hp_loss":0.0,"gold_gain":0.0,"event_name":"Golden Idol","player_choice":"Take Damage","floor":4.0,"gold_loss":0.0,"damage_taken":17.0,"relics_obtained":["Golden Idol"]},{"damage_healed":0.0,"max_hp_gain":0.0,"max_hp_loss":0.0,"gold_gain":0.0,"cards_transformed":["Defend_G"],"event_name":"Living Wall","player_choice":"Change","floor":5.0,"gold_loss":0.0,"damage_taken":0.0,"cards_obtained":["Riddle With Holes"]},{"damage_healed":0.0,"max_hp_gain":0.0,"max_hp_loss":0.0,"gold_gain":0.0,"event_name":"Drug Dealer","player_choice":"Inject Mutagens","floor":19.0,"gold_loss":0.0,"damage_taken":0.0,"relics_obtained":["MutagenicStrength"]},{"damage_healed":0.0,"max_hp_gain":0.0,"max_hp_loss":0.0,"gold_gain":0.0,"event_name":"Masked Bandits","player_choice":"Fought Bandits","floor":20.0,"gold_loss":0.0,"damage_taken":0.0}],"is_beta":false,"boss_relics":[{"not_picked":["Velvet Choker","Tiny House"],"picked":"Coffee Dripper"}],"items_purged_floors":[10],"is_endless":false,"potions_floor_spawned":[1,3,12,20],"killed_by":"Slavers","ascension_level":11}