{"path_per_floor":["M","$","?","M","?","R","E","R","T","?","?"],"character_chosen":"IRONCLAD","items_purchased":[],"gold_per_floor":[119,44,119,139,139,139,169,169,195,251,251,251],"floor_reached":12,"campfire_rested":0,"playtime":530,"item_purchase_floors":[],"current_hp_per_floor":[75,75,64,64,64,64,64,64,64,19,19,0],"items_purged":["Strike_R"],"gold":251,"score":93,"play_id":"f20deeb2-78b0-48fd-abd1-b5ee12ebd9df","local_time":"20180607174230","is_prod":false,"is_daily":false,"chose_seed":false,"is_ascension_mode":true,"campfire_upgraded":2,"win_rate":0,"timestamp":1528386150,"campfire_choices":[{"data":"Metallicize","floor":6,"key":"SMITH"},{"data":"Cleave","floor":8,"key":"SMITH"}],"path_taken":["M","$","?","M","?","R","E","R","T","?","?","E"],"build_version":"2018-05-31","seed_source_timestamp":1885928954044625,"purchased_purges":1,"victory":false,"master_deck":["Strike_R","Strike_R","Strike_R","Strike_R","Defend_R","Defend_R","Defend_R","Bash","Pommel Strike","Metallicize+1","Good Instincts","Cleave+1","Inflame"],"max_hp_per_floor":[80,80,80,80,80,80,80,80,80,80,80,80],"relics":["Burning Blood","Juzu Bracelet","Omamori","Bag of Preparation","Pantograph"],"card_choices":[{"not_picked":["Corruption","Twin Strike"],"picked":"Pommel Strike","floor":1},{"not_picked":["Headbutt","Armaments"],"picked":"Metallicize","floor":4},{"not_picked":["Shockwave","Sword Boomerang"],"picked":"Cleave","floor":7},{"not_picked":["Perfected Strike","Clothesline"],"picked":"Inflame","floor":10}],"player_experience":235983,"potions_floor_usage":[7,12],"damage_taken":[{"damage":11,"enemies":"Jaw Worm","floor":1,"turns":5},{"damage":6,"enemies":"2 Louse","floor":4,"turns":3},{"damage":6,"enemies":"3 Sentries","floor":7,"turns":10},{"damage":51,"enemies":"Lagavulin Event","floor":10,"turns":7},{"damage":27,"enemies":"Lagavulin","floor":12,"turns":5}],"relics_obtained":[{"floor":7,"key":"Omamori"},{"floor":9,"key":"Bag of Preparation"},{"floor":10,"key":"Pantograph"}],"event_choices":[{"event_name":"World of Goop","player_choice":"Gather Gold","floor":3,"damage_taken":0},{"event_name":"Match and Keep!","player_choice":"1 cards matched","floor":5,"damage_taken":0},{"event_name":"Dead Adventurer","player_choice":"Searched \u00272\u0027 times","floor":10,"damage_taken":0},{"event_name":"Living Wall","player_choice":"Forget","floor":11,"damage_taken":0}],"boss_relics":[],"items_purged_floors":[2],"potions_floor_spawned":[1,10],"seed_played":"2079914908897806842","killed_by":"Lagavulin","ascension_level":5,"potions_obtained":[{"floor":1,"key":"Explosive Potion"},{"floor":10,"key":"EssenceOfSteel"}],"is_trial":false}