{"gold_per_floor":[109,119,130,150,168,193,210],"floor_reached":7,"playtime":965,"items_purged":[],"score":107,"play_id":"94a56001-f1df-4752-980d-308cab2d7ab5","local_time":"20190128182237","is_ascension_mode":false,"campfire_choices":[],"neow_cost":"","seed_source_timestamp":0,"circlet_count":0,"master_deck":["Footwork","Dodge and Roll","Dodge and Roll","Dodge and Roll","Dodge and Roll","Catalyst","Poisoned Stab","Poisoned Stab","Poisoned Stab","Poisoned Stab","Backflip","After Image","Adrenaline"],"relics":["Ring of the Snake","Snake Skull","The Specimen","TwistedFunnel","Gremlin Horn"],"potions_floor_usage":[],"damage_taken":[{"damage":0,"enemies":"2 Louse","floor":1,"turns":2},{"damage":0,"enemies":"Cultist","floor":2,"turns":2},{"damage":0,"enemies":"Jaw Worm","floor":3,"turns":3},{"damage":0,"enemies":"Blue Slaver","floor":4,"turns":3},{"damage":4,"enemies":"Red Slaver","floor":5,"turns":3},{"damage":2,"enemies":"3 Sentries","floor":6,"turns":7},{"damage":0,"enemies":"2 Fungi Beasts","floor":7,"turns":2}],"seed_played":"-5546197924037317762","potions_obtained":[{"floor":2,"key":"EssenceOfSteel"},{"floor":4,"key":"Explosive Potion"},{"floor":6,"key":"Explosive Potion"}],"is_trial":true,"path_per_floor":["M","M","M","M","M","E","M"],"character_chosen":"THE_SILENT","items_purchased":[],"campfire_rested":0,"item_purchase_floors":[],"current_hp_per_floor":[70,70,70,70,66,64,64],"gold":210,"neow_bonus":"","is_prod":false,"is_daily":false,"chose_seed":false,"campfire_upgraded":0,"win_rate":0,"timestamp":1548721357,"path_taken":["M","M","M","M","M","E","M"],"build_version":"2019-01-23","purchased_purges":0,"victory":false,"max_hp_per_floor":[70,70,70,70,70,70,70],"card_choices":[{"not_picked":["Bane","Cloak And Dagger"],"picked":"Backflip","floor":1},{"not_picked":["PiercingWail","Poisoned Stab","Acrobatics"],"picked":"SKIP","floor":2},{"not_picked":["Dagger Throw","Blade Dance","Quick Slash"],"picked":"SKIP","floor":3},{"not_picked":["Slice","Backflip"],"picked":"After Image","floor":4},{"not_picked":["Poisoned Stab","Concentrate","Underhanded Strike"],"picked":"SKIP","floor":5},{"not_picked":["Dagger Throw","Underhanded Strike"],"picked":"Adrenaline","floor":6},{"not_picked":["Dagger Throw","Cloak And Dagger","Outmaneuver"],"picked":"SKIP","floor":7}],"player_experience":580396,"relics_obtained":[{"floor":6,"key":"Gremlin Horn"}],"event_choices":[],"is_beta":false,"boss_relics":[],"items_purged_floors":[],"is_endless":false,"potions_floor_spawned":[2,4,6],"killed_by":"2 Fungi Beasts","ascension_level":0}