{"gold_per_floor":[119,137,150,150,7,7,7,7,31,31,31,63,63,81,81,185,185,166,166,15,15,35,35,35,55,102,102,102,34,34,66,66,66],"floor_reached":33,"playtime":1927,"items_purged":["Strike_G","Strike_G"],"score":454,"play_id":"1ee603bf-eee2-4381-b52f-3f141398272e","local_time":"20180731155324","is_ascension_mode":true,"campfire_choices":[{"data":"Dash","floor":6,"key":"SMITH"},{"data":"Dash","floor":8,"key":"SMITH"},{"floor":10,"key":"REST"},{"data":"Neutralize","floor":15,"key":"SMITH"},{"data":"Burst","floor":23,"key":"SMITH"},{"data":"Footwork","floor":28,"key":"SMITH"},{"floor":32,"key":"REST"}],"neow_cost":"","seed_source_timestamp":3866583790012534,"circlet_count":0,"master_deck":["Defend_G","Defend_G","Defend_G","Defend_G","Defend_G","Strike_G","Strike_G","Survivor","Neutralize+1","AscendersBane","Dash+1","Poisoned Stab","Burst+1","Dash+1","Footwork+1","After Image","Backflip+1","Backflip+1","Endless Agony","Infinite Blades+1","Doppelganger+1"],"relics":["Ring of the Snake","Torii","Juzu Bracelet","Toxic Egg 2","Runic Dome","Frozen Egg 2","Happy Flower","Mummified Hand","Dream Catcher"],"potions_floor_usage":[16,16,16,22,31,33],"damage_taken":[{"damage":7,"enemies":"Cultist","floor":1,"turns":6},{"damage":5,"enemies":"Jaw Worm","floor":2,"turns":5},{"damage":0,"enemies":"Small Slimes","floor":3,"turns":5},{"damage":0,"enemies":"3 Sentries","floor":12,"turns":10},{"damage":0,"enemies":"Exordium Wildlife","floor":14,"turns":4},{"damage":45,"enemies":"The Guardian","floor":16,"turns":17},{"damage":1,"enemies":"2 Thieves","floor":18,"turns":4},{"damage":0,"enemies":"3 Byrds","floor":22,"turns":8},{"damage":14,"enemies":"Snake Plant","floor":25,"turns":7},{"damage":37,"enemies":"Gremlin Leader","floor":31,"turns":11},{"damage":48,"enemies":"Collector","floor":33,"turns":14}],"seed_played":"5857783388394960814","potions_obtained":[{"floor":2,"key":"EssenceOfSteel"},{"floor":14,"key":"EntropicBrew"},{"floor":16,"key":"EssenceOfSteel"},{"floor":31,"key":"Regen Potion"}],"is_trial":false,"path_per_floor":["M","M","M","?","$","R","$","R","T","R","?","E","?","M","R","B",null,"M","?","$","?","M","R","?","M","T","T","R","$","?","E","R"],"character_chosen":"THE_SILENT","items_purchased":["Dash","Backflip+1","Infinite Blades+1"],"campfire_rested":2,"item_purchase_floors":[5,20,29],"current_hp_per_floor":[56,51,51,44,44,44,44,44,44,65,65,65,65,65,65,20,58,57,57,57,57,57,57,57,43,43,43,43,43,43,6,27,0],"gold":66,"neow_bonus":"","is_prod":false,"is_daily":false,"chose_seed":false,"campfire_upgraded":5,"win_rate":0,"timestamp":1533045204,"path_taken":["M","?","M","?","$","R","$","R","T","R","?","E","?","M","R","BOSS","M","?","?","?","M","R","?","M","T","?","R","?","?","E","R","BOSS"],"build_version":"2018-07-26","purchased_purges":2,"victory":false,"max_hp_per_floor":[70,70,70,70,70,70,70,70,70,70,70,70,70,70,70,70,70,70,70,70,70,70,70,70,70,70,70,70,70,70,70,70,70],"card_choices":[{"not_picked":["Deflect","Poisoned Stab"],"picked":"Dash","floor":1},{"not_picked":["PiercingWail","Prepared"],"picked":"Poisoned Stab","floor":2},{"not_picked":["Sucker Punch","Cloak And Dagger"],"picked":"Burst","floor":3},{"not_picked":["Catalyst","Sucker Punch"],"picked":"Footwork","floor":12},{"not_picked":["Dodge and Roll+1","Deflect+1","PiercingWail+1"],"picked":"SKIP","floor":14},{"not_picked":["A Thousand Cuts","Wraith Form v2"],"picked":"After Image","floor":16},{"not_picked":["Slice","Quick Slash","Bane+1"],"picked":"SKIP","floor":18},{"not_picked":["Quick Slash","Dodge and Roll+1","Slice+1"],"picked":"SKIP","floor":22},{"not_picked":["Deflect+1","Flechettes","Slice"],"picked":"SKIP","floor":25},{"not_picked":["Heel Hook+1","Sucker Punch"],"picked":"Doppelganger+1","floor":31}],"player_experience":412197,"relics_obtained":[{"floor":9,"key":"Juzu Bracelet"},{"floor":12,"key":"Toxic Egg 2"},{"floor":26,"key":"Happy Flower"},{"floor":27,"key":"Mummified Hand"},{"floor":31,"key":"Dream Catcher"}],"event_choices":[{"event_name":"Scrap Ooze","player_choice":"success","floor":4,"damage_taken":7},{"event_name":"The Cleric","player_choice":"Leave","floor":11,"damage_taken":0},{"event_name":"Dead Adventurer","player_choice":"Searched \u00270\u0027 times","floor":13,"damage_taken":0},{"event_name":"The Library","player_choice":"Read","floor":19,"damage_taken":0},{"event_name":"Transmorgrifier","player_choice":"Transform","floor":21,"damage_taken":0},{"event_name":"WeMeetAgain","player_choice":"Potion","floor":24,"damage_taken":0},{"event_name":"Addict","player_choice":"Ignored","floor":30,"damage_taken":0}],"is_beta":false,"boss_relics":[{"not_picked":["Orrery","Tiny House"],"picked":"Runic Dome"}],"items_purged_floors":[5,20],"is_endless":false,"potions_floor_spawned":[2,14,16,18,31],"killed_by":"Collector","ascension_level":12}