{"gold_per_floor":[109,109,127,127,138,138,149,149,195,106,106,124,142,172,172,268,268,285,285,302,329,239,239,268,268,268,286,296,296],"floor_reached":29,"playtime":2896,"items_purged":[],"score":364,"play_id":"9e8b1559-a0f8-4724-b1a3-817a00a96d10","local_time":"20190313194946","is_ascension_mode":true,"campfire_choices":[{"data":"Riddle With Holes","floor":6,"key":"SMITH"},{"data":"Trip","floor":8,"key":"SMITH"},{"data":"Crippling Poison","floor":15,"key":"SMITH"},{"floor":23,"key":"REST"},{"floor":25,"key":"REST"}],"neow_cost":"TEN_PERCENT_HP_LOSS","seed_source_timestamp":958723875900,"circlet_count":0,"master_deck":["AscendersBane","Defend_G","Defend_G","Defend_G","Defend_G","Defend_G","Strike_G","Strike_G","Strike_G","Survivor","Neutralize","Flash of Steel","Trip+1","Noxious Fumes","Neutralize","Distraction+1","Riddle With Holes+1","Backflip","Dramatic Entrance","Crippling Poison+1","Leg Sweep","Bullet Time+1","Terror","Bane+1","Acrobatics+1","Caltrops","Doubt","Crippling Poison+1","Caltrops"],"relics":["Ring of the Snake","Regal Pillow","Cursed Key","Red Mask","Blood Vial","Pen Nib"],"potions_floor_usage":[13,13,27,28],"damage_taken":[{"damage":0,"enemies":"Small Slimes","floor":1,"turns":3},{"damage":0,"enemies":"Cultist","floor":3,"turns":5},{"damage":6,"enemies":"2 Louse","floor":5,"turns":4},{"damage":3,"enemies":"Large Slime","floor":7,"turns":5},{"damage":1,"enemies":"Blue Slaver","floor":12,"turns":3},{"damage":3,"enemies":"Gremlin Gang","floor":13,"turns":5},{"damage":41,"enemies":"Hexaghost","floor":16,"turns":12},{"damage":6,"enemies":"Chosen","floor":18,"turns":6},{"damage":20,"enemies":"Spheric Guardian","floor":20,"turns":6},{"damage":4,"enemies":"Masked Bandits","floor":21,"turns":4},{"damage":38,"enemies":"Slavers","floor":24,"turns":6},{"damage":24,"enemies":"3 Cultists","floor":27,"turns":5},{"damage":25,"enemies":"Shelled Parasite and Fungi","floor":28,"turns":5},{"damage":15,"enemies":"Sentry and Sphere","floor":29,"turns":3}],"seed_played":"514136697520677810","potions_obtained":[{"floor":3,"key":"Strength Potion"},{"floor":5,"key":"GamblersBrew"},{"floor":16,"key":"SpeedPotion"},{"floor":18,"key":"LiquidBronze"},{"floor":27,"key":"Fruit Juice"},{"floor":28,"key":"Fire Potion"}],"is_trial":false,"path_per_floor":["M","?","M","?","M","R","M","R","T","$","?","M","M","?","R","B",null,"M","?","M","?","?","R","E","R","T","M","M","M"],"character_chosen":"THE_SILENT","items_purchased":["Dramatic Entrance"],"campfire_rested":2,"item_purchase_floors":[10],"current_hp_per_floor":[63,63,63,63,57,57,54,54,54,54,47,46,43,43,43,2,48,42,42,22,18,18,51,13,46,46,29,6,0],"gold":296,"neow_bonus":"RANDOM_COLORLESS_2","is_prod":false,"is_daily":false,"chose_seed":false,"campfire_upgraded":3,"win_rate":0,"timestamp":1552520986,"path_taken":["M","?","?","?","M","R","M","R","T","$","?","M","M","?","R","BOSS","M","?","?","?","?","R","E","R","T","M","?","M"],"build_version":"2019-01-23","purchased_purges":0,"victory":false,"max_hp_per_floor":[63,63,63,63,63,63,63,63,63,63,63,63,63,63,63,63,63,63,63,63,63,63,63,63,63,63,68,68,68],"card_choices":[{"not_picked":["Slice","Poisoned Stab"],"picked":"Noxious Fumes","floor":1},{"not_picked":["Heel Hook","Prepared"],"picked":"Distraction","floor":3},{"not_picked":["Accuracy","Dagger Throw"],"picked":"Riddle With Holes","floor":5},{"not_picked":["Dodge and Roll","Deflect"],"picked":"Backflip","floor":7},{"not_picked":["Prepared","Flying Knee"],"picked":"Crippling Poison","floor":12},{"not_picked":["Acrobatics","Flying Knee"],"picked":"Leg Sweep","floor":13},{"not_picked":["After Image","Storm of Steel"],"picked":"Bullet Time","floor":16},{"not_picked":["Flying Knee","Slice"],"picked":"Terror","floor":18},{"not_picked":["Poisoned Stab","Finisher"],"picked":"Bane+1","floor":20},{"not_picked":["Deadly Poison","Slice"],"picked":"Acrobatics+1","floor":21},{"not_picked":["Unload","Tactician"],"picked":"Caltrops","floor":24},{"not_picked":["Backflip+1","Endless Agony+1"],"picked":"Crippling Poison+1","floor":27},{"not_picked":["Blade Dance","Poisoned Stab"],"picked":"Caltrops","floor":28}],"player_experience":2398421,"relics_obtained":[{"floor":9,"key":"Regal Pillow"},{"floor":21,"key":"Red Mask"},{"floor":24,"key":"Blood Vial"},{"floor":26,"key":"Pen Nib"}],"event_choices":[{"damage_healed":0,"gold_gain":0,"player_choice":"1 cards matched","damage_taken":0,"max_hp_gain":0,"max_hp_loss":0,"event_name":"Match and Keep!","floor":2,"gold_loss":0,"cards_obtained":["Neutralize"]},{"damage_healed":0,"gold_gain":0,"player_choice":"Leave","damage_taken":0,"max_hp_gain":0,"max_hp_loss":0,"event_name":"The Cleric","floor":4,"gold_loss":0},{"cards_removed":["Strike_G"],"damage_healed":0,"gold_gain":0,"player_choice":"Card Removal","damage_taken":7,"max_hp_gain":0,"max_hp_loss":0,"event_name":"Golden Wing","floor":11,"gold_loss":0},{"damage_healed":0,"gold_gain":30,"player_choice":"Searched \u00272\u0027 times","damage_taken":0,"max_hp_gain":0,"max_hp_loss":0,"event_name":"Dead Adventurer","floor":14,"gold_loss":0},{"damage_healed":0,"gold_gain":0,"player_choice":"Upgraded","damage_taken":0,"max_hp_gain":0,"max_hp_loss":0,"event_name":"Upgrade Shrine","floor":19,"gold_loss":0,"cards_upgraded":["Bullet Time"]},{"damage_healed":0,"gold_gain":0,"player_choice":"Fought Bandits","damage_taken":0,"max_hp_gain":0,"max_hp_loss":0,"event_name":"Masked Bandits","floor":21,"gold_loss":0},{"cards_removed":["Strike_G"],"damage_healed":0,"gold_gain":0,"player_choice":"Upgrade and Remove","damage_taken":0,"max_hp_gain":0,"max_hp_loss":0,"event_name":"Designer","floor":22,"gold_loss":90,"cards_upgraded":["Distraction"]}],"is_beta":false,"boss_relics":[{"not_picked":["Pandora\u0027s Box","Black Star"],"picked":"Cursed Key"}],"items_purged_floors":[],"is_endless":false,"potions_floor_spawned":[3,5,16,18,27,28],"killed_by":"Sentry and Sphere","ascension_level":11}