{"gold_per_floor":[112,82,98,113,127,127,47,63,63,238,264,274,274,293,293,293],"floor_reached":16,"playtime":970,"items_purged":[],"score":118,"play_id":"71ee266d-d9fd-4e5c-9fef-10c8c6adea37","local_time":"20190118011517","is_ascension_mode":true,"campfire_choices":[{"floor":6,"key":"RECALL"},{"floor":13,"key":"REST"},{"data":"Zap","floor":15,"key":"SMITH"}],"neow_cost":"NONE","seed_source_timestamp":30414294021450,"circlet_count":0,"master_deck":["Strike_B","Strike_B","Strike_B","Strike_B","Defend_B","Defend_B","Defend_B","Defend_B","Zap+1","Dualcast","Leap","Rebound","Hologram","Genetic Algorithm","Cold Snap","Doubt","Multi-Cast","Beam Cell"],"relics":["Cracked Core","Frozen Egg 2","Odd Mushroom"],"potions_floor_usage":[5,14,16,16],"damage_taken":[{"damage":7,"enemies":"2 Louse","floor":1,"turns":2},{"damage":0,"enemies":"Cultist","floor":3,"turns":3},{"damage":7,"enemies":"Jaw Worm","floor":4,"turns":3},{"damage":7,"enemies":"2 Fungi Beasts","floor":5,"turns":3},{"damage":0,"enemies":"Large Slime","floor":8,"turns":4},{"damage":29,"enemies":"The Mushroom Lair","floor":11,"turns":5},{"damage":9,"enemies":"Blue Slaver","floor":12,"turns":3},{"damage":6,"enemies":"Red Slaver","floor":14,"turns":4},{"damage":56,"enemies":"Hexaghost","floor":16,"turns":14}],"seed_played":"7345529376992933552","potions_obtained":[{"floor":1,"key":"Block Potion"},{"floor":2,"key":"Regen Potion"},{"floor":2,"key":"SkillPotion"},{"floor":11,"key":"SmokeBomb"},{"floor":14,"key":"Explosive Potion"}],"is_trial":false,"path_per_floor":["M","?","M","M","M","R","$","M","T","?","?","M","R","M","R","B"],"character_chosen":"DEFECT","items_purchased":["Genetic Algorithm"],"campfire_rested":1,"item_purchase_floors":[7],"current_hp_per_floor":[75,75,75,68,61,61,61,61,61,61,32,23,47,41,41,0],"gold":293,"neow_bonus":"TEN_PERCENT_HP_BONUS","is_prod":false,"is_daily":false,"chose_seed":false,"campfire_upgraded":1,"win_rate":0,"timestamp":1547792117,"path_taken":["M","?","?","M","M","R","$","M","T","?","?","M","R","M","R","BOSS"],"build_version":"2019-01-17","purchased_purges":0,"victory":false,"max_hp_per_floor":[82,82,82,82,82,82,82,82,82,82,82,82,82,82,82,82],"card_choices":[{"not_picked":["Hello World","Compile Driver"],"picked":"Leap","floor":1},{"not_picked":["Steam Power","Streamline"],"picked":"Rebound","floor":3},{"not_picked":["Compile Driver","Stack","Leap"],"picked":"SKIP","floor":4},{"not_picked":["Double Energy","Steam"],"picked":"Hologram","floor":5},{"not_picked":["Heatsinks","Steam"],"picked":"Cold Snap","floor":8},{"not_picked":["Gash","Turbo"],"picked":"Multi-Cast","floor":11},{"not_picked":["Storm+1","Leap"],"picked":"Beam Cell","floor":12},{"not_picked":["Cold Snap","Hologram","Rebound"],"picked":"SKIP","floor":14}],"player_experience":383580,"relics_obtained":[{"floor":9,"key":"Frozen Egg 2"},{"floor":11,"key":"Odd Mushroom"}],"event_choices":[{"damage_healed":0,"gold_gain":0,"player_choice":"Bought 2 Potions","damage_taken":0,"max_hp_gain":0,"max_hp_loss":0,"event_name":"The Woman in Blue","floor":2,"gold_loss":0},{"damage_healed":0,"gold_gain":175,"player_choice":"AGREE","damage_taken":0,"max_hp_gain":0,"max_hp_loss":0,"event_name":"Liars Game","floor":10,"gold_loss":0,"cards_obtained":["Doubt"]},{"damage_healed":0,"gold_gain":0,"player_choice":"Fought Mushrooms","damage_taken":0,"max_hp_gain":0,"max_hp_loss":0,"event_name":"Mushrooms","floor":11,"gold_loss":0}],"is_beta":false,"boss_relics":[],"items_purged_floors":[],"is_endless":false,"potions_floor_spawned":[1,11,14],"killed_by":"Hexaghost","ascension_level":5}