{"gold_per_floor":[118,135,60,71,71,98,162,182,208,208,208,221,240,256,256,352,352,340,108,108,123,123,123,46,62,89,40,65,65,100,100,100,203,203,221,0,0,13,13,45,45,72,99,112,132,185,185,201,201,201],"floor_reached":50,"playtime":5389,"items_purged":["Strike_G"],"score":565,"play_id":"110ed094-5dd9-47e9-9cf3-5ae5c5172089","local_time":"20180719113400","is_ascension_mode":false,"campfire_choices":[{"floor":10,"key":"REST"},{"floor":15,"key":"REST"},{"floor":23,"key":"REST"},{"floor":29,"key":"REST"},{"floor":32,"key":"REST"},{"floor":41,"key":"REST"},{"floor":47,"key":"REST"},{"floor":49,"key":"REST"}],"neow_cost":"NONE","seed_source_timestamp":13307281798206,"circlet_count":0,"master_deck":["Defend_G+1","Defend_G","Defend_G+1","Defend_G","Defend_G","Strike_G","Strike_G","Strike_G","Survivor","Neutralize","Dagger Spray","Infinite Blades","Accuracy","Footwork","Outmaneuver","Dodge and Roll","Dagger Throw","Phantasmal Killer","Blade Dance+1","Normality","Blade Dance","Accuracy","J.A.X.","Backstab","Acrobatics","Adrenaline","Deflect","RitualDagger","A Thousand Cuts","Finisher+1","Dramatic Entrance","Bandage Up","Deflect+1","Calculated Gamble","Deflect","Accuracy","Dagger Throw+1","Blade Dance"],"relics":["Ring of the Snake","Potion Belt","War Paint","Boot","Fusion Hammer","Regal Pillow","Blue Candle","Happy Flower","Centennial Puzzle","Bag of Preparation","Runic Pyramid","Red Mask","Darkstone Periapt","Bottled Flame","Lantern","Incense Burner"],"potions_floor_usage":[6,7,13,13,16,28,28,33,44,44,46],"damage_taken":[{"damage":0,"enemies":"2 Louse","floor":1,"turns":2},{"damage":3,"enemies":"Jaw Worm","floor":2,"turns":4},{"damage":5,"enemies":"Cultist","floor":4,"turns":4},{"damage":10,"enemies":"3 Sentries","floor":6,"turns":8},{"damage":28,"enemies":"Gremlin Nob","floor":7,"turns":4},{"damage":12,"enemies":"Exordium Wildlife","floor":8,"turns":4},{"damage":0,"enemies":"3 Louse","floor":12,"turns":2},{"damage":0,"enemies":"Blue Slaver","floor":13,"turns":1},{"damage":10,"enemies":"Gremlin Gang","floor":14,"turns":5},{"damage":24,"enemies":"Slime Boss","floor":16,"turns":12},{"damage":11,"enemies":"2 Thieves","floor":18,"turns":4},{"damage":15,"enemies":"Chosen","floor":21,"turns":5},{"damage":14,"enemies":"Centurion and Healer","floor":25,"turns":5},{"damage":36,"enemies":"Book of Stabbing","floor":28,"turns":6},{"damage":45,"enemies":"Slavers","floor":30,"turns":5},{"damage":50,"enemies":"Collector","floor":33,"turns":10},{"damage":36,"enemies":"3 Darklings","floor":35,"turns":6},{"damage":23,"enemies":"Flame Bruiser 1 Orb","floor":38,"turns":4},{"damage":7,"enemies":"Giant Head","floor":40,"turns":7},{"damage":14,"enemies":"Nemesis","floor":42,"turns":5},{"damage":2,"enemies":"4 Shapes","floor":44,"turns":2},{"damage":3,"enemies":"Sphere and 2 Shapes","floor":45,"turns":4},{"damage":18,"floor":46,"turns":4},{"damage":25,"enemies":"3 Darklings","floor":48,"turns":5},{"damage":66,"enemies":"Time Eater","floor":50,"turns":7}],"seed_played":"-2737086299053168922","potions_obtained":[{"floor":1,"key":"EssenceOfSteel"},{"floor":6,"key":"Strength Potion"},{"floor":7,"key":"GhostInAJar"},{"floor":8,"key":"FearPotion"},{"floor":12,"key":"SkillPotion"},{"floor":21,"key":"Weak Potion"},{"floor":25,"key":"Regen Potion"},{"floor":30,"key":"GhostInAJar"},{"floor":38,"key":"LiquidBronze"},{"floor":42,"key":"SteroidPotion"},{"floor":44,"key":"Block Potion"}],"is_trial":false,"path_per_floor":["M","M","$","M","?","E","?","M","T","R","?","M","M","M","R","B",null,"M","$","?","M","?","R","?","M","T","$","E","R","E","?","R","B",null,"M","?","?","M","$","E","R","E","T","M","M","?","R","M","R"],"character_chosen":"THE_SILENT","items_purchased":["Accuracy","Regal Pillow","Acrobatics"],"campfire_rested":8,"item_purchase_floors":[3,19,27],"current_hp_per_floor":[70,67,67,62,62,52,24,12,12,33,26,26,26,16,37,13,70,59,59,59,44,44,70,70,56,56,56,35,70,25,19,55,5,70,34,34,29,10,10,7,43,33,33,31,28,10,46,25,61,0],"gold":201,"neow_bonus":"THREE_CARDS","is_prod":false,"is_daily":false,"chose_seed":false,"campfire_upgraded":0,"win_rate":0,"timestamp":1532014440,"path_taken":["M","M","$","M","?","E","?","?","T","R","?","M","?","M","R","BOSS","M","$","?","M","?","R","?","M","T","$","E","R","E","?","R","BOSS","M","?","?","M","?","E","R","E","T","M","?","?","R","M","R","BOSS"],"build_version":"2018-07-12","purchased_purges":1,"victory":false,"max_hp_per_floor":[70,70,70,70,70,70,70,70,70,70,70,70,70,70,70,70,70,70,70,70,70,70,70,70,70,70,70,70,70,70,70,70,70,70,70,70,70,70,70,70,70,70,70,70,70,70,70,70,70,70],"card_choices":[{"not_picked":["Predator","Calculated Gamble"],"picked":"Dagger Spray","floor":0},{"not_picked":["Distraction","Catalyst"],"picked":"Infinite Blades","floor":1},{"not_picked":["Calculated Gamble","Deadly Poison","Flying Knee"],"picked":"SKIP","floor":2},{"not_picked":["Bane","Deadly Poison"],"picked":"Footwork","floor":4},{"not_picked":["Predator","Bane"],"picked":"Outmaneuver","floor":6},{"not_picked":["Malaise","Catalyst"],"picked":"Dodge and Roll","floor":7},{"not_picked":["Predator","Deadly Poison","Malaise"],"picked":"SKIP","floor":8},{"not_picked":["Reflex","Quick Slash","Flying Knee"],"picked":"SKIP","floor":12},{"not_picked":["Sucker Punch","PiercingWail","Crippling Poison"],"picked":"SKIP","floor":13},{"not_picked":["Die Die Die","Masterful Stab"],"picked":"Dagger Throw","floor":14},{"not_picked":["Burst","Envenom"],"picked":"Phantasmal Killer","floor":16},{"not_picked":["Infinite Blades","Prepared+1"],"picked":"Blade Dance+1","floor":18},{"not_picked":["Deflect+1","Flying Knee+1"],"picked":"Blade Dance","floor":21},{"not_picked":["Skewer+1","Bouncing Flask"],"picked":"Backstab","floor":25},{"not_picked":["Endless Agony+1","Outmaneuver+1"],"picked":"Adrenaline","floor":28},{"not_picked":["Reflex+1","Die Die Die"],"picked":"Deflect","floor":30},{"not_picked":["Phantasmal Killer","Doppelganger"],"picked":"A Thousand Cuts","floor":33},{"not_picked":["Cloak And Dagger","Accuracy"],"picked":"Finisher+1","floor":35},{"not_picked":["Swift Strike","Dark Shackles"],"picked":"Dramatic Entrance","floor":37},{"not_picked":["Finesse","Flash of Steel"],"picked":"Bandage Up","floor":37},{"not_picked":["Poisoned Stab","Acrobatics"],"picked":"Deflect+1","floor":38},{"not_picked":["Predator+1","Deadly Poison"],"picked":"Calculated Gamble","floor":40},{"not_picked":["Skewer+1","Flying Knee"],"picked":"Deflect","floor":42},{"not_picked":["Dagger Throw","Dodge and Roll"],"picked":"Accuracy","floor":44},{"not_picked":["Slice","Dodge and Roll"],"picked":"Dagger Throw+1","floor":45},{"not_picked":["Prepared","Deflect+1"],"picked":"Blade Dance","floor":48}],"player_experience":381339,"relics_obtained":[{"floor":6,"key":"Potion Belt"},{"floor":7,"key":"War Paint"},{"floor":9,"key":"Boot"},{"floor":26,"key":"Happy Flower"},{"floor":28,"key":"Centennial Puzzle"},{"floor":30,"key":"Bag of Preparation"},{"floor":40,"key":"Darkstone Periapt"},{"floor":42,"key":"Bottled Flame"},{"floor":43,"key":"Lantern"},{"floor":46,"key":"Incense Burner"}],"event_choices":[{"event_name":"Liars Game","player_choice":"disagreed","floor":5,"damage_taken":0},{"event_name":"Dead Adventurer","player_choice":"Searched \u00272\u0027 times","floor":7,"damage_taken":0},{"event_name":"Golden Wing","player_choice":"Card Removal","floor":11,"damage_taken":0},{"event_name":"Accursed Blacksmith","player_choice":"Rummage","floor":20,"damage_taken":0},{"event_name":"The Library","player_choice":"Read","floor":22,"damage_taken":0},{"event_name":"Drug Dealer","player_choice":"Got JAXXED","floor":24,"damage_taken":0},{"event_name":"Nest","player_choice":"Joined the Cult","floor":31,"damage_taken":0},{"event_name":"Tomb of Lord Red Mask","player_choice":"Paid","floor":36,"damage_taken":0},{"event_name":"SensoryStone","player_choice":"Memory 2","floor":37,"damage_taken":0},{"event_name":"Mysterious Sphere","player_choice":"Fight","floor":46,"damage_taken":0}],"boss_relics":[{"not_picked":["Snecko Eye","Black Star"],"picked":"Fusion Hammer"},{"not_picked":["Ring of the Serpent","Busted Crown"],"picked":"Runic Pyramid"}],"items_purged_floors":[19],"is_endless":false,"potions_floor_spawned":[1,6,7,8,12,21,25,30,38,42,44],"killed_by":"Time Eater","ascension_level":0}