{"path_per_floor":["M","M","M","?","M","R","E","R","T","E","R","?","$","M","R","B",null,"M","$","M","M","M","R","M","?","T","R","T","M","M","M","R","B",null,"M","?","?","?","$","E","R","M","T","R","M","E","?","$","R","B"],"character_chosen":"IRONCLAD","items_purchased":["Feel No Pain","Whetstone","Mummified Hand","Inflame+1"],"gold_per_floor":[110,120,133,133,149,149,176,176,176,204,204,279,130,148,148,244,244,262,8,23,37,52,52,63,63,108,108,135,148,163,173,173,269,269,289,289,289,289,43,70,70,83,83,83,99,124,124,47,47,47],"floor_reached":51,"campfire_rested":3,"playtime":2589,"item_purchase_floors":[13,19,39,48],"current_hp_per_floor":[75,79,80,80,73,73,59,59,59,43,67,56,56,61,61,66,77,65,65,73,71,67,67,54,39,39,64,64,69,60,49,74,54,77,85,85,85,71,71,59,59,85,85,85,85,85,85,85,85,47],"items_purged":["Defend_R","Defend_R"],"gold":47,"score":1275,"play_id":"50e247d3-b823-4d1f-bd72-bef1196822e0","local_time":"20180609153219","is_prod":false,"is_daily":false,"chose_seed":false,"is_ascension_mode":true,"campfire_upgraded":7,"win_rate":0,"timestamp":1528551139,"campfire_choices":[{"data":"Inflame","floor":6,"key":"SMITH"},{"data":"Shrug It Off","floor":8,"key":"SMITH"},{"floor":11,"key":"REST"},{"data":"Flex","floor":15,"key":"SMITH"},{"data":"Barricade","floor":23,"key":"SMITH"},{"floor":27,"key":"REST"},{"floor":32,"key":"REST"},{"data":"Offering","floor":41,"key":"SMITH"},{"data":"Shrug It Off","floor":44,"key":"SMITH"},{"data":"Apotheosis","floor":49,"key":"SMITH"}],"path_taken":["M","M","M","?","?","R","E","R","T","E","R","?","$","M","R","BOSS","M","?","?","M","M","R","M","?","T","R","?","?","M","M","R","BOSS","M","?","?","?","?","E","R","M","T","R","M","E","?","$","R","BOSS"],"build_version":"2018-06-07v3","seed_source_timestamp":2048809371603910,"purchased_purges":2,"victory":true,"master_deck":["Strike_R","Strike_R","Strike_R+1","Strike_R","Strike_R","Defend_R","Defend_R+1","Bash+1","Shrug It Off+1","Offering+1","Inflame+1","Flex+1","Impervious","Feel No Pain","Barricade+1","Thunderclap+1","Cleave","Heavy Blade+1","Inflame+1","Shrug It Off+1","Reaper","Warcry+1","Flex+1","Impervious","Apotheosis+1","Inflame+1"],"max_hp_per_floor":[80,80,80,80,80,80,80,80,80,80,80,80,80,80,80,80,80,80,80,80,80,80,80,80,85,85,85,85,85,85,85,85,85,85,85,85,85,85,85,85,85,85,85,85,85,85,85,85,85,85],"relics":["Burning Blood","Question Card","Magic Flower","Champion Belt","Runic Dome","Whetstone","Anchor","Pen Nib","Philosopher\u0027s Stone","Torii","Mummified Hand","Blue Candle","Mercury Hourglass","Frozen Egg 2"],"card_choices":[{"not_picked":["Perfected Strike","Headbutt"],"picked":"Shrug It Off","floor":1},{"not_picked":["Whirlwind","Perfected Strike"],"picked":"Offering","floor":2},{"not_picked":["Intimidate","Blood for Blood","Carnage"],"picked":"SKIP","floor":3},{"not_picked":["Warcry","Wild Strike"],"picked":"Inflame","floor":5},{"not_picked":["Spot Weakness","Bloodletting"],"picked":"Flex","floor":7},{"not_picked":["Barricade","Seeing Red","Hemokinesis"],"picked":"Impervious","floor":10},{"not_picked":["Infernal Blade","Perfected Strike","Reckless Charge","Carnage"],"picked":"SKIP","floor":14},{"not_picked":["Bludgeon","Double Tap","Juggernaut"],"picked":"Barricade","floor":16},{"not_picked":["Carnage","Warcry","Cleave"],"picked":"Thunderclap+1","floor":18},{"not_picked":["Rupture","Perfected Strike","Wild Strike"],"picked":"Cleave","floor":20},{"not_picked":["Rampage","Blood for Blood+1","Anger"],"picked":"Heavy Blade+1","floor":21},{"not_picked":["Twin Strike+1","Sword Boomerang","Pommel Strike","Flex"],"picked":"SKIP","floor":22},{"not_picked":["Shrug It Off","Clothesline","Dropkick"],"picked":"Inflame+1","floor":24},{"not_picked":["Fiend Fire","Feel No Pain+1","Heavy Blade"],"picked":"Shrug It Off","floor":29},{"not_picked":["Perfected Strike+1","Shrug It Off","Infernal Blade","Spot Weakness"],"picked":"SKIP","floor":30},{"not_picked":["Cleave","Flex","Pommel Strike"],"picked":"Inflame","floor":31},{"not_picked":["Bludgeon","Demon Form","Dark Embrace"],"picked":"Reaper","floor":33},{"not_picked":["Wild Strike","Second Wind+1","Corruption","Anger+1"],"picked":"SKIP","floor":35},{"not_picked":["Perfected Strike+1","True Grit","Twin Strike+1"],"picked":"Warcry+1","floor":38},{"not_picked":["Hemokinesis+1","Heavy Blade+1","Combust+1"],"picked":"Flex+1","floor":40},{"not_picked":["Body Slam","Flex","Warcry","Perfected Strike"],"picked":"SKIP","floor":42},{"not_picked":["Clothesline","Rupture","Perfected Strike"],"picked":"Impervious","floor":45},{"not_picked":["Havoc","Disarm","Thunderclap+1","Iron Wave+1"],"picked":"SKIP","floor":46},{"not_picked":["Dramatic Entrance","Secret Technique","Bandage Up"],"picked":"Apotheosis","floor":47}],"player_experience":279559,"potions_floor_usage":[10,16,20,33,38,50,50,50],"damage_taken":[{"damage":3,"enemies":"2 Louse","floor":1,"turns":4},{"damage":2,"enemies":"Small Slimes","floor":2,"turns":5},{"damage":4,"enemies":"Cultist","floor":3,"turns":3},{"damage":13,"enemies":"Red Slaver","floor":5,"turns":5},{"damage":20,"enemies":"3 Sentries","floor":7,"turns":8},{"damage":25,"enemies":"Gremlin Nob","floor":10,"turns":4},{"damage":4,"enemies":"Blue Slaver","floor":14,"turns":2},{"damage":4,"enemies":"Slime Boss","floor":16,"turns":6},{"damage":21,"enemies":"3 Byrds","floor":18,"turns":7},{"damage":15,"enemies":"2 Thieves","floor":20,"turns":3},{"damage":11,"enemies":"Snake Plant","floor":21,"turns":3},{"damage":13,"enemies":"Chosen and Byrds","floor":22,"turns":5},{"damage":22,"enemies":"Centurion and Healer","floor":24,"turns":6},{"damage":4,"enemies":"Snecko","floor":29,"turns":4},{"damage":18,"enemies":"Snake Plant","floor":30,"turns":2},{"damage":20,"enemies":"Slaver and Parasite","floor":31,"turns":5},{"damage":29,"enemies":"Automaton","floor":33,"turns":8},{"damage":5,"enemies":"Orb Walker","floor":35,"turns":3},{"damage":55,"floor":38,"turns":7},{"damage":21,"enemies":"2 Orb Walkers","floor":40,"turns":4},{"damage":13,"enemies":"3 Darklings","floor":42,"turns":5},{"damage":8,"enemies":"4 Shapes","floor":45,"turns":4},{"damage":5,"enemies":"Nemesis","floor":46,"turns":3},{"damage":70,"enemies":"Time Eater","floor":50,"turns":8}],"relics_obtained":[{"floor":7,"key":"Question Card"},{"floor":9,"key":"Magic Flower"},{"floor":10,"key":"Champion Belt"},{"floor":26,"key":"Anchor"},{"floor":28,"key":"Pen Nib"},{"floor":38,"key":"Torii"},{"floor":40,"key":"Blue Candle"},{"floor":43,"key":"Mercury Hourglass"},{"floor":46,"key":"Frozen Egg 2"}],"event_choices":[{"event_name":"Liars Game","player_choice":"disagreed","floor":4,"damage_taken":0},{"event_name":"World of Goop","player_choice":"Gather Gold","floor":12,"damage_taken":0},{"event_name":"Forgotten Altar","player_choice":"Shed Blood","floor":25,"damage_taken":0},{"event_name":"Falling","player_choice":"Removed Power","floor":36,"damage_taken":0},{"event_name":"SecretPortal","player_choice":"Rejected Portal.","floor":37,"damage_taken":0},{"event_name":"MindBloom","player_choice":"Fight","floor":38,"damage_taken":0},{"event_name":"SensoryStone","player_choice":"Memory 1","floor":47,"damage_taken":0}],"boss_relics":[{"not_picked":["Eternal Feather","Snecko Eye"],"picked":"Runic Dome"},{"not_picked":["Black Star","White Beast Statue"],"picked":"Philosopher\u0027s Stone"}],"items_purged_floors":[13,19],"potions_floor_spawned":[3,14,16,18,20,22,29,30,42,45,46],"seed_played":"8722834789810453256","ascension_level":6,"potions_obtained":[{"floor":3,"key":"SkillPotion"},{"floor":14,"key":"Strength Potion"},{"floor":16,"key":"Dexterity Potion"},{"floor":18,"key":"Regen Potion"},{"floor":20,"key":"Block Potion"},{"floor":22,"key":"SteroidPotion"},{"floor":30,"key":"AttackPotion"},{"floor":42,"key":"LiquidBronze"},{"floor":45,"key":"Swift Potion"}],"is_trial":false}