{"path_per_floor":["M","M","$","M","M","E","R","E","T","M","E","?","M","M","R","B",null,"M","M","$","M","?","R","E","M","T","E","?","E","M","E","R"],"character_chosen":"IRONCLAD","items_purchased":["Panache"],"gold_per_floor":[115,128,53,71,89,122,122,154,154,167,199,227,239,257,257,354,354,371,388,103,120,43,43,69,79,79,107,107,132,152,181,181,181],"floor_reached":33,"campfire_rested":1,"playtime":1854,"item_purchase_floors":[20],"current_hp_per_floor":[72,68,68,68,65,42,42,32,32,32,34,44,46,51,51,24,72,68,58,58,47,47,47,47,45,45,43,43,41,52,54,72,0],"items_purged":["Defend_R","Strike_R"],"gold":181,"score":479,"play_id":"b0eaf12e-e2d2-4e47-9ad2-bde128104b55","local_time":"20180607130652","is_prod":false,"is_daily":false,"chose_seed":false,"is_ascension_mode":true,"campfire_upgraded":3,"win_rate":0,"timestamp":1528369612,"campfire_choices":[{"data":"Warcry","floor":7,"key":"SMITH"},{"data":"Offering","floor":15,"key":"SMITH"},{"data":"Panache","floor":23,"key":"SMITH"},{"floor":32,"key":"REST"}],"path_taken":["M","?","$","M","M","E","R","E","T","M","E","?","?","M","R","BOSS","M","M","$","M","?","R","E","?","T","E","?","E","M","E","R","BOSS"],"build_version":"2018-05-31","seed_source_timestamp":1868068710333719,"purchased_purges":2,"victory":false,"master_deck":["Strike_R","Strike_R","Strike_R","Strike_R","Defend_R","Defend_R","Defend_R","Bash","Offering+1","Rampage","Thunderclap","Warcry+1","Rampage+1","Battle Trance","Clash","Clash","Seeing Red","Panache+1","J.A.X.","Evolve+1","Rampage+1"],"max_hp_per_floor":[72,72,72,72,72,72,72,72,72,72,72,72,72,72,72,72,72,72,72,72,72,72,72,72,72,72,72,72,72,72,72,72,72],"relics":["Burning Blood","Omamori","Bag of Marbles","Lantern","Meat on the Bone","Odd Mushroom","Cursed Key","Prayer Wheel","Question Card","Juzu Bracelet","Centennial Puzzle"],"card_choices":[{"not_picked":["Fiend Fire","Berserk"],"picked":"Offering","floor":0},{"not_picked":["Clothesline","Armaments"],"picked":"Rampage","floor":1},{"not_picked":["Ghostly Armor","Armaments","Body Slam"],"picked":"SKIP","floor":2},{"not_picked":["Ghostly Armor","Searing Blow"],"picked":"Thunderclap","floor":4},{"not_picked":["Flex","Cleave","Body Slam"],"picked":"SKIP","floor":5},{"not_picked":["Disarm","Sentinel"],"picked":"Warcry","floor":6},{"not_picked":["Inflame","Berserk"],"picked":"Rampage","floor":8},{"not_picked":["Combust","Thunderclap"],"picked":"Battle Trance","floor":10},{"not_picked":["Body Slam","Shrug It Off","Intimidate"],"picked":"SKIP","floor":11},{"not_picked":["Combust","Pummel"],"picked":"Clash","floor":12},{"not_picked":["Heavy Blade","Armaments","Reckless Charge"],"picked":"SKIP","floor":13},{"not_picked":["Iron Wave","Flex"],"picked":"Clash","floor":14},{"not_picked":["Bloodletting","Blood for Blood"],"picked":"Seeing Red","floor":18},{"not_picked":["Sever Soul+1","Sentinel","Metallicize+1"],"picked":"SKIP","floor":19},{"not_picked":["Rampage","Iron Wave","Perfected Strike"],"picked":"SKIP","floor":21},{"not_picked":["Intimidate+1","Armaments","Anger"],"picked":"SKIP","floor":24},{"not_picked":["Clash","Metallicize"],"picked":"Evolve+1","floor":25},{"not_picked":["Intimidate","Sever Soul+1","Perfected Strike"],"picked":"SKIP","floor":25},{"not_picked":["Seeing Red+1","Brutality","Power Through"],"picked":"Rampage+1","floor":27},{"not_picked":["Thunderclap","Power Through","Rupture+1","Flex"],"picked":"SKIP","floor":29},{"not_picked":["Anger+1","Searing Blow","Armaments","Body Slam+1"],"picked":"SKIP","floor":30},{"not_picked":["Power Through","Thunderclap+1","True Grit","Dual Wield"],"picked":"SKIP","floor":30},{"not_picked":["Entrench","Iron Wave+1","Seeing Red","Perfected Strike"],"picked":"SKIP","floor":31}],"player_experience":228635,"potions_floor_usage":[6,8,11,12,27,29,33,33,33],"damage_taken":[{"damage":4,"enemies":"Cultist","floor":1,"turns":2},{"damage":10,"enemies":"Small Slimes","floor":2,"turns":2},{"damage":6,"enemies":"Jaw Worm","floor":4,"turns":2},{"damage":9,"enemies":"3 Louse","floor":5,"turns":3},{"damage":29,"enemies":"Lagavulin","floor":6,"turns":5},{"damage":16,"enemies":"3 Sentries","floor":8,"turns":6},{"damage":6,"enemies":"Lots of Slimes","floor":10,"turns":3},{"damage":4,"enemies":"Gremlin Nob","floor":11,"turns":2},{"damage":8,"enemies":"The Mushroom Lair","floor":12,"turns":2},{"damage":4,"enemies":"Red Slaver","floor":13,"turns":1},{"damage":1,"enemies":"Looter","floor":14,"turns":2},{"damage":45,"enemies":"The Guardian","floor":16,"turns":7},{"damage":10,"enemies":"Spheric Guardian","floor":18,"turns":3},{"damage":16,"enemies":"Chosen","floor":19,"turns":3},{"damage":17,"enemies":"Snecko","floor":21,"turns":3},{"damage":6,"enemies":"Slavers","floor":24,"turns":2},{"damage":8,"enemies":"Centurion and Healer","floor":25,"turns":2},{"damage":8,"enemies":"Book of Stabbing","floor":27,"turns":2},{"damage":20,"enemies":"Gremlin Leader","floor":29,"turns":3},{"damage":7,"enemies":"Snake Plant","floor":30,"turns":2},{"damage":4,"enemies":"Slavers","floor":31,"turns":2},{"damage":75,"enemies":"Automaton","floor":33,"turns":6}],"relics_obtained":[{"floor":6,"key":"Omamori"},{"floor":8,"key":"Bag of Marbles"},{"floor":9,"key":"Lantern"},{"floor":11,"key":"Meat on the Bone"},{"floor":12,"key":"Odd Mushroom"},{"floor":24,"key":"Prayer Wheel"},{"floor":26,"key":"Question Card"},{"floor":27,"key":"Juzu Bracelet"},{"floor":31,"key":"Centennial Puzzle"}],"event_choices":[{"event_name":"Mushrooms","player_choice":"Fought Mushrooms","floor":12,"damage_taken":0},{"event_name":"Drug Dealer","player_choice":"Got JAXXED","floor":22,"damage_taken":0},{"event_name":"Upgrade Shrine","player_choice":"Upgraded","floor":28,"damage_taken":0}],"boss_relics":[{"not_picked":["Orrery","Black Star"],"picked":"Cursed Key"}],"items_purged_floors":[3,20],"potions_floor_spawned":[2,4,8,11,16,19,24,27,30],"seed_played":"-8373818048168831605","killed_by":"Automaton","ascension_level":4,"potions_obtained":[{"floor":2,"key":"AttackPotion"},{"floor":4,"key":"Explosive Potion"},{"floor":8,"key":"Fire Potion"},{"floor":11,"key":"SkillPotion"},{"floor":16,"key":"Fire Potion"},{"floor":19,"key":"SpeedPotion"},{"floor":24,"key":"SteroidPotion"},{"floor":27,"key":"Ancient Potion"},{"floor":30,"key":"Poison Potion"}],"is_trial":false}