{"gold_per_floor":[118,128,78,98,173,173,198,215,215,140,140],"floor_reached":11,"playtime":813,"items_purged":["Strike_G"],"score":88,"play_id":"05b70de0-d516-4c24-a1b4-4100c1a97658","local_time":"20190201100917","is_ascension_mode":true,"campfire_choices":[{"data":"Neutralize","floor":6,"key":"SMITH"}],"neow_cost":"NONE","seed_source_timestamp":304398207570300,"circlet_count":0,"master_deck":["Defend_G","Defend_G","Defend_G","Defend_G","Defend_G","Strike_G","Strike_G","Strike_G","Survivor","Neutralize+1","Blur","Terror","Concentrate","Tools of the Trade","Flying Knee"],"relics":["Runic Pyramid","Gremlin Horn","Shuriken"],"potions_floor_usage":[2],"damage_taken":[{"damage":2,"enemies":"Jaw Worm","floor":1,"turns":4},{"damage":0,"enemies":"Small Slimes","floor":2,"turns":4},{"damage":8,"enemies":"2 Louse","floor":4,"turns":3},{"damage":26,"enemies":"3 Sentries","floor":7,"turns":17},{"damage":1,"enemies":"Blue Slaver","floor":8,"turns":5},{"damage":30,"enemies":"3 Sentries","floor":11,"turns":6}],"seed_played":"-1710184671796740425","potions_obtained":[{"floor":1,"key":"Explosive Potion"},{"floor":4,"key":"Ancient Potion"}],"is_trial":false,"path_per_floor":["M","M","?","M","?","R","E","M","T","$","?"],"character_chosen":"THE_SILENT","items_purchased":[],"campfire_rested":0,"item_purchase_floors":[],"current_hp_per_floor":[68,68,68,60,49,49,23,22,22,22,0],"gold":140,"neow_bonus":"BOSS_RELIC","is_prod":false,"is_daily":false,"chose_seed":false,"campfire_upgraded":1,"win_rate":0,"timestamp":1549033757,"path_taken":["M","M","?","M","?","R","E","M","T","$","?"],"build_version":"2019-01-23","purchased_purges":1,"victory":false,"max_hp_per_floor":[70,70,70,70,70,70,70,70,70,70,70],"card_choices":[{"not_picked":["Skewer","Poisoned Stab"],"picked":"Blur","floor":1},{"not_picked":["Dagger Spray","Setup"],"picked":"Terror","floor":2},{"not_picked":["Choke","Blade Dance"],"picked":"Concentrate","floor":4},{"not_picked":["Dodge and Roll","All Out Attack"],"picked":"Tools of the Trade","floor":7},{"not_picked":["Backflip","Deadly Poison"],"picked":"Flying Knee","floor":8}],"player_experience":2071498,"relics_obtained":[{"floor":7,"key":"Gremlin Horn"},{"floor":9,"key":"Shuriken"}],"event_choices":[{"cards_removed":["Strike_G"],"damage_healed":0,"gold_gain":0,"player_choice":"Card Removal","damage_taken":0,"max_hp_gain":0,"max_hp_loss":0,"event_name":"The Cleric","floor":3,"gold_loss":50},{"damage_healed":0,"gold_gain":75,"player_choice":"Gather Gold","damage_taken":11,"max_hp_gain":0,"max_hp_loss":0,"event_name":"World of Goop","floor":5,"gold_loss":0},{"damage_healed":0,"gold_gain":0,"player_choice":"Searched \u00271\u0027 times","damage_taken":0,"max_hp_gain":0,"max_hp_loss":0,"event_name":"Dead Adventurer","floor":11,"gold_loss":0}],"is_beta":false,"boss_relics":[],"items_purged_floors":[10],"is_endless":false,"potions_floor_spawned":[1,4],"killed_by":"3 Sentries","ascension_level":4}