{"gold_per_floor":[114,128,128,128,128,128,147,147,173,173,203,203,216,124,124,124],"floor_reached":16,"playtime":480,"items_purged":["Regret"],"score":158,"play_id":"bad5286c-5a27-43ea-b899-b4d7cda03f2c","local_time":"20190515013320","is_ascension_mode":true,"campfire_choices":[{"floor":6,"key":"REST"},{"floor":8,"key":"REST"},{"data":"Streamline","floor":12,"key":"SMITH"},{"data":"Beam Cell","floor":15,"key":"SMITH"}],"neow_cost":"PERCENT_DAMAGE","seed_source_timestamp":864759314818400,"circlet_count":0,"master_deck":["AscendersBane","Strike_B","Strike_B","Defend_B+1","Defend_B","Defend_B","Defend_B","Zap","Dualcast","Scrape+1","Streamline+1","Rebound","Melter","Core Surge","Beam Cell+1","Glacier"],"relics":["Cracked Core","Juzu Bracelet","Smiling Mask","Mummified Hand"],"potions_floor_usage":[13],"damage_taken":[{"damage":0,"enemies":"Small Slimes","floor":1,"turns":3},{"damage":1,"enemies":"2 Louse","floor":2,"turns":3},{"damage":9,"enemies":"Jaw Worm","floor":7,"turns":3},{"damage":3,"enemies":"Large Slime","floor":13,"turns":4},{"damage":56,"enemies":"Hexaghost","floor":16,"turns":9}],"seed_played":"-2032624056396610042","potions_obtained":[{"floor":7,"key":"Block Potion"}],"is_trial":false,"path_per_floor":["M","M","?","?","?","R","M","R","T","T","?","R","M","$","R","B"],"character_chosen":"DEFECT","items_purchased":["Glacier"],"campfire_rested":2,"item_purchase_floors":[14],"current_hp_per_floor":[46,45,45,45,24,45,36,57,57,57,57,57,54,54,54,0],"gold":124,"neow_bonus":"TRANSFORM_TWO_CARDS","is_prod":false,"is_daily":false,"chose_seed":false,"campfire_upgraded":2,"win_rate":0,"timestamp":1557898400,"path_taken":["M","M","?","?","?","R","M","R","T","?","?","R","M","?","R","BOSS"],"build_version":"2019-01-23","purchased_purges":1,"victory":false,"max_hp_per_floor":[71,71,71,71,71,71,71,71,71,71,71,71,71,71,71,71],"card_choices":[{"not_picked":["Redo","Genetic Algorithm"],"picked":"Rebound","floor":1},{"not_picked":["Redo","Coolheaded"],"picked":"Melter","floor":2},{"not_picked":["Hologram","Cold Snap"],"picked":"Core Surge","floor":7},{"not_picked":["Leap","Rainbow"],"picked":"Beam Cell","floor":13}],"player_experience":2914321,"relics_obtained":[{"floor":9,"key":"Smiling Mask"},{"floor":10,"key":"Mummified Hand"}],"event_choices":[{"damage_healed":0,"gold_gain":0,"player_choice":"Box","damage_taken":0,"relics_obtained":["Juzu Bracelet"],"max_hp_gain":0,"max_hp_loss":0,"event_name":"Big Fish","floor":3,"gold_loss":0,"cards_obtained":["Regret"]},{"damage_healed":0,"gold_gain":0,"player_choice":"Ignored","damage_taken":0,"max_hp_gain":0,"max_hp_loss":0,"event_name":"Golden Idol","floor":4,"gold_loss":0},{"damage_healed":0,"gold_gain":0,"player_choice":"Entered Light","damage_taken":21,"max_hp_gain":0,"max_hp_loss":0,"event_name":"Shining Light","floor":5,"gold_loss":0,"cards_upgraded":["Defend_B","Scrape"]},{"damage_healed":0,"gold_gain":30,"player_choice":"Searched \u00271\u0027 times","damage_taken":0,"max_hp_gain":0,"max_hp_loss":0,"event_name":"Dead Adventurer","floor":11,"gold_loss":0}],"is_beta":false,"boss_relics":[],"items_purged_floors":[14],"is_endless":false,"potions_floor_spawned":[7],"killed_by":"Hexaghost","ascension_level":16}