{"gold_per_floor":[116,135,153,168,343,343,361,387,387,416,433,433,448,461,461,563,563,575,590,44,61,78,78,104,115,141,157,177,177,205,304,304,400,400,420,438,103,1102,1117,1144,1144,1144,1225,1225,1225,1225],"floor_reached":46,"playtime":4557,"items_purged":["Doubt"],"score":581,"play_id":"39b5a666-0551-410d-acb9-e8a29bcd35ab","local_time":"20180703130835","is_ascension_mode":false,"campfire_choices":[{"data":"Crippling Poison","floor":6,"key":"SMITH"},{"data":"Dagger Spray","floor":12,"key":"SMITH"},{"floor":15,"key":"REST"},{"floor":23,"key":"REST"},{"floor":29,"key":"REST"},{"floor":32,"key":"REST"},{"floor":42,"key":"REST"},{"floor":44,"key":"REST"}],"neow_cost":"","seed_source_timestamp":22761880108094,"circlet_count":0,"master_deck":["Defend_G","Defend_G","Defend_G","Defend_G","Defend_G","Strike_G","Strike_G","Strike_G","Strike_G","Strike_G","Survivor","Neutralize","Backflip","Heel Hook","Underhanded Strike","Crippling Poison+1","Dagger Spray+1","Escape Plan","Dagger Throw","Infinite Blades","Poisoned Stab","Blur","Envenom","Acrobatics","Slice","Blind","Prepared","All Out Attack","Eviscerate","Deflect","Outmaneuver","Noxious Fumes+1","Escape Plan+1","Burst","Caltrops+1","Skewer+1","Choke","Normality","Normality","Deadly Poison","Outmaneuver","Writhe","Purity","Master of Strategy","Secret Weapon"],"special_seed":17715,"relics":["Ring of the Snake","Meat on the Bone","Bag of Marbles","Pen Nib","Busted Crown","Tough Bandages","Pear","Potion Belt","Oddly Smooth Stone","Black Star","Shuriken","Ancient Tea Set","Lantern","Gremlin Horn"],"potions_floor_usage":[10,13,16,21,24,40,40],"damage_taken":[{"damage":0,"enemies":"Small Slimes","floor":1,"turns":3},{"damage":0,"enemies":"Jaw Worm","floor":2,"turns":6},{"damage":0,"enemies":"Cultist","floor":3,"turns":5},{"damage":4,"enemies":"2 Fungi Beasts","floor":4,"turns":5},{"damage":1,"enemies":"Exordium Wildlife","floor":7,"turns":4},{"damage":15,"enemies":"3 Sentries","floor":8,"turns":9},{"damage":31,"enemies":"Lagavulin","floor":10,"turns":11},{"damage":4,"enemies":"Looter","floor":11,"turns":3},{"damage":13,"enemies":"Exordium Thugs","floor":13,"turns":2},{"damage":10,"enemies":"Exordium Wildlife","floor":14,"turns":4},{"damage":24,"enemies":"Slime Boss","floor":16,"turns":11},{"damage":12,"enemies":"3 Byrds","floor":18,"turns":4},{"damage":10,"enemies":"Chosen","floor":19,"turns":4},{"damage":8,"enemies":"Sentry and Sphere","floor":21,"turns":4},{"damage":21,"enemies":"Snake Plant","floor":22,"turns":5},{"damage":25,"enemies":"Gremlin Leader","floor":24,"turns":6},{"damage":15,"enemies":"Centurion and Healer","floor":25,"turns":5},{"damage":5,"enemies":"Snecko","floor":27,"turns":5},{"damage":22,"enemies":"Snake Plant","floor":28,"turns":4},{"damage":34,"enemies":"Book of Stabbing","floor":30,"turns":6},{"damage":29,"enemies":"Collector","floor":33,"turns":8},{"damage":6,"enemies":"3 Shapes","floor":35,"turns":2},{"damage":18,"enemies":"3 Darklings","floor":36,"turns":5},{"damage":10,"enemies":"4 Shapes","floor":39,"turns":5},{"damage":44,"enemies":"Nemesis","floor":40,"turns":8}],"seed_played":"8025049952093616745","potions_obtained":[{"floor":1,"key":"Explosive Potion"},{"floor":4,"key":"GamblersBrew"},{"floor":7,"key":"Ancient Potion"},{"floor":10,"key":"Fire Potion"},{"floor":16,"key":"SkillPotion"},{"floor":21,"key":"GhostInAJar"},{"floor":22,"key":"Regen Potion"},{"floor":24,"key":"SpeedPotion"},{"floor":30,"key":"SteroidPotion"},{"floor":36,"key":"Energy Potion"},{"floor":39,"key":"AttackPotion"},{"floor":40,"key":"Fire Potion"}],"is_trial":false,"path_per_floor":["M","M","M","M","?","R","M","E","T","E","M","R","M","M","R","B",null,"M","M","$","M","M","R","E","M","T","M","M","R","E","?","R","B",null,"M","M","$","?","M","E","?","R","T","R","?"],"character_chosen":"THE_SILENT","items_purchased":["Tough Bandages","Blind","Prepared","All Out Attack","Shuriken","Choke"],"campfire_rested":6,"item_purchase_floors":[20,20,20,20,37,37],"current_hp_per_floor":[70,70,70,66,66,66,65,50,50,31,39,39,38,40,61,37,70,58,48,48,40,31,52,52,49,49,44,34,58,36,36,60,43,80,74,56,56,56,46,14,34,58,58,80,70,70],"gold":1225,"neow_bonus":"","is_prod":false,"is_daily":false,"chose_seed":false,"campfire_upgraded":2,"win_rate":0.0,"timestamp":1530637715,"path_taken":["M","M","M","M","?","R","M","E","T","E","M","R","M","M","R","BOSS","M","M","$","M","M","R","E","M","T","M","?","R","E","?","R","BOSS","M","M","$","?","M","E","?","R","T","R","?","R"],"build_version":"2018-06-28","purchased_purges":1,"victory":false,"max_hp_per_floor":[70,70,70,70,70,70,70,70,70,70,70,70,70,70,70,70,70,70,70,70,70,70,70,80,80,80,80,80,80,80,80,80,80,80,80,80,80,80,80,80,80,80,80,80,80,80],"card_choices":[{"not_picked":["Bouncing Flask","Outmaneuver"],"picked":"Backflip","floor":1},{"not_picked":["Poisoned Stab","Flying Knee"],"picked":"Heel Hook","floor":2},{"not_picked":["Caltrops","Predator"],"picked":"Underhanded Strike","floor":3},{"not_picked":["Underhanded Strike","Eviscerate"],"picked":"Crippling Poison","floor":4},{"not_picked":["Deflect","Endless Agony"],"picked":"Dagger Spray","floor":7},{"not_picked":["PiercingWail","Malaise"],"picked":"Escape Plan","floor":8},{"not_picked":["Deadly Poison","Night Terror"],"picked":"Dagger Throw","floor":10},{"not_picked":["Deadly Poison","Dagger Throw"],"picked":"Infinite Blades","floor":11},{"not_picked":["Escape Plan","Blade Dance"],"picked":"Poisoned Stab","floor":13},{"not_picked":["Masterful Stab","Sucker Punch"],"picked":"Blur","floor":14},{"not_picked":["Adrenaline","Venomology"],"picked":"Envenom","floor":16},{"not_picked":[],"picked":"Acrobatics","floor":18},{"not_picked":[],"picked":"Slice","floor":19},{"not_picked":["Acrobatics"],"picked":"SKIP","floor":21},{"not_picked":[],"picked":"Eviscerate","floor":22},{"not_picked":["Masterful Stab"],"picked":"SKIP","floor":24},{"not_picked":[],"picked":"Deflect","floor":25},{"not_picked":[],"picked":"Outmaneuver","floor":27},{"not_picked":[],"picked":"Noxious Fumes+1","floor":28},{"not_picked":[],"picked":"Escape Plan+1","floor":30},{"not_picked":[],"picked":"Burst","floor":33},{"not_picked":[],"picked":"Caltrops+1","floor":35},{"not_picked":[],"picked":"Skewer+1","floor":36},{"not_picked":[],"picked":"Deadly Poison","floor":39},{"not_picked":[],"picked":"Outmaneuver","floor":40},{"not_picked":[],"picked":"Purity","floor":45},{"not_picked":[],"picked":"Master of Strategy","floor":45},{"not_picked":[],"picked":"Secret Weapon","floor":45}],"player_experience":117044,"relics_obtained":[{"floor":8,"key":"Meat on the Bone"},{"floor":9,"key":"Bag of Marbles"},{"floor":10,"key":"Pen Nib"},{"floor":24,"key":"Pear"},{"floor":26,"key":"Potion Belt"},{"floor":30,"key":"Oddly Smooth Stone"},{"floor":40,"key":"Ancient Tea Set"},{"floor":40,"key":"Lantern"},{"floor":43,"key":"Gremlin Horn"}],"event_choices":[{"event_name":"Liars Game","player_choice":"agreed","floor":5,"damage_taken":0},{"event_name":"Nest","player_choice":"Stole From Cult","floor":31,"damage_taken":0},{"event_name":"MindBloom","player_choice":"Gold","floor":38,"damage_taken":0},{"event_name":"Winding Halls","player_choice":"Writhe","floor":41,"damage_taken":0},{"event_name":"SensoryStone","player_choice":"Memory 3","floor":45,"damage_taken":0}],"boss_relics":[{"not_picked":["Fusion Hammer","Ectoplasm"],"picked":"Busted Crown"},{"not_picked":["Philosopher\u0027s Stone","Lizard Tail"],"picked":"Black Star"}],"items_purged_floors":[20],"is_endless":false,"potions_floor_spawned":[1,4,7,10,16,21,22,24,30,36,39,40],"ascension_level":0}