{"gold_per_floor":[13,13,31,51,31,31,65,65,89,104,104,114,114],"floor_reached":13,"playtime":598,"items_purged":[],"score":115,"play_id":"c3abc486-0b34-49b3-b791-ad9d74e2ca46","local_time":"20190303143452","is_ascension_mode":true,"campfire_choices":[{"data":"Phantasmal Killer","floor":6.0,"key":"SMITH"},{"floor":8.0,"key":"REST"}],"neow_cost":"NO_GOLD","seed_source_timestamp":0,"circlet_count":0,"master_deck":["Defend_G","Defend_G","Defend_G","Defend_G","Defend_G","Strike_G","Strike_G+1","Strike_G","Strike_G","Strike_G+1","Survivor","Neutralize","Phantasmal Killer+1","Backflip","Cloak And Dagger","Bullet Time","Blade Dance","Acrobatics"],"special_seed":0,"relics":["Ring of the Snake","Dream Catcher","Happy Flower","Juzu Bracelet"],"potions_floor_usage":[],"damage_taken":[{"damage":5.0,"enemies":"Cultist","floor":1.0,"turns":5.0},{"damage":2.0,"enemies":"2 Louse","floor":3.0,"turns":4.0},{"damage":6.0,"enemies":"Jaw Worm","floor":4.0,"turns":5.0},{"damage":26.0,"enemies":"Gremlin Nob","floor":7.0,"turns":5.0},{"damage":1,"enemies":"2 Fungi Beasts","floor":10,"turns":3},{"damage":0,"enemies":"Blue Slaver","floor":12,"turns":3},{"damage":21,"enemies":"Large Slime","floor":13,"turns":11}],"seed_played":"-4956127710735235647","potions_obtained":[{"floor":4.0,"key":"SpeedPotion"},{"floor":7.0,"key":"Weak Potion"},{"floor":12,"key":"Weak Potion"}],"is_trial":false,"path_per_floor":["M","?","M","M","?","R","E","R","T","M","?","M","M"],"character_chosen":"THE_SILENT","items_purchased":[],"campfire_rested":1,"item_purchase_floors":[],"current_hp_per_floor":[58,46,44,38,38,38,12,33,33,32,18,18,0],"gold":114,"neow_bonus":"THREE_RARE_CARDS","is_prod":false,"is_daily":false,"chose_seed":false,"campfire_upgraded":1,"win_rate":0,"timestamp":1551641692,"path_taken":["M","?","M","M","?","R","E","R","T","M","?","M","M"],"build_version":"2019-01-23","purchased_purges":0,"victory":false,"max_hp_per_floor":[70,70,70,70,70,70,70,70,70,70,70,70,70],"card_choices":[{"not_picked":["Glass Knife","Die Die Die"],"picked":"Phantasmal Killer","floor":0.0},{"not_picked":["Reflex","PiercingWail"],"picked":"Backflip","floor":1.0},{"not_picked":["Blur","Crippling Poison","Underhanded Strike"],"picked":"SKIP","floor":3.0},{"not_picked":["Predator","Deadly Poison"],"picked":"Cloak And Dagger","floor":4.0},{"not_picked":["Backflip","PiercingWail"],"picked":"Bullet Time","floor":7.0},{"not_picked":["PiercingWail","Backflip"],"picked":"Blade Dance","floor":8.0},{"not_picked":["Crippling Poison","Outmaneuver","Bane"],"picked":"SKIP","floor":10},{"not_picked":["Dagger Spray","Bouncing Flask"],"picked":"Acrobatics","floor":12}],"player_experience":2322092,"relics_obtained":[{"floor":7.0,"key":"Happy Flower"},{"floor":9,"key":"Juzu Bracelet"}],"event_choices":[{"damage_healed":0.0,"max_hp_gain":0.0,"max_hp_loss":0.0,"gold_gain":0.0,"event_name":"Scrap Ooze","player_choice":"Success","floor":2.0,"gold_loss":0.0,"damage_taken":12.0,"relics_obtained":["Dream Catcher"]},{"damage_healed":0.0,"max_hp_gain":0.0,"max_hp_loss":0.0,"gold_gain":0.0,"event_name":"World of Goop","player_choice":"Left Gold","floor":5.0,"gold_loss":20.0,"damage_taken":0.0},{"damage_healed":0,"gold_gain":0,"player_choice":"Entered Light","damage_taken":14,"max_hp_gain":0,"max_hp_loss":0,"event_name":"Shining Light","floor":11,"gold_loss":0,"cards_upgraded":["Strike_G","Strike_G"]}],"is_beta":false,"boss_relics":[],"items_purged_floors":[],"is_endless":false,"potions_floor_spawned":[4,7,12],"killed_by":"Large Slime","ascension_level":7}