{"gold_per_floor":[109,109,109,129,141,141,155,166,193,193,79,29,50,50,50,50],"floor_reached":16,"playtime":727,"items_purged":["Strike_G"],"score":104,"play_id":"7e8cb8f6-38c6-4e05-b6d0-8086566b5eeb","local_time":"20180916005603","is_ascension_mode":true,"campfire_choices":[{"data":"All Out Attack","floor":6,"key":"SMITH"},{"data":"Noxious Fumes","floor":10,"key":"SMITH"},{"floor":15,"key":"REST"}],"neow_cost":"NONE","seed_source_timestamp":7089808929405,"circlet_count":0,"master_deck":["Defend_G","Defend_G","Defend_G","Defend_G","Defend_G","Strike_G","Strike_G","Strike_G","Survivor","Neutralize","Riddle With Holes","Regret","Escape Plan","All Out Attack+1","Noxious Fumes+1","Deflect","Setup","Dodge and Roll"],"relics":["Ring of the Snake","Juzu Bracelet","Orichalcum","Happy Flower","Strawberry","Odd Mushroom"],"potions_floor_usage":[16],"damage_taken":[{"damage":1,"enemies":"Small Slimes","floor":1,"turns":4},{"damage":1,"enemies":"2 Louse","floor":4,"turns":3},{"damage":2,"enemies":"Jaw Worm","floor":5,"turns":5},{"damage":0,"enemies":"3 Louse","floor":7,"turns":1},{"damage":6,"enemies":"Looter","floor":8,"turns":3},{"damage":11,"enemies":"The Mushroom Lair","floor":13,"turns":3},{"damage":72,"enemies":"Hexaghost","floor":16,"turns":12}],"seed_played":"-4365330160580514558","potions_obtained":[{"floor":1,"key":"GhostInAJar"},{"floor":4,"key":"EssenceOfSteel"}],"is_trial":false,"path_per_floor":["M","?","?","M","M","R","M","M","T","R","$","?","?","$","R"],"character_chosen":"THE_SILENT","items_purchased":["Setup"],"campfire_rested":1,"item_purchase_floors":[11],"current_hp_per_floor":[69,62,62,61,59,59,59,53,60,60,60,60,49,49,72,0],"gold":50,"neow_bonus":"RANDOM_COMMON_RELIC","is_prod":false,"is_daily":false,"chose_seed":false,"campfire_upgraded":2,"win_rate":0,"timestamp":1537073763,"path_taken":["M","?","?","M","M","R","M","M","T","R","$","?","?","?","R","BOSS"],"build_version":"2018-09-06","purchased_purges":1,"victory":false,"max_hp_per_floor":[70,70,70,70,70,70,70,70,77,77,77,77,77,77,77,77],"card_choices":[{"not_picked":["Dagger Spray","Escape Plan"],"picked":"Riddle With Holes","floor":1},{"not_picked":["Poisoned Stab","Leg Sweep"],"picked":"Escape Plan","floor":4},{"not_picked":["Outmaneuver","Dagger Spray"],"picked":"All Out Attack","floor":5},{"not_picked":["Dagger Throw","Calculated Gamble"],"picked":"Noxious Fumes","floor":7},{"not_picked":["Blade Dance","Endless Agony"],"picked":"Deflect","floor":8},{"not_picked":["Well Laid Plans","Poisoned Stab"],"picked":"Dodge and Roll","floor":13}],"player_experience":843693,"relics_obtained":[{"floor":9,"key":"Strawberry"},{"floor":13,"key":"Odd Mushroom"}],"event_choices":[{"event_name":"Scrap Ooze","player_choice":"success","floor":2,"damage_taken":7},{"event_name":"Big Fish","player_choice":"Box","floor":3,"damage_taken":0},{"event_name":"The Cleric","player_choice":"Card Removal","floor":12,"damage_taken":0},{"event_name":"Mushrooms","player_choice":"Fought Mushrooms","floor":13,"damage_taken":0}],"is_beta":false,"boss_relics":[],"items_purged_floors":[11],"is_endless":false,"potions_floor_spawned":[1,4],"killed_by":"Hexaghost","ascension_level":3}