{"path_per_floor":["M","?","?","$","M","R","M","R","T","M","E","R","M","M","R","B",null,"M","M","$","M","?","R","E","$","T","M","R","?","M","E","R","B",null,"M","?","?","$","M","R","M","R","T","M","M","R","M","M","R"],"character_chosen":"THE_SILENT","items_purchased":["Noxious Fumes","Caltrops","Malaise","Snake Skull","Well Laid Plans"],"gold_per_floor":[110,110,110,40,52,52,72,72,72,92,118,118,131,144,144,246,246,260,278,131,144,144,144,169,2,54,71,71,71,87,113,113,215,215,229,275,275,42,52,52,64,64,110,129,149,149,169,182,182,182],"floor_reached":50,"campfire_rested":6,"playtime":3961,"item_purchase_floors":[4,20,25,38,38],"current_hp_per_floor":[63,49,49,49,49,49,49,49,49,47,46,46,44,43,64,64,69,61,45,45,34,34,55,30,30,30,30,30,30,30,21,42,21,58,58,18,18,18,18,18,18,39,39,26,21,42,42,26,47,0],"items_purged":["Strike_G","Strike_G"],"gold":182,"score":813,"play_id":"5b237780-1c19-46f0-8288-75fd51805e97","local_time":"20180614143840","is_prod":false,"is_daily":false,"chose_seed":false,"is_ascension_mode":true,"campfire_upgraded":4,"win_rate":0,"timestamp":1528979920,"campfire_choices":[{"data":"Noxious Fumes","floor":6,"key":"SMITH"},{"data":"Backflip","floor":8,"key":"SMITH"},{"data":"Defend_G","floor":12,"key":"PURGE"},{"floor":15,"key":"REST"},{"floor":23,"key":"REST"},{"data":"Catalyst","floor":28,"key":"SMITH"},{"floor":32,"key":"REST"},{"data":"Malaise","floor":40,"key":"SMITH"},{"floor":42,"key":"REST"},{"floor":46,"key":"REST"},{"floor":49,"key":"REST"}],"path_taken":["M","?","?","$","M","R","M","R","T","M","E","R","M","?","R","BOSS","M","M","$","M","?","R","E","?","T","?","R","?","M","E","R","BOSS","M","?","?","$","M","R","?","R","T","M","?","R","M","M","R","BOSS"],"build_version":"2018-06-07v3","seed_source_timestamp":2476255232292821,"purchased_purges":2,"victory":false,"master_deck":["Defend_G+1","Defend_G","Defend_G","Strike_G","Strike_G+1","Strike_G+1","Survivor","Neutralize+1","Backflip","Noxious Fumes+1","Backflip+1","Leg Sweep","Burst","Backstab","Adrenaline","Backstab","Catalyst+1","Caltrops","Catalyst+1","Malaise+1","Deadly Poison+1","Bullet Time","Bouncing Flask+1","Acrobatics+1","Well Laid Plans","Malaise+1","Deadly Poison+1"],"max_hp_per_floor":[70,70,70,70,70,70,70,70,70,70,70,70,70,70,70,70,70,70,70,70,70,70,70,70,70,70,70,70,70,70,70,70,70,70,70,70,70,70,70,70,70,70,70,70,70,70,70,70,70,70],"relics":["Ring of the Snake","Whetstone","Question Card","Peace Pipe","Orrery","Kunai","Happy Flower","Bag of Preparation","Lizard Tail","Tingsha","Snake Skull","Vajra"],"card_choices":[{"not_picked":["Dagger Throw","Outmaneuver"],"picked":"Backflip","floor":1},{"not_picked":["Accuracy","All Out Attack","Blade Dance"],"picked":"SKIP","floor":5},{"not_picked":["Dodge and Roll","Deadly Poison"],"picked":"Backflip","floor":7},{"not_picked":["Phantasmal Killer","Masterful Stab","Skewer"],"picked":"Leg Sweep","floor":10},{"not_picked":["Flechettes","Blade Dance","Quick Slash","Slice"],"picked":"SKIP","floor":11},{"not_picked":["Outmaneuver","Cloak And Dagger","Prepared","PiercingWail"],"picked":"SKIP","floor":13},{"not_picked":["Poisoned Stab","Deflect","Dash","Escape Plan"],"picked":"SKIP","floor":14},{"not_picked":["Grand Finale","Phantasmal Killer","Glass Knife"],"picked":"Burst","floor":16},{"not_picked":["Skewer","Outmaneuver","Dagger Throw"],"picked":"Backstab","floor":17},{"not_picked":["Acrobatics","Underhanded Strike","Flying Knee"],"picked":"Adrenaline","floor":17},{"not_picked":["Cloak And Dagger","Slice","Blade Dance+1"],"picked":"Backstab","floor":18},{"not_picked":["Slice","Deadly Poison+1","Outmaneuver"],"picked":"Catalyst+1","floor":19},{"not_picked":["Sucker Punch","Dodge and Roll+1","Slice"],"picked":"Catalyst","floor":21},{"not_picked":["Night Terror","Flechettes","Dash","Flying Knee"],"picked":"SKIP","floor":24},{"not_picked":["Escape Plan","Leg Sweep+1","Concentrate","Flying Knee+1"],"picked":"SKIP","floor":27},{"not_picked":["Underhanded Strike","Bouncing Flask","Sucker Punch+1"],"picked":"Deadly Poison+1","floor":30},{"not_picked":["Dagger Throw","Riddle With Holes","Dagger Spray","Poisoned Stab+1"],"picked":"SKIP","floor":31},{"not_picked":["Envenom","Unload","Tactician"],"picked":"Bullet Time","floor":33},{"not_picked":["Flying Knee","Flechettes+1","Underhanded Strike"],"picked":"Bouncing Flask+1","floor":35},{"not_picked":["Underhanded Strike","Bane","Flying Knee+1"],"picked":"Acrobatics+1","floor":36},{"not_picked":["Flying Knee","Outmaneuver","Poisoned Stab"],"picked":"Malaise+1","floor":39},{"not_picked":["Dagger Throw","Riddle With Holes","Deadly Poison","Prepared+1"],"picked":"SKIP","floor":41},{"not_picked":["Blade Dance+1","Leg Sweep","All Out Attack+1","Slice+1"],"picked":"SKIP","floor":44},{"not_picked":["Catalyst","Predator","Skewer"],"picked":"Deadly Poison+1","floor":45},{"not_picked":["Malaise","Distraction","Acrobatics","Calculated Gamble"],"picked":"SKIP","floor":47},{"not_picked":["Poisoned Stab+1","Flying Knee+1","PiercingWail+1","Quick Slash"],"picked":"SKIP","floor":48}],"player_experience":322009,"potions_floor_usage":[10,16,24,33,36,45,50],"damage_taken":[{"damage":0,"enemies":"2 Louse","floor":1,"turns":4},{"damage":0,"enemies":"Jaw Worm","floor":5,"turns":4},{"damage":0,"enemies":"Cultist","floor":7,"turns":4},{"damage":2,"enemies":"Gremlin Gang","floor":10,"turns":6},{"damage":1,"enemies":"Lagavulin","floor":11,"turns":9},{"damage":2,"enemies":"Exordium Thugs","floor":13,"turns":5},{"damage":1,"enemies":"Large Slime","floor":14,"turns":7},{"damage":0,"enemies":"The Guardian","floor":16,"turns":13},{"damage":8,"enemies":"Spheric Guardian","floor":18,"turns":7},{"damage":16,"enemies":"Chosen","floor":19,"turns":6},{"damage":11,"enemies":"Centurion and Healer","floor":21,"turns":9},{"damage":25,"enemies":"Book of Stabbing","floor":24,"turns":8},{"damage":0,"enemies":"Cultist and Chosen","floor":27,"turns":5},{"damage":0,"enemies":"Snake Plant","floor":30,"turns":4},{"damage":9,"enemies":"Gremlin Leader","floor":31,"turns":4},{"damage":21,"enemies":"Automaton","floor":33,"turns":9},{"damage":0,"enemies":"Orb Walker","floor":35,"turns":2},{"damage":98,"floor":36,"turns":4},{"damage":0,"enemies":"3 Shapes","floor":39,"turns":2},{"damage":0,"enemies":"Maw","floor":41,"turns":4},{"damage":13,"enemies":"3 Darklings","floor":44,"turns":7},{"damage":5,"enemies":"4 Shapes","floor":45,"turns":5},{"damage":0,"enemies":"Maw","floor":47,"turns":3},{"damage":16,"enemies":"Sphere and 2 Shapes","floor":48,"turns":5},{"damage":48,"enemies":"Time Eater","floor":50,"turns":3}],"relics_obtained":[{"floor":9,"key":"Question Card"},{"floor":11,"key":"Peace Pipe"},{"floor":24,"key":"Kunai"},{"floor":26,"key":"Happy Flower"},{"floor":31,"key":"Bag of Preparation"},{"floor":36,"key":"Tingsha"},{"floor":43,"key":"Vajra"}],"event_choices":[{"event_name":"Shining Light","player_choice":"Entered Light","floor":2,"damage_taken":0},{"event_name":"Bonfire Elementals","player_choice":"BASIC","floor":3,"damage_taken":0},{"event_name":"Cursed Tome","player_choice":"Ignored","floor":22,"damage_taken":0},{"event_name":"Addict","player_choice":"Ignored","floor":29,"damage_taken":0},{"event_name":"Mysterious Sphere","player_choice":"Fight","floor":36,"damage_taken":0},{"event_name":"SensoryStone","player_choice":"Memory 1","floor":37,"damage_taken":0}],"boss_relics":[{"not_picked":["Velvet Choker","Snecko Eye"],"picked":"Orrery"},{"not_picked":["Black Star","Eternal Feather"],"picked":"Lizard Tail"}],"items_purged_floors":[20,25],"potions_floor_spawned":[5,11,21,24,33,39,45,48],"seed_played":"3585865801260019196","killed_by":"Time Eater","ascension_level":9,"potions_obtained":[{"floor":5,"key":"Block Potion"},{"floor":11,"key":"Fire Potion"},{"floor":21,"key":"Energy Potion"},{"floor":24,"key":"Energy Potion"},{"floor":33,"key":"AttackPotion"},{"floor":39,"key":"GamblersBrew"},{"floor":45,"key":"SmokeBomb"},{"floor":48,"key":"Block Potion"}],"is_trial":false}