{"gold_per_floor":[111,111,111,76,93,118,118,49,49,63,63,75,95,113,113,190,190,209,133,146,163,163,190,190,109,132,144,144],"floor_reached":28,"playtime":1247,"items_purged":[],"score":396,"play_id":"a62426d6-462d-4a55-8ed1-04fd1ec3f748","local_time":"20190331004224","is_ascension_mode":true,"campfire_choices":[{"data":"Creative AI","floor":7,"key":"SMITH"},{"data":"Defragment","floor":11,"key":"SMITH"},{"floor":15,"key":"REST"},{"floor":24,"key":"REST"}],"neow_cost":"NONE","seed_source_timestamp":93131534025800,"circlet_count":0,"master_deck":["AscendersBane","Zap","Dualcast","Chill","Biased Cognition","Tempest","Skim","Creative AI+1","Sunder","Defragment+1","Biased Cognition","Static Discharge","Force Field","Auto Shields","Reinforced Body","Sweeping Beam","Genetic Algorithm","Chaos","Defragment","Defragment","Cold Snap","Tempest","Capacitor","Leap"],"relics":["Cracked Core","Omamori","Cables","Regal Pillow","Pandora\u0027s Box","Torii","Bottled Tornado","Blood Vial"],"potions_floor_usage":[6,23,23],"damage_taken":[{"damage":1,"enemies":"2 Louse","floor":1,"turns":3},{"damage":5,"enemies":"Jaw Worm","floor":5,"turns":3},{"damage":25,"enemies":"Gremlin Nob","floor":6,"turns":4},{"damage":6,"enemies":"Cultist","floor":10,"turns":3},{"damage":0,"enemies":"Large Slime","floor":12,"turns":4},{"damage":0,"enemies":"Exordium Thugs","floor":13,"turns":4},{"damage":11,"enemies":"Looter","floor":14,"turns":2},{"damage":25,"enemies":"Hexaghost","floor":16,"turns":6},{"damage":19,"enemies":"Shell Parasite","floor":18,"turns":6},{"damage":12,"enemies":"Chosen","floor":20,"turns":5},{"damage":11,"enemies":"Snecko","floor":21,"turns":6},{"damage":24,"enemies":"Book of Stabbing","floor":23,"turns":8},{"damage":30,"enemies":"Centurion and Healer","floor":27,"turns":6},{"damage":19,"enemies":"Cultist and Chosen","floor":28,"turns":4}],"seed_played":"9034825052206575898","potions_obtained":[{"floor":1,"key":"Strength Potion"},{"floor":12,"key":"Fire Potion"},{"floor":14,"key":"Strength Potion"},{"floor":18,"key":"FocusPotion"}],"is_trial":false,"path_per_floor":["M","?","?","$","M","E","R","$","T","M","R","M","M","M","R","B",null,"M","$","M","M","?","E","R","$","T","M","M"],"character_chosen":"DEFECT","items_purchased":["Tempest","Sunder","Defragment","Capacitor"],"campfire_rested":2,"item_purchase_floors":[4,8,19,25],"current_hp_per_floor":[74,74,71,71,66,41,41,41,41,35,35,35,35,24,63,38,71,52,52,40,29,29,5,44,44,44,16,0],"gold":144,"neow_bonus":"TEN_PERCENT_HP_BONUS","is_prod":false,"is_daily":false,"chose_seed":false,"campfire_upgraded":2,"win_rate":0,"timestamp":1554007344,"path_taken":["M","?","?","$","M","E","R","$","T","M","R","M","M","?","R","BOSS","M","$","M","?","?","E","R","?","T","M","M"],"build_version":"2019-01-23","purchased_purges":0,"victory":false,"max_hp_per_floor":[82,82,82,82,82,82,82,82,82,82,82,82,82,82,82,82,82,82,82,82,82,82,82,82,82,82,82,82],"card_choices":[{"not_picked":["Chaos","Cold Snap"],"picked":"Chill","floor":1},{"not_picked":["Beam Cell","Steam Power"],"picked":"Skim","floor":5},{"not_picked":["Hello World","All For One"],"picked":"Creative AI","floor":6},{"not_picked":["Barrage","Gash"],"picked":"Defragment","floor":10},{"not_picked":["Sweeping Beam","Recycle"],"picked":"Cold Snap","floor":12},{"not_picked":["Go for the Eyes","Reprogram","Recycle"],"picked":"SKIP","floor":13},{"not_picked":["Go for the Eyes","Redo","Consume"],"picked":"SKIP","floor":14},{"not_picked":["Buffer","Rainbow"],"picked":"Biased Cognition","floor":16},{"not_picked":["Barrage","Beam Cell"],"picked":"Defragment","floor":18},{"not_picked":["Go for the Eyes","Redo"],"picked":"Cold Snap","floor":20},{"not_picked":["Compile Driver","Genetic Algorithm"],"picked":"Tempest","floor":21},{"not_picked":["Steam Power","Redo","Streamline+1"],"picked":"SKIP","floor":23},{"not_picked":["Steam","Defragment"],"picked":"Leap","floor":27}],"player_experience":2557299,"relics_obtained":[{"floor":6,"key":"Cables"},{"floor":9,"key":"Regal Pillow"},{"floor":23,"key":"Bottled Tornado"},{"floor":26,"key":"Blood Vial"}],"event_choices":[{"damage_healed":0,"gold_gain":0,"cards_transformed":["Strike_B"],"player_choice":"Change","damage_taken":0,"max_hp_gain":0,"max_hp_loss":0,"event_name":"Living Wall","floor":2,"gold_loss":0,"cards_obtained":["Biased Cognition"]},{"damage_healed":0,"gold_gain":0,"player_choice":"Success","damage_taken":3,"relics_obtained":["Omamori"],"max_hp_gain":0,"max_hp_loss":0,"event_name":"Scrap Ooze","floor":3,"gold_loss":0},{"cards_removed":["Cold Snap"],"damage_healed":0,"gold_gain":0,"player_choice":"Gave Card","damage_taken":0,"relics_obtained":["Torii"],"max_hp_gain":0,"max_hp_loss":0,"event_name":"WeMeetAgain","floor":22,"gold_loss":0}],"is_beta":false,"boss_relics":[{"not_picked":["White Beast Statue","Velvet Choker"],"picked":"Pandora\u0027s Box"}],"items_purged_floors":[],"is_endless":false,"potions_floor_spawned":[1,12,14,18,20],"killed_by":"Cultist and Chosen","ascension_level":13}