{"gold_per_floor":[116,116,41,52,71,71,127,127,152,179,192,207,207,207,207,310,310,324,324],"floor_reached":19,"playtime":2396,"items_purged":["Strike_R"],"score":186,"play_id":"96bae029-f5dc-4d51-8f5a-45795ce9cf59","local_time":"20181210000920","is_ascension_mode":true,"campfire_choices":[{"data":"Iron Wave","floor":6,"key":"SMITH"},{"data":"Bash","floor":8,"key":"SMITH"},{"data":"Iron Wave","floor":15,"key":"SMITH"}],"neow_cost":"TEN_PERCENT_HP_LOSS","seed_source_timestamp":281327420761054,"circlet_count":0,"master_deck":["Strike_R","Strike_R","Strike_R","Defend_R","Defend_R","Defend_R","Defend_R","Bash+1","Finesse","Blind+1","Seeing Red","Heavy Blade","Iron Wave+1","Iron Wave+1","Pommel Strike","Shrug It Off","Berserk","Iron Wave"],"relics":["Burning Blood","Tiny Chest","Blood Vial","Regal Pillow","Orrery"],"potions_floor_usage":[16,16,18],"damage_taken":[{"damage":0,"enemies":"2 Louse","floor":1,"turns":3},{"damage":0,"enemies":"Cultist","floor":4,"turns":4},{"damage":0,"enemies":"Small Slimes","floor":5,"turns":4},{"damage":23,"enemies":"Lagavulin","floor":7,"turns":10},{"damage":11,"enemies":"3 Sentries","floor":10,"turns":8},{"damage":5,"enemies":"3 Louse","floor":11,"turns":3},{"damage":3,"enemies":"Looter","floor":12,"turns":2},{"damage":13,"enemies":"The Guardian","floor":16,"turns":11},{"damage":39,"enemies":"3 Byrds","floor":18,"turns":9},{"damage":52,"enemies":"Colosseum Slavers","floor":19,"turns":4}],"seed_played":"4545673386364938055","potions_obtained":[{"floor":5,"key":"Dexterity Potion"},{"floor":12,"key":"SteroidPotion"},{"floor":16,"key":"Energy Potion"}],"is_trial":false,"path_per_floor":["M","?","$","M","M","R","E","R","T","E","M","M","?","?","R","B",null,"M","?"],"character_chosen":"IRONCLAD","items_purchased":[],"campfire_rested":0,"item_purchase_floors":[],"current_hp_per_floor":[72,72,72,72,72,72,55,55,55,52,55,60,60,60,60,55,72,39,0],"gold":324,"neow_bonus":"RANDOM_COLORLESS_2","is_prod":false,"is_daily":false,"chose_seed":false,"campfire_upgraded":3,"win_rate":0,"timestamp":1544422160,"path_taken":["M","?","$","M","M","R","E","R","T","E","M","?","?","?","R","BOSS","M","?"],"build_version":"2018-12-06","purchased_purges":1,"victory":false,"max_hp_per_floor":[72,72,72,72,72,72,72,72,72,72,72,72,72,72,72,72,72,72,72],"card_choices":[{"not_picked":["Pommel Strike","Clothesline"],"picked":"Seeing Red","floor":1},{"not_picked":["Flex","Searing Blow"],"picked":"Heavy Blade","floor":4},{"not_picked":["Cleave","Sever Soul"],"picked":"Iron Wave","floor":5},{"not_picked":["Fire Breathing","True Grit","Dropkick"],"picked":"SKIP","floor":7},{"not_picked":["Hemokinesis","Clash"],"picked":"Iron Wave","floor":10},{"not_picked":["Warcry","Whirlwind"],"picked":"Pommel Strike","floor":11},{"not_picked":["Armaments","Pommel Strike"],"picked":"Shrug It Off","floor":12},{"not_picked":["Fiend Fire","Dark Embrace"],"picked":"Berserk","floor":16},{"not_picked":["Uppercut+1","Sever Soul"],"picked":"Iron Wave","floor":18}],"player_experience":144750,"relics_obtained":[{"floor":7,"key":"Tiny Chest"},{"floor":9,"key":"Blood Vial"},{"floor":10,"key":"Regal Pillow"}],"event_choices":[{"damage_healed":0,"gold_gain":0,"player_choice":"Upgraded","damage_taken":0,"max_hp_gain":0,"max_hp_loss":0,"event_name":"Upgrade Shrine","floor":2,"gold_loss":0,"cards_upgraded":["Blind"]},{"damage_healed":0,"gold_gain":0,"player_choice":"Ignored","damage_taken":0,"max_hp_gain":0,"max_hp_loss":0,"event_name":"Liars Game","floor":13,"gold_loss":0},{"cards_removed":["Strike_R"],"damage_healed":0,"gold_gain":0,"player_choice":"Forget","damage_taken":0,"max_hp_gain":0,"max_hp_loss":0,"event_name":"Living Wall","floor":14,"gold_loss":0},{"damage_healed":0,"gold_gain":0,"player_choice":"Fight","damage_taken":0,"max_hp_gain":0,"max_hp_loss":0,"event_name":"Colosseum","floor":19,"gold_loss":0}],"is_beta":false,"boss_relics":[{"not_picked":["Snecko Eye","Mark of Pain"],"picked":"Orrery"}],"items_purged_floors":[3],"is_endless":false,"potions_floor_spawned":[5,12,16],"killed_by":"Colosseum Slavers","ascension_level":1}