{"gold_per_floor":[113,32,48,48,65,65,65,97,97,97,97,97,107,118,118,223,223,236,246,260,51,61,61,91,103,179,179],"floor_reached":27,"playtime":1200,"items_purged":["Pain"],"score":285,"play_id":"725f6c02-18f0-4223-83b9-ec1b8b684a84","local_time":"20190504081602","is_ascension_mode":false,"campfire_choices":[{"data":"Doom and Gloom","floor":6.0,"key":"SMITH"},{"data":"Storm","floor":10.0,"key":"SMITH"},{"data":"Zap","floor":12.0,"key":"SMITH"},{"data":"Sunder","floor":15.0,"key":"SMITH"},{"floor":23,"key":"REST"}],"neow_cost":"NONE","seed_source_timestamp":0,"circlet_count":0,"master_deck":["Strike_B","Strike_B","Strike_B","Defend_B","Defend_B","Defend_B","Defend_B","Zap+1","Dualcast","Leap","Doom and Gloom+1","Beam Cell","Leap","Storm+1","Reprogram","Sunder+1","Buffer","Rebound","Sunder+1","Streamline","Transmutation","Conserve Battery","Stack+1","Meteor Strike"],"special_seed":0,"relics":["Cracked Core","The Courier","Dodecahedron","WarpedTongs","Nuclear Battery","Bottled Lightning","Toxic Egg 2"],"potions_floor_usage":[16,16,24,25,27],"damage_taken":[{"damage":1.0,"enemies":"Cultist","floor":1.0,"turns":3.0},{"damage":0.0,"enemies":"Small Slimes","floor":3.0,"turns":2.0},{"damage":0.0,"enemies":"2 Louse","floor":5.0,"turns":2.0},{"damage":20.0,"enemies":"Gremlin Nob","floor":8.0,"turns":4.0},{"damage":10.0,"enemies":"Exordium Thugs","floor":13.0,"turns":4.0},{"damage":0.0,"enemies":"Lots of Slimes","floor":14.0,"turns":1.0},{"damage":2,"enemies":"Slime Boss","floor":16,"turns":5},{"damage":30,"enemies":"3 Byrds","floor":18,"turns":6},{"damage":7,"enemies":"2 Thieves","floor":19,"turns":3},{"damage":29,"enemies":"Centurion and Healer","floor":20,"turns":7},{"damage":0,"enemies":"Snecko","floor":22,"turns":5},{"damage":12,"enemies":"Book of Stabbing","floor":24,"turns":5},{"damage":14,"enemies":"Snake Plant","floor":25,"turns":4},{"damage":16,"enemies":"Centurion and Healer","floor":27,"turns":2}],"seed_played":"-2622274316104038277","potions_obtained":[{"floor":8.0,"key":"Poison Potion"},{"floor":14.0,"key":"Poison Potion"},{"floor":18,"key":"LiquidBronze"},{"floor":20,"key":"Fire Potion"},{"floor":24,"key":"Energy Potion"}],"is_trial":false,"path_per_floor":["M","$","M","$","M","R","?","E","T","R","?","R","M","M","R","B",null,"M","M","M","$","M","R","E","M","T","M"],"character_chosen":"DEFECT","items_purchased":["Doom and Gloom","Transmutation"],"campfire_rested":1,"item_purchase_floors":[2,21],"current_hp_per_floor":[81,81,81,81,81,81,81,61,61,61,61,61,51,51,51,49,82,52,45,16,16,16,40,28,14,14,0],"gold":179,"neow_bonus":"TEN_PERCENT_HP_BONUS","is_prod":false,"is_daily":false,"chose_seed":false,"campfire_upgraded":4,"win_rate":0,"timestamp":1556972162,"path_taken":["M","?","M","$","M","R","?","E","T","R","?","R","M","M","R","BOSS","M","?","?","$","M","R","E","M","T","M"],"build_version":"2019-01-23","purchased_purges":1,"victory":false,"max_hp_per_floor":[82,82,82,82,82,82,82,82,82,82,82,82,82,82,82,82,82,82,82,82,82,82,82,82,82,82,82],"card_choices":[{"not_picked":["Beam Cell","Rebound"],"picked":"Leap","floor":1.0},{"not_picked":["Steam","Streamline"],"picked":"Beam Cell","floor":3.0},{"not_picked":["Stack","Reprogram"],"picked":"Leap","floor":5.0},{"not_picked":["Cold Snap","Conserve Battery"],"picked":"Storm","floor":8.0},{"not_picked":["Stack","Compile Driver"],"picked":"Reprogram","floor":13.0},{"not_picked":["Tempest","Ball Lightning"],"picked":"Sunder","floor":14.0},{"not_picked":["Seek","Fission"],"picked":"Buffer","floor":16},{"not_picked":["Chaos+1","Barrage"],"picked":"Rebound","floor":18},{"not_picked":["Force Field","Cold Snap"],"picked":"Sunder+1","floor":19},{"not_picked":["Rip and Tear+1","Conserve Battery"],"picked":"Streamline","floor":20},{"not_picked":["Go for the Eyes","Reprogram"],"picked":"Conserve Battery","floor":22},{"not_picked":["Coolheaded+1","Storm"],"picked":"Stack+1","floor":24},{"not_picked":["Rip and Tear","Coolheaded"],"picked":"Meteor Strike","floor":25}],"player_experience":2885070,"relics_obtained":[{"floor":8.0,"key":"The Courier"},{"floor":9.0,"key":"Dodecahedron"},{"floor":24,"key":"Bottled Lightning"},{"floor":26,"key":"Toxic Egg 2"}],"event_choices":[{"cards_removed":["Strike_B"],"damage_healed":0.0,"max_hp_gain":0.0,"max_hp_loss":0.0,"gold_gain":0.0,"event_name":"Living Wall","player_choice":"Forget","floor":7.0,"gold_loss":0.0,"damage_taken":0.0},{"damage_healed":0.0,"max_hp_gain":0.0,"max_hp_loss":0.0,"gold_gain":0.0,"event_name":"Accursed Blacksmith","player_choice":"Rummage","floor":11.0,"gold_loss":0.0,"damage_taken":0.0,"relics_obtained":["WarpedTongs"],"cards_obtained":["Pain"]}],"is_beta":false,"boss_relics":[{"not_picked":["Tiny House","Lizard Tail"],"picked":"Nuclear Battery"}],"items_purged_floors":[21],"is_endless":false,"potions_floor_spawned":[8,14,18,20,24],"killed_by":"Centurion and Healer","ascension_level":0}