{"gold_per_floor":[110,66,66,81,92,17,17,50,50,50,50,26,176,196,196,271,271,291,301,40,40],"floor_reached":21,"playtime":971,"items_purged":["Doubt"],"score":319,"play_id":"0ebf8a9c-5db8-4aba-a853-f0665cbd4791","local_time":"20190520223212","is_ascension_mode":true,"campfire_choices":[{"data":"Thunder Strike","floor":7.0,"key":"SMITH"},{"data":"Genetic Algorithm","floor":10.0,"key":"SMITH"},{"floor":15.0,"key":"REST"}],"neow_cost":"TEN_PERCENT_HP_LOSS","seed_source_timestamp":0,"circlet_count":0,"master_deck":["AscendersBane","Strike_B","Defend_B","Defend_B","Defend_B","Defend_B","Zap","Dualcast","Thunder Strike+1","White Noise","Auto Shields","Leap","White Noise","Genetic Algorithm+1","Conserve Battery","Gash","Core Surge","Skim+1","Blizzard+1","Skim+1","Sunder","Gash"],"special_seed":0,"relics":["Cracked Core","Torii","Thread and Needle","Shuriken","Smiling Mask","Astrolabe","Runic Capacitor"],"potions_floor_usage":[19],"damage_taken":[{"damage":0.0,"enemies":"Small Slimes","floor":1.0,"turns":3.0},{"damage":2.0,"enemies":"2 Louse","floor":4.0,"turns":2.0},{"damage":14.0,"enemies":"Jaw Worm","floor":5.0,"turns":3.0},{"damage":15.0,"enemies":"Lagavulin","floor":8.0,"turns":11.0},{"damage":0.0,"enemies":"Exordium Wildlife","floor":14.0,"turns":2.0},{"damage":14.0,"enemies":"The Guardian","floor":16.0,"turns":15.0},{"damage":10.0,"enemies":"Shell Parasite","floor":18.0,"turns":10.0},{"damage":6,"enemies":"3 Byrds","floor":19,"turns":4},{"damage":37,"enemies":"Snake Plant","floor":21,"turns":6}],"seed_played":"-2924528150752734595","potions_obtained":[{"floor":5.0,"key":"SkillPotion"},{"floor":14.0,"key":"Weak Potion"},{"floor":16.0,"key":"LiquidBronze"},{"floor":18.0,"key":"Ancient Potion"}],"is_trial":false,"path_per_floor":["M","$","?","M","M","?","R","E","T","R","?","$","?","M","R","B",null,"M","M","$","M"],"character_chosen":"DEFECT","items_purchased":["Auto Shields","Conserve Battery","Runic Capacitor"],"campfire_rested":1,"item_purchase_floors":[2,12,20],"current_hp_per_floor":[64,64,64,62,48,48,48,33,33,33,7,7,7,7,26,12,51,41,35,35,0],"gold":40,"neow_bonus":"THREE_RARE_CARDS","is_prod":false,"is_daily":false,"chose_seed":false,"campfire_upgraded":2,"win_rate":0,"timestamp":1558405932,"path_taken":["M","$","?","M","M","?","R","E","T","R","?","$","?","?","R","BOSS","M","M","$","M"],"build_version":"2019-01-23","purchased_purges":1,"victory":false,"max_hp_per_floor":[64,64,64,64,64,64,64,64,64,64,64,64,64,64,64,64,64,64,64,64,64],"card_choices":[{"not_picked":["Reboot","Rainbow"],"picked":"Thunder Strike","floor":0.0},{"not_picked":["Go for the Eyes","Conserve Battery"],"picked":"White Noise","floor":1.0},{"not_picked":["Sweeping Beam","Go for the Eyes"],"picked":"Leap","floor":4.0},{"not_picked":["Compile Driver","Ball Lightning"],"picked":"White Noise","floor":5.0},{"not_picked":["Aggregate","Beam Cell"],"picked":"Genetic Algorithm","floor":8.0},{"not_picked":["Streamline","FTL"],"picked":"Gash","floor":14.0},{"not_picked":["Meteor Strike","Machine Learning"],"picked":"Core Surge","floor":16.0},{"not_picked":["Leap","Recycle"],"picked":"Sunder","floor":18.0},{"not_picked":["Redo","Steam"],"picked":"Gash","floor":19}],"player_experience":2932811,"relics_obtained":[{"floor":8.0,"key":"Thread and Needle"},{"floor":9.0,"key":"Shuriken"}],"event_choices":[{"damage_healed":0.0,"max_hp_gain":0.0,"max_hp_loss":0.0,"gold_gain":0.0,"event_name":"Big Fish","player_choice":"Box","floor":3.0,"gold_loss":0.0,"damage_taken":0.0,"relics_obtained":["Torii"],"cards_obtained":["Regret"]},{"cards_removed":["Regret"],"damage_healed":0.0,"max_hp_gain":0.0,"max_hp_loss":0.0,"gold_gain":0.0,"event_name":"The Cleric","player_choice":"Card Removal","floor":6.0,"gold_loss":75.0,"damage_taken":0.0},{"damage_healed":0.0,"max_hp_gain":0.0,"max_hp_loss":0.0,"gold_gain":0.0,"event_name":"Scrap Ooze","player_choice":"Success","floor":11.0,"gold_loss":0.0,"damage_taken":26.0,"relics_obtained":["Smiling Mask"]},{"damage_healed":0.0,"max_hp_gain":0.0,"max_hp_loss":0.0,"gold_gain":150.0,"event_name":"Liars Game","player_choice":"AGREE","floor":13.0,"gold_loss":0.0,"damage_taken":0.0,"cards_obtained":["Doubt"]}],"is_beta":false,"boss_relics":[{"not_picked":["Busted Crown","Lizard Tail"],"picked":"Astrolabe"}],"items_purged_floors":[20],"is_endless":false,"potions_floor_spawned":[5,14,16,18],"killed_by":"Snake Plant","ascension_level":16}