{"path_per_floor":["M","M","M","$","?","R","E","M","T","$","M","?","M","M","R","B"],"character_chosen":"IRONCLAD","items_purchased":[],"gold_per_floor":[112,129,144,69,69,69,100,120,120,20,38,38,54,69,69,174,174],"floor_reached":17,"campfire_rested":0,"playtime":913,"item_purchase_floors":[],"current_hp_per_floor":[80,77,79,79,79,79,57,48,48,48,52,45,32,26,26,13,80],"items_purged":["Defend_R","Defend_R"],"gold":174,"score":159,"play_id":"77cd3f83-cfea-4fbe-9270-b2b6a24b63c5","local_time":"20180530135638","is_prod":false,"is_daily":false,"chose_seed":false,"is_ascension_mode":false,"campfire_upgraded":2,"win_rate":0,"timestamp":1527681398,"campfire_choices":[{"data":"Offering","floor":6,"key":"SMITH"},{"data":"Havoc","floor":15,"key":"SMITH"}],"path_taken":["M","M","?","$","?","R","E","M","T","$","M","?","M","M","R","BOSS"],"build_version":"2018-05-24","seed_source_timestamp":1180809607408400,"purchased_purges":2,"victory":false,"master_deck":["Strike_R","Strike_R","Strike_R","Strike_R","Strike_R","Defend_R","Defend_R","Bash","Writhe","Offering+1","Sentinel+1","Combust","Shockwave","Havoc+1","True Grit","Exhume"],"max_hp_per_floor":[80,80,80,80,80,80,80,80,80,80,80,80,80,80,80,80,80],"relics":["Burning Blood","Toolbox","Self Forming Clay","Omamori","Sozu"],"card_choices":[{"not_picked":["Double Tap","Bludgeon"],"picked":"Offering","floor":0},{"not_picked":["Clothesline","Havoc"],"picked":"Sentinel","floor":1},{"not_picked":["Perfected Strike","Body Slam"],"picked":"Combust","floor":2},{"not_picked":["Flex","Clothesline","Perfected Strike"],"picked":"SKIP","floor":3},{"not_picked":["Limit Break","Anger","Twin Strike"],"picked":"SKIP","floor":7},{"not_picked":["Body Slam","Seeing Red"],"picked":"Shockwave","floor":8},{"not_picked":["Sword Boomerang","Anger","Headbutt"],"picked":"SKIP","floor":11},{"not_picked":["Headbutt","Iron Wave"],"picked":"Havoc","floor":13},{"not_picked":["Armaments","Headbutt"],"picked":"True Grit","floor":14},{"not_picked":["Double Tap","Immolate"],"picked":"Exhume","floor":16}],"player_experience":87506,"potions_floor_usage":[16,16],"damage_taken":[{"damage":5,"enemies":"Cultist","floor":1,"turns":4},{"damage":9,"enemies":"2 Louse","floor":2,"turns":2},{"damage":4,"enemies":"Small Slimes","floor":3,"turns":3},{"damage":28,"enemies":"Gremlin Nob","floor":7,"turns":4},{"damage":15,"enemies":"2 Fungi Beasts","floor":8,"turns":3},{"damage":6,"enemies":"3 Louse","floor":11,"turns":4},{"damage":19,"enemies":"Gremlin Gang","floor":13,"turns":4},{"damage":12,"enemies":"Looter","floor":14,"turns":3},{"damage":34,"enemies":"The Guardian","floor":16,"turns":14}],"relics_obtained":[{"floor":7,"key":"Toolbox"},{"floor":9,"key":"Self Forming Clay"}],"event_choices":[{"event_name":"Accursed Blacksmith","player_choice":"Forge","floor":5,"damage_taken":0},{"event_name":"Scrap Ooze","player_choice":"success","floor":12,"damage_taken":7}],"boss_relics":[{"not_picked":["Lizard Tail","Mark of Pain"],"picked":"Sozu"}],"items_purged_floors":[4,10],"potions_floor_spawned":[2,7,11,13,14],"seed_played":"1334140930221826780","ascension_level":0,"potions_obtained":[{"floor":2,"key":"SteroidPotion"},{"floor":7,"key":"Weak Potion"},{"floor":11,"key":"Regen Potion"},{"floor":13,"key":"Explosive Potion"}],"is_trial":false}