{"gold_per_floor":[118,68,68,119,139,172,247,266,266,281,281,292,292,167,167,267,267,282,282],"floor_reached":19,"playtime":1107,"items_purged":["Strike_R"],"score":242,"play_id":"5eadde7a-1d5d-4f80-9887-c883bfe6d7e3","local_time":"20180626221216","is_ascension_mode":true,"campfire_choices":[{"data":"Rampage","floor":11,"key":"SMITH"},{"data":"Rage","floor":13,"key":"SMITH"},{"data":"True Grit","floor":15,"key":"SMITH"}],"neow_cost":"TEN_PERCENT_HP_LOSS","seed_source_timestamp":866128795307884,"circlet_count":0,"master_deck":["Strike_R","Strike_R","Defend_R","Defend_R","Defend_R","Bash","Seeing Red","Sentinel","Rampage+1","Rage+1","Second Wind","True Grit+1","Immolate"],"relics":["Black Blood","Champion Belt","Singing Bowl","Pear","Potion Belt"],"potions_floor_usage":[16,18,19],"damage_taken":[{"damage":6,"enemies":"2 Louse","floor":1,"turns":3},{"damage":3,"enemies":"Small Slimes","floor":5,"turns":4},{"damage":35,"enemies":"Gremlin Nob","floor":6,"turns":5},{"damage":0,"enemies":"Cultist","floor":8,"turns":4},{"damage":9,"enemies":"Looter","floor":10,"turns":4},{"damage":3,"enemies":"Large Slime","floor":12,"turns":7},{"damage":28,"enemies":"Slime Boss","floor":16,"turns":10},{"damage":53,"enemies":"3 Byrds","floor":18,"turns":6},{"damage":46,"enemies":"Chosen","floor":19,"turns":6}],"seed_played":"-3516603234969143911","potions_obtained":[{"floor":6,"key":"Strength Potion"},{"floor":10,"key":"SteroidPotion"},{"floor":12,"key":"BloodPotion"}],"is_trial":false,"path_per_floor":["M","?","?","T","M","E","?","M","T","M","R","M","R","$","R","B",null,"M"],"character_chosen":"IRONCLAD","items_purchased":["True Grit"],"campfire_rested":0,"item_purchase_floors":[14],"current_hp_per_floor":[72,72,65,65,68,51,40,48,48,45,45,50,50,50,50,28,73,40,0],"gold":282,"neow_bonus":"TRANSFORM_TWO_CARDS","is_prod":false,"is_daily":false,"chose_seed":false,"campfire_upgraded":3,"win_rate":0,"timestamp":1530043936,"path_taken":["M","?","?","?","M","E","?","M","T","M","R","M","R","$","R","BOSS","M","M"],"build_version":"2018-06-21v2","purchased_purges":1,"victory":false,"max_hp_per_floor":[72,72,72,72,72,84,84,86,86,86,86,88,88,88,88,88,88,90,90],"card_choices":[{"not_picked":["Clothesline","Intimidate"],"picked":"Rampage","floor":1},{"not_picked":["Heavy Blade","Spot Weakness"],"picked":"Rage","floor":5},{"not_picked":["Clothesline","Shockwave","Sword Boomerang"],"picked":"Singing Bowl","floor":6},{"not_picked":["Dropkick","Twin Strike","Carnage"],"picked":"Singing Bowl","floor":8},{"not_picked":["Warcry","Armaments"],"picked":"Second Wind","floor":10},{"not_picked":["Corruption","Heavy Blade","Twin Strike"],"picked":"Singing Bowl","floor":12},{"not_picked":["Brutality","Feed"],"picked":"Immolate","floor":16},{"not_picked":["True Grit","Shrug It Off","Fire Breathing+1"],"picked":"Singing Bowl","floor":18}],"player_experience":360910,"relics_obtained":[{"floor":4,"key":"Singing Bowl"},{"floor":6,"key":"Pear"},{"floor":9,"key":"Potion Belt"}],"event_choices":[{"event_name":"The Cleric","player_choice":"Card Removal","floor":2,"damage_taken":0},{"event_name":"Scrap Ooze","player_choice":"success","floor":3,"damage_taken":7},{"event_name":"World of Goop","player_choice":"Gather Gold","floor":7,"damage_taken":0}],"boss_relics":[{"not_picked":["Orrery","Velvet Choker"],"picked":"Black Blood"}],"items_purged_floors":[14],"is_endless":false,"potions_floor_spawned":[6,10,12],"killed_by":"Chosen","ascension_level":9}