{"path_per_floor":["M","M","$","M","M","R","M","M","T","?","?","R","$","T","R","B",null,"M","$","?","M","?","R","M","M","T","M","M","?","M","M","R","B",null,"M","?","M","M","?","R","?","M","T","R","E","M","?","M","R","B"],"character_chosen":"THE_SILENT","items_purchased":["Caltrops","Footwork","Well Laid Plans"],"gold_per_floor":[111,124,9,19,37,37,52,63,133,233,183,183,10,33,33,129,129,129,51,51,0,0,0,0,0,0,0,0,0,0,0,0,0,0,0,0,0,0,0,0,0,0,0,0,0,0,0,0,0,0],"floor_reached":51,"campfire_rested":2,"playtime":20278,"item_purchase_floors":[3,13,19],"current_hp_per_floor":[60,60,60,59,53,53,53,53,53,53,53,53,53,53,53,34,61,46,46,46,37,37,37,36,37,37,36,36,23,35,47,69,42,67,57,63,51,54,76,76,76,69,69,69,60,56,56,56,84,27],"items_purged":["Defend_G","Strike_G"],"gold":0,"score":894,"play_id":"da5c223a-4d99-485e-9d55-2134b6ad2c8f","local_time":"20180610212820","is_prod":false,"is_daily":false,"chose_seed":false,"is_ascension_mode":true,"campfire_upgraded":6,"win_rate":0,"timestamp":1528658900,"campfire_choices":[{"data":"Caltrops","floor":6,"key":"SMITH"},{"data":"Crippling Poison","floor":12,"key":"SMITH"},{"data":"Cloak And Dagger","floor":15,"key":"SMITH"},{"data":"A Thousand Cuts","floor":23,"key":"SMITH"},{"floor":32,"key":"REST"},{"data":"Footwork","floor":40,"key":"SMITH"},{"data":"Backflip","floor":44,"key":"SMITH"},{"floor":49,"key":"REST"}],"path_taken":["M","M","$","M","M","R","M","M","T","?","?","R","?","?","R","BOSS","M","$","?","?","?","R","M","M","T","?","M","?","M","M","R","BOSS","M","?","M","?","?","R","?","M","T","R","E","M","?","?","R","BOSS"],"build_version":"2018-06-07v3","seed_source_timestamp":2138848611620991,"purchased_purges":2,"victory":true,"master_deck":["Defend_G","Defend_G","Defend_G","Strike_G","Strike_G","Strike_G","Strike_G","Survivor","Neutralize+1","PiercingWail","Cloak And Dagger+1","Caltrops+1","Crippling Poison+1","Leg Sweep","Footwork+1","A Thousand Cuts+1","Well Laid Plans","Backflip+1","Cloak And Dagger","Tools of the Trade","Caltrops+1","Writhe"],"max_hp_per_floor":[70,70,70,70,70,70,70,70,70,70,70,70,70,70,70,70,70,70,70,70,70,70,70,70,70,70,70,70,75,75,75,75,75,75,75,89,89,89,89,89,89,89,89,89,94,94,94,94,94,94],"relics":["Ring of the Snake","Meat on the Bone","Ancient Tea Set","Ectoplasm","Bronze Scales","Busted Crown","Mango","Letter Opener","Shuriken"],"card_choices":[{"not_picked":["Distraction","Poisoned Stab"],"picked":"PiercingWail","floor":1},{"not_picked":["Malaise","Deflect"],"picked":"Cloak And Dagger","floor":2},{"not_picked":["Dodge and Roll","Deadly Poison","Underhanded Strike"],"picked":"SKIP","floor":4},{"not_picked":["Slice","Deflect","Bane"],"picked":"SKIP","floor":5},{"not_picked":["Slice","Calculated Gamble"],"picked":"Crippling Poison","floor":7},{"not_picked":["Slice","Unload"],"picked":"Leg Sweep","floor":8},{"not_picked":["Storm of Steel","Venomology"],"picked":"A Thousand Cuts","floor":16},{"not_picked":["Setup","Skewer","Dash"],"picked":"SKIP","floor":18},{"not_picked":["Underhanded Strike+1","Finisher+1"],"picked":"Backflip","floor":21},{"not_picked":["Deflect","Bane","Concentrate+1"],"picked":"SKIP","floor":24},{"not_picked":["Dodge and Roll","Dagger Throw"],"picked":"Cloak And Dagger","floor":25},{"not_picked":["Dagger Spray","Choke","Flying Knee"],"picked":"SKIP","floor":27},{"not_picked":["Dodge and Roll","Flying Knee"],"picked":"Tools of the Trade","floor":28},{"not_picked":["Choke","Backflip","Bane"],"picked":"SKIP","floor":30},{"not_picked":["Quick Slash","Eviscerate","Expertise"],"picked":"SKIP","floor":31},{"not_picked":["Venomology","Storm of Steel"],"picked":"Glass Knife","floor":33},{"not_picked":["Deadly Poison"],"picked":"SKIP","floor":35},{"not_picked":[],"picked":"Caltrops+1","floor":37},{"not_picked":["Catalyst+1"],"picked":"SKIP","floor":38},{"not_picked":["Dagger Spray"],"picked":"SKIP","floor":42},{"not_picked":["Endless Agony+1"],"picked":"SKIP","floor":45},{"not_picked":["Bullet Time"],"picked":"SKIP","floor":46},{"not_picked":["Dodge and Roll"],"picked":"SKIP","floor":48}],"player_experience":293096,"potions_floor_usage":[7,16,21,27,36,38,45,45,50],"damage_taken":[{"damage":3,"enemies":"2 Louse","floor":1,"turns":3},{"damage":0,"enemies":"Cultist","floor":2,"turns":5},{"damage":1,"enemies":"Small Slimes","floor":4,"turns":4},{"damage":6,"enemies":"3 Louse","floor":5,"turns":3},{"damage":0,"enemies":"Exordium Wildlife","floor":7,"turns":5},{"damage":0,"enemies":"Blue Slaver","floor":8,"turns":5},{"damage":31,"enemies":"Slime Boss","floor":16,"turns":19},{"damage":15,"enemies":"Spheric Guardian","floor":18,"turns":5},{"damage":9,"enemies":"2 Thieves","floor":21,"turns":5},{"damage":1,"enemies":"Chosen and Byrds","floor":24,"turns":5},{"damage":11,"enemies":"Sentry and Sphere","floor":25,"turns":6},{"damage":1,"enemies":"Centurion and Healer","floor":27,"turns":7},{"damage":0,"enemies":"3 Cultists","floor":28,"turns":3},{"damage":0,"enemies":"Snecko","floor":30,"turns":5},{"damage":0,"enemies":"Snake Plant","floor":31,"turns":4},{"damage":27,"enemies":"Collector","floor":33,"turns":13},{"damage":10,"enemies":"3 Darklings","floor":35,"turns":4},{"damage":8,"floor":36,"turns":6},{"damage":12,"enemies":"Orb Walker","floor":37,"turns":4},{"damage":9,"enemies":"Sphere and 2 Shapes","floor":38,"turns":4},{"damage":7,"enemies":"Maw","floor":42,"turns":8},{"damage":14,"enemies":"2 Orb Walkers","floor":45,"turns":4},{"damage":4,"enemies":"3 Darklings","floor":46,"turns":5},{"damage":0,"enemies":"4 Shapes","floor":48,"turns":5},{"damage":69,"enemies":"Time Eater","floor":50,"turns":13}],"relics_obtained":[{"floor":9,"key":"Meat on the Bone"},{"floor":14,"key":"Ancient Tea Set"},{"floor":26,"key":"Bronze Scales"},{"floor":36,"key":"Mango"},{"floor":43,"key":"Letter Opener"},{"floor":45,"key":"Shuriken"}],"event_choices":[{"event_name":"Golden Shrine","player_choice":"Pray","floor":10,"damage_taken":0},{"event_name":"The Cleric","player_choice":"Card Removal","floor":11,"damage_taken":0},{"event_name":"Beggar","player_choice":"Ignored","floor":20,"damage_taken":0},{"event_name":"Masked Bandits","player_choice":"Paid Bandits 0 gold","floor":22,"damage_taken":0},{"event_name":"Forgotten Altar","player_choice":"Shed Blood","floor":29,"damage_taken":0},{"event_name":"Mysterious Sphere","player_choice":"Fight","floor":36,"damage_taken":0},{"event_name":"Winding Halls","player_choice":"Writhe","floor":39,"damage_taken":0},{"event_name":"Falling","player_choice":"Removed Attack","floor":41,"damage_taken":0},{"event_name":"Wheel of Change","player_choice":"Gold","floor":47,"damage_taken":0}],"boss_relics":[{"not_picked":["Velvet Choker","Calling Bell"],"picked":"Ectoplasm"},{"not_picked":["Sozu","Philosopher\u0027s Stone"],"picked":"Busted Crown"}],"items_purged_floors":[3,13],"potions_floor_spawned":[1,8,16,18,21,24,36,37,42,46],"seed_played":"2139366907472251013","ascension_level":7,"potions_obtained":[{"floor":1,"key":"Fire Potion"},{"floor":8,"key":"Swift Potion"},{"floor":16,"key":"Explosive Potion"},{"floor":18,"key":"SkillPotion"},{"floor":21,"key":"Fire Potion"},{"floor":24,"key":"GamblersBrew"},{"floor":36,"key":"Ancient Potion"},{"floor":37,"key":"Strength Potion"},{"floor":42,"key":"Fruit Juice"},{"floor":46,"key":"AttackPotion"}],"is_trial":false}