{"gold_per_floor":[115,132,207,97,117,127,27,27,27,27,41,41,75,94,94,199,199,216,226,226,101,114,114,114,114,114,127,127,141,152,185,185,288,288,298,48,61,74,0,0,0,0,27,1,34,50,50,79,79,79],"floor_reached":51,"playtime":4096,"items_purged":["Strike_R","Strike_R","Strike_R"],"score":1283,"play_id":"ece5700f-0f67-4321-b3dc-a746593fce8d","local_time":"20190513024327","is_ascension_mode":true,"campfire_choices":[{"data":"Corruption","floor":10,"key":"SMITH"},{"data":"Dropkick","floor":12,"key":"SMITH"},{"data":"Bash","floor":15,"key":"SMITH"},{"data":"Fiend Fire","floor":23,"key":"SMITH"},{"data":"Strike_R","floor":25,"key":"SMITH"},{"data":"Seeing Red","floor":32,"key":"SMITH"},{"data":"Exhume","floor":40,"key":"SMITH"},{"data":"Madness","floor":47,"key":"SMITH"},{"data":"Seeing Red","floor":49,"key":"SMITH"}],"neow_cost":"TEN_PERCENT_HP_LOSS","seed_source_timestamp":3759272778650088,"circlet_count":0,"master_deck":["AscendersBane","Strike_R+1","Defend_R","Defend_R","Bash+1","Shrug It Off+1","Corruption+1","Dropkick+1","Rage","Fiend Fire+1","Seeing Red+1","Shrug It Off+1","Clothesline+1","Exhume+1","Shockwave","Madness+1","Madness","Warcry","Rage+1","Seeing Red+1"],"relics":["Burning Blood","Dead Branch","Blue Candle","Turnip","Eternal Feather","War Paint","Torii","Empty Cage","Letter Opener","Red Mask","Pen Nib","Bag of Preparation","Ancient Tea Set"],"potions_floor_usage":[16,19,22,30,31,38],"damage_taken":[{"damage":2,"enemies":"Jaw Worm","floor":1,"turns":3},{"damage":0,"enemies":"Cultist","floor":2,"turns":4},{"damage":4,"enemies":"Small Slimes","floor":5,"turns":5},{"damage":0,"enemies":"2 Fungi Beasts","floor":6,"turns":2},{"damage":2,"enemies":"Large Slime","floor":11,"turns":2},{"damage":15,"enemies":"3 Sentries","floor":13,"turns":4},{"damage":4,"enemies":"Blue Slaver","floor":14,"turns":2},{"damage":40,"enemies":"Hexaghost","floor":16,"turns":6},{"damage":16,"enemies":"Chosen","floor":18,"turns":4},{"damage":15,"enemies":"Shell Parasite","floor":19,"turns":3},{"damage":0,"enemies":"Cultist and Chosen","floor":22,"turns":4},{"damage":6,"enemies":"Snake Plant","floor":27,"turns":3},{"damage":18,"enemies":"Shelled Parasite and Fungi","floor":29,"turns":3},{"damage":7,"enemies":"3 Cultists","floor":30,"turns":3},{"damage":7,"enemies":"Slavers","floor":31,"turns":3},{"damage":0,"enemies":"Automaton","floor":33,"turns":2},{"damage":0,"enemies":"Orb Walker","floor":35,"turns":3},{"damage":11,"enemies":"3 Shapes","floor":37,"turns":3},{"damage":4,"enemies":"Maw","floor":38,"turns":4},{"damage":0,"enemies":"Reptomancer","floor":45,"turns":3},{"damage":1,"enemies":"Jaw Worm Horde","floor":46,"turns":2},{"damage":23,"enemies":"Nemesis","floor":48,"turns":5},{"damage":26,"enemies":"Donu and Deca","floor":50,"turns":7}],"seed_played":"2255590970882669731","potions_obtained":[{"floor":6,"key":"BloodPotion"},{"floor":13,"key":"Explosive Potion"},{"floor":19,"key":"SkillPotion"},{"floor":29,"key":"SpeedPotion"},{"floor":30,"key":"GamblersBrew"},{"floor":33,"key":"Dexterity Potion"},{"floor":37,"key":"Swift Potion"},{"floor":46,"key":"Dexterity Potion"}],"is_trial":false,"path_per_floor":["M","M","?","$","M","M","$","?","T","R","M","R","E","M","R","B",null,"M","M","?","$","M","R","$","R","T","M","?","M","M","E","R","B",null,"M","$","M","M","?","R","?","?","T","$","E","M","R","E","R","B",null],"character_chosen":"IRONCLAD","items_purchased":["Corruption","Letter Opener","Warcry"],"campfire_rested":0,"item_purchase_floors":[4,36,44],"current_hp_per_floor":[72,72,61,61,63,69,69,69,69,69,72,72,63,65,65,38,64,54,45,45,45,51,60,60,69,69,69,69,57,56,55,64,70,72,72,72,67,69,69,72,72,63,63,63,69,72,72,55,67,47],"gold":79,"neow_bonus":"ONE_RARE_RELIC","is_prod":false,"is_daily":false,"chose_seed":false,"campfire_upgraded":9,"win_rate":0,"timestamp":1557708207,"path_taken":["M","M","?","$","M","M","$","?","T","R","M","R","E","?","R","BOSS","M","M","?","$","M","R","$","R","T","?","?","M","M","E","R","BOSS","M","$","M","M","?","R","?","?","T","?","E","?","R","E","R","BOSS"],"build_version":"2019-01-23","purchased_purges":3,"victory":true,"max_hp_per_floor":[72,72,72,72,72,72,72,72,72,72,72,72,72,72,72,72,72,72,72,72,72,72,72,72,72,72,72,72,72,72,72,72,72,72,72,72,72,72,72,72,72,72,72,72,72,72,72,72,72,72],"card_choices":[{"not_picked":["Heavy Blade","Clash"],"picked":"Shrug It Off","floor":1},{"not_picked":["Shrug It Off","Pummel","Clash"],"picked":"SKIP","floor":2},{"not_picked":["Inflame","Disarm","Clothesline"],"picked":"SKIP","floor":5},{"not_picked":["Wild Strike","Metallicize","Clash"],"picked":"SKIP","floor":6},{"not_picked":["Sentinel","Flex","Rupture"],"picked":"SKIP","floor":11},{"not_picked":["Flame Barrier","Battle Trance"],"picked":"Rage","floor":13},{"not_picked":["Cleave","Power Through","Headbutt"],"picked":"SKIP","floor":14},{"not_picked":["Offering","Juggernaut"],"picked":"Fiend Fire","floor":16},{"not_picked":["Clash","Entrench"],"picked":"Seeing Red","floor":18},{"not_picked":["Armaments","Iron Wave"],"picked":"Shrug It Off","floor":19},{"not_picked":["Sword Boomerang","Searing Blow"],"picked":"Clothesline+1","floor":22},{"not_picked":["Twin Strike","Havoc","Wild Strike"],"picked":"SKIP","floor":27},{"not_picked":["Bludgeon","Shrug It Off","Thunderclap"],"picked":"SKIP","floor":29},{"not_picked":["Body Slam","Clothesline","Inflame"],"picked":"SKIP","floor":30},{"not_picked":["Cleave","True Grit","Twin Strike"],"picked":"SKIP","floor":31},{"not_picked":["Demon Form","Impervious"],"picked":"Exhume","floor":33},{"not_picked":["Burning Pact","Heavy Blade"],"picked":"Shockwave","floor":35},{"not_picked":["Thunderclap","Infernal Blade+1","Battle Trance"],"picked":"SKIP","floor":37},{"not_picked":["Twin Strike","Ghostly Armor","True Grit"],"picked":"SKIP","floor":38},{"not_picked":["True Grit+1","Warcry+1"],"picked":"Rage+1","floor":45},{"not_picked":["Spot Weakness+1","Power Through","Disarm"],"picked":"SKIP","floor":46},{"not_picked":["Blood for Blood","Rage+1"],"picked":"Seeing Red","floor":48}],"player_experience":535354,"relics_obtained":[{"floor":9,"key":"Blue Candle"},{"floor":13,"key":"Turnip"},{"floor":26,"key":"War Paint"},{"floor":31,"key":"Torii"},{"floor":43,"key":"Pen Nib"},{"floor":45,"key":"Bag of Preparation"},{"floor":48,"key":"Ancient Tea Set"}],"event_choices":[{"damage_healed":0,"gold_gain":75,"player_choice":"Gather Gold","damage_taken":11,"max_hp_gain":0,"max_hp_loss":0,"event_name":"World of Goop","floor":3,"gold_loss":0},{"damage_healed":0,"gold_gain":0,"player_choice":"1 cards matched","damage_taken":0,"max_hp_gain":0,"max_hp_loss":0,"event_name":"Match and Keep!","floor":8,"gold_loss":0,"cards_obtained":["Dropkick"]},{"damage_healed":0,"gold_gain":0,"player_choice":"Bought 0 Potions","damage_taken":0,"max_hp_gain":0,"max_hp_loss":0,"event_name":"The Woman in Blue","floor":20,"gold_loss":0},{"damage_healed":0,"gold_gain":0,"player_choice":"Ignored","damage_taken":0,"max_hp_gain":0,"max_hp_loss":0,"event_name":"Vampires","floor":28,"gold_loss":0},{"damage_healed":0,"gold_gain":0,"player_choice":"Paid","damage_taken":0,"relics_obtained":["Red Mask"],"max_hp_gain":0,"max_hp_loss":0,"event_name":"Tomb of Lord Red Mask","floor":39,"gold_loss":74},{"cards_removed":["Defend_R"],"damage_healed":0,"gold_gain":0,"player_choice":"Removed Skill","damage_taken":0,"max_hp_gain":0,"max_hp_loss":0,"event_name":"Falling","floor":41,"gold_loss":0},{"damage_healed":0,"gold_gain":0,"player_choice":"Embrace Madness","damage_taken":9,"max_hp_gain":0,"max_hp_loss":0,"event_name":"Winding Halls","floor":42,"gold_loss":0,"cards_obtained":["Madness","Madness"]}],"is_beta":false,"boss_relics":[{"not_picked":["Runic Pyramid","Astrolabe"],"picked":"Eternal Feather"},{"not_picked":["Snecko Eye","Cursed Key"],"picked":"Empty Cage"}],"items_purged_floors":[4,7,21],"is_endless":false,"potions_floor_spawned":[6,13,14,19,29,30,33,37,46],"ascension_level":12}