{"gold_per_floor":[116,191,206,13,45,45,103,103,157,192,209,44,88,128,128,255,255,295,295,336,374,374,374,415,415,415,415,442,12,50,97,109,121],"floor_reached":33,"playtime":1865,"items_purged":["Strike_R"],"score":404,"play_id":"e9abdada-0a66-4ee3-b48b-04ed951d301b","local_time":"20190105133953","is_ascension_mode":true,"campfire_choices":[{"data":"HandOfGreed","floor":6,"key":"SMITH"},{"floor":15,"key":"REST"},{"floor":23,"key":"REST"},{"floor":25,"key":"REST"},{"data":"Armaments","floor":27,"key":"SMITH"},{"floor":32,"key":"REST"}],"neow_cost":"NONE","seed_source_timestamp":755153614601752,"circlet_count":0,"master_deck":["AscendersBane","Strike_R","Strike_R","Strike_R","Strike_R","Defend_R","Defend_R","Defend_R","Defend_R","Bash","Anger","Cleave","HandOfGreed+1","Spot Weakness","Thunderclap","Infernal Blade","Barricade","Battle Trance","Offering","Decay","Parasite","Regret","Shrug It Off","Armaments+1","Intimidate+1","Feed","Ghostly Armor","Chrysalis","Flame Barrier","Rage"],"relics":["Burning Blood","Smiling Mask","Art of War","Tiny Chest","Calling Bell","Oddly Smooth Stone","Blue Candle","Gambling Chip","Paper Frog","Shuriken","Sundial","Bag of Marbles","MawBank"],"potions_floor_usage":[10,16,16,16,16,20,24,30,33,33],"damage_taken":[{"damage":7,"enemies":"2 Louse","floor":1,"turns":3},{"damage":4,"enemies":"Jaw Worm","floor":3,"turns":4},{"damage":1,"enemies":"Cultist","floor":5,"turns":3},{"damage":41,"enemies":"Lagavulin","floor":7,"turns":6},{"damage":0,"enemies":"Large Slime","floor":10,"turns":4},{"damage":14,"enemies":"Blue Slaver","floor":11,"turns":4},{"damage":4,"enemies":"3 Louse","floor":13,"turns":3},{"damage":2,"enemies":"Gremlin Gang","floor":14,"turns":3},{"damage":50,"enemies":"The Guardian","floor":16,"turns":11},{"damage":38,"enemies":"Spheric Guardian","floor":18,"turns":5},{"damage":21,"enemies":"3 Byrds","floor":20,"turns":4},{"damage":25,"enemies":"Snake Plant","floor":21,"turns":3},{"damage":42,"enemies":"Shelled Parasite and Fungi","floor":24,"turns":5},{"damage":42,"enemies":"Book of Stabbing","floor":28,"turns":4},{"damage":17,"enemies":"Centurion and Healer","floor":30,"turns":5},{"damage":57,"enemies":"Champ","floor":33,"turns":7}],"seed_played":"5411336029655873159","potions_obtained":[{"floor":8,"key":"Swift Potion"},{"floor":8,"key":"EntropicBrew"},{"floor":8,"key":"AttackPotion"},{"floor":10,"key":"EssenceOfSteel"},{"floor":20,"key":"LiquidBronze"},{"floor":21,"key":"BloodPotion"},{"floor":30,"key":"GamblersBrew"}],"is_trial":false,"path_per_floor":["M","?","M","$","M","R","E","?","T","M","M","$","M","M","R","B",null,"M","?","M","M","?","R","M","R","T","R","E","$","M","T","R","B"],"character_chosen":"IRONCLAD","items_purchased":["HandOfGreed","Tiny Chest","Bag of Marbles","Chrysalis","Flame Barrier"],"campfire_rested":4,"item_purchase_floors":[4,12,29,29,29],"current_hp_per_floor":[79,68,70,70,75,75,40,40,40,46,38,38,40,44,70,26,73,41,70,55,36,36,62,34,60,60,60,27,27,19,19,47,0],"gold":121,"neow_bonus":"TEN_PERCENT_HP_BONUS","is_prod":false,"is_daily":false,"chose_seed":false,"campfire_upgraded":2,"win_rate":0,"timestamp":1546713593,"path_taken":["M","?","M","$","M","R","E","?","T","?","M","$","M","M","R","BOSS","M","?","M","M","?","R","M","R","T","R","E","$","M","?","R","BOSS"],"build_version":"2019-01-03v4","purchased_purges":1,"victory":false,"max_hp_per_floor":[88,88,88,88,88,88,88,88,88,88,88,88,88,88,88,88,88,88,88,88,88,88,88,88,88,88,88,91,91,94,94,94,94],"card_choices":[{"not_picked":["Warcry","Corruption"],"picked":"Anger","floor":1},{"not_picked":["Entrench","Power Through"],"picked":"Cleave","floor":3},{"not_picked":["Infernal Blade","Heavy Blade"],"picked":"Spot Weakness","floor":5},{"not_picked":["Anger","Sword Boomerang"],"picked":"Thunderclap","floor":7},{"not_picked":["Clash","Flex","Feel No Pain"],"picked":"SKIP","floor":10},{"not_picked":["Clothesline","Power Through"],"picked":"Infernal Blade","floor":11},{"not_picked":["Twin Strike","Metallicize"],"picked":"Barricade","floor":13},{"not_picked":["Anger","Rampage"],"picked":"Battle Trance","floor":14},{"not_picked":["Reaper","Berserk"],"picked":"Offering","floor":16},{"not_picked":["Wild Strike","Pommel Strike"],"picked":"Shrug It Off","floor":18},{"not_picked":["Power Through+1","Dual Wield"],"picked":"Armaments","floor":20},{"not_picked":["Heavy Blade","Wild Strike"],"picked":"Intimidate+1","floor":21},{"not_picked":["Pommel Strike","Wild Strike"],"picked":"Feed","floor":24},{"not_picked":["Cleave","Clothesline"],"picked":"Ghostly Armor","floor":28},{"not_picked":["Searing Blow+1","Sword Boomerang"],"picked":"Rage","floor":30}],"player_experience":1707782,"relics_obtained":[{"floor":7,"key":"Smiling Mask"},{"floor":9,"key":"Art of War"},{"floor":17,"key":"Oddly Smooth Stone"},{"floor":17,"key":"Blue Candle"},{"floor":17,"key":"Gambling Chip"},{"floor":26,"key":"Shuriken"},{"floor":28,"key":"Sundial"},{"floor":31,"key":"MawBank"}],"event_choices":[{"damage_healed":0,"gold_gain":75,"player_choice":"Gather Gold","damage_taken":11,"max_hp_gain":0,"max_hp_loss":0,"event_name":"World of Goop","floor":2,"gold_loss":0},{"damage_healed":0,"gold_gain":0,"player_choice":"Got Potions","damage_taken":0,"max_hp_gain":0,"max_hp_loss":0,"event_name":"Lab","floor":8,"gold_loss":0},{"damage_healed":29,"gold_gain":0,"player_choice":"Heal","damage_taken":0,"max_hp_gain":0,"max_hp_loss":0,"event_name":"The Library","floor":19,"gold_loss":0},{"damage_healed":0,"gold_gain":0,"player_choice":"Opened","damage_taken":0,"relics_obtained":["Paper Frog"],"max_hp_gain":0,"max_hp_loss":0,"event_name":"The Mausoleum","floor":22,"gold_loss":0}],"is_beta":false,"boss_relics":[{"not_picked":["Pandora\u0027s Box","Black Blood"],"picked":"Calling Bell"}],"items_purged_floors":[12],"is_endless":false,"potions_floor_spawned":[10,11,14,20,21,30],"killed_by":"Champ","ascension_level":10}