{"gold_per_floor":[214,16,33,46,57,57,84,84,84,110,110,110,110,121,121,198,198,208,188,188],"floor_reached":20,"playtime":1163,"items_purged":[],"score":331,"play_id":"e048db77-c49c-4dea-bacb-85e72d4e5f6a","local_time":"20190512222930","is_ascension_mode":true,"campfire_choices":[{"data":"Glacier","floor":6,"key":"SMITH"},{"data":"Conserve Battery","floor":8,"key":"SMITH"},{"data":"Static Discharge","floor":12,"key":"SMITH"},{"data":"Machine Learning","floor":15,"key":"SMITH"}],"neow_cost":"NONE","seed_source_timestamp":0,"circlet_count":0,"master_deck":["AscendersBane","Strike_B","Strike_B","Strike_B","Strike_B","Defend_B","Defend_B","Defend_B","Defend_B","Zap","Dualcast","Coolheaded","Glacier+1","Conserve Battery+1","Melter","Self Repair","Static Discharge+1","Machine Learning+1","Machine Learning","Gash+1"],"special_seed":0,"relics":["Cracked Core","Bronze Scales","Incense Burner","Ornamental Fan","Bottled Flame","Gremlin Horn","Eternal Feather"],"potions_floor_usage":[19],"damage_taken":[{"damage":7,"enemies":"Jaw Worm","floor":1,"turns":4},{"damage":0,"enemies":"Cultist","floor":3,"turns":4},{"damage":0,"enemies":"2 Louse","floor":4,"turns":3},{"damage":3,"enemies":"2 Fungi Beasts","floor":5,"turns":4},{"damage":5,"enemies":"Lagavulin","floor":7,"turns":9},{"damage":20,"enemies":"3 Sentries","floor":10,"turns":8},{"damage":5,"enemies":"Exordium Thugs","floor":14,"turns":5},{"damage":14,"enemies":"The Guardian","floor":16,"turns":13},{"damage":34,"enemies":"Shell Parasite","floor":18,"turns":5},{"damage":29,"enemies":"2 Thieves","floor":19,"turns":4},{"damage":14,"enemies":"3 Cultists","floor":20,"turns":3}],"seed_played":"3776580533367771012","potions_obtained":[{"floor":1,"key":"Ancient Potion"},{"floor":10,"key":"Dexterity Potion"},{"floor":18,"key":"PowerPotion"}],"is_trial":false,"path_per_floor":["M","$","M","M","M","R","E","R","T","E","?","R","T","M","R","B",null,"M","M","M"],"character_chosen":"DEFECT","items_purchased":["Glacier","Bronze Scales"],"campfire_rested":0,"item_purchase_floors":[2,2],"current_hp_per_floor":[57,57,57,57,54,54,56,56,56,43,43,43,43,45,45,38,63,36,14,0],"gold":188,"neow_bonus":"HUNDRED_GOLD","is_prod":false,"is_daily":false,"chose_seed":false,"campfire_upgraded":4,"win_rate":0,"timestamp":1557714570,"path_taken":["M","$","M","M","M","R","E","R","T","E","?","R","?","?","R","BOSS","M","M","?"],"build_version":"2019-01-23","purchased_purges":0,"victory":false,"max_hp_per_floor":[71,71,71,71,71,71,71,71,71,71,71,71,71,71,71,71,71,71,71,71],"card_choices":[{"not_picked":["Rebound","Turbo"],"picked":"Coolheaded","floor":1},{"not_picked":["Streamline","Hologram"],"picked":"Conserve Battery","floor":3},{"not_picked":["Barrage","Hologram"],"picked":"Melter","floor":4},{"not_picked":["Sweeping Beam","Steam"],"picked":"Self Repair","floor":5},{"not_picked":["Steam","Stack","Turbo"],"picked":"SKIP","floor":7},{"not_picked":["Double Energy","Conserve Battery"],"picked":"Static Discharge","floor":10},{"not_picked":["Stack","Turbo"],"picked":"Machine Learning","floor":14},{"not_picked":["Reboot","Hyperbeam"],"picked":"Machine Learning","floor":16},{"not_picked":["Steam","Conserve Battery","Aggregate+1"],"picked":"SKIP","floor":18},{"not_picked":["Rip and Tear","Leap"],"picked":"Gash+1","floor":19}],"player_experience":2909632,"relics_obtained":[{"floor":7,"key":"Incense Burner"},{"floor":9,"key":"Ornamental Fan"},{"floor":10,"key":"Bottled Flame"},{"floor":13,"key":"Gremlin Horn"}],"event_choices":[{"damage_healed":0,"gold_gain":0,"player_choice":"Ignored","damage_taken":0,"max_hp_gain":0,"max_hp_loss":0,"event_name":"Golden Idol","floor":11,"gold_loss":0}],"is_beta":false,"boss_relics":[{"not_picked":["Astrolabe","Lizard Tail"],"picked":"Eternal Feather"}],"items_purged_floors":[],"is_endless":false,"potions_floor_spawned":[1,10,16,18],"killed_by":"3 Cultists","ascension_level":16}