{"gold_per_floor":[113,113,113,129,141,158,170,195,249,249,8,28,47,63,63,63],"floor_reached":16,"playtime":722,"items_purged":[],"score":159,"play_id":"2168fe38-8794-4893-8174-c690306101c0","local_time":"20190323155504","is_ascension_mode":true,"campfire_choices":[{"floor":10,"key":"REST"},{"floor":15,"key":"REST"}],"neow_cost":"NONE","seed_source_timestamp":200325646011000,"circlet_count":0,"master_deck":["AscendersBane","Strike_B","Strike_B","Strike_B","Strike_B","Defend_B","Defend_B","Defend_B","Defend_B","Zap","Dualcast","Defragment","Decay","Cold Snap","Glacier","Fusion","Reinforced Body","Meteor Strike","Darkness","BootSequence","Leap","Defragment","Storm"],"relics":["Cracked Core","Dream Catcher","Pen Nib","Mummified Hand"],"potions_floor_usage":[13,16,16],"damage_taken":[{"damage":0,"enemies":"2 Louse","floor":1,"turns":1},{"damage":12,"enemies":"Small Slimes","floor":4,"turns":3},{"damage":2,"enemies":"Cultist","floor":5,"turns":3},{"damage":2,"enemies":"2 Fungi Beasts","floor":6,"turns":5},{"damage":24,"enemies":"Exordium Wildlife","floor":7,"turns":7},{"damage":15,"enemies":"Gremlin Nob","floor":8,"turns":5},{"damage":3,"enemies":"Blue Slaver","floor":12,"turns":4},{"damage":20,"enemies":"Exordium Thugs","floor":13,"turns":4},{"damage":8,"enemies":"2 Fungi Beasts","floor":14,"turns":4},{"damage":45,"enemies":"Slime Boss","floor":16,"turns":6}],"seed_played":"2601551134961732717","potions_obtained":[{"floor":1,"key":"Energy Potion"},{"floor":4,"key":"SpeedPotion"},{"floor":6,"key":"Strength Potion"},{"floor":14,"key":"PowerPotion"}],"is_trial":false,"path_per_floor":["M","?","?","M","M","M","M","E","T","R","$","M","M","M","R","B"],"character_chosen":"DEFECT","items_purchased":["Mummified Hand"],"campfire_rested":2,"item_purchase_floors":[11],"current_hp_per_floor":[75,75,75,63,61,59,35,20,20,44,44,41,21,13,37,0],"gold":63,"neow_bonus":"TEN_PERCENT_HP_BONUS","is_prod":false,"is_daily":false,"chose_seed":false,"campfire_upgraded":0,"win_rate":0,"timestamp":1553370904,"path_taken":["M","?","?","M","M","?","M","E","T","R","$","M","M","M","R","BOSS"],"build_version":"2019-01-23","purchased_purges":0,"victory":false,"max_hp_per_floor":[82,82,82,82,82,82,82,82,82,82,82,82,82,82,82,82],"card_choices":[{"not_picked":["Sweeping Beam","Rebound"],"picked":"Defragment","floor":1},{"not_picked":["Go for the Eyes","Stack"],"picked":"Cold Snap","floor":4},{"not_picked":["Static Discharge","Chaos"],"picked":"Glacier","floor":5},{"not_picked":["Cold Snap","Hologram"],"picked":"Fusion","floor":6},{"not_picked":["Go for the Eyes","Rebound"],"picked":"Reinforced Body","floor":7},{"not_picked":["Coolheaded","Barrage"],"picked":"Meteor Strike","floor":8},{"not_picked":["Storm","Cold Snap"],"picked":"Darkness","floor":10},{"not_picked":["Cold Snap","Streamline"],"picked":"BootSequence","floor":12},{"not_picked":["Rebound","Stack"],"picked":"Leap","floor":13},{"not_picked":["Stack","Scrape"],"picked":"Defragment","floor":14},{"not_picked":["Go for the Eyes","Cold Snap"],"picked":"Storm","floor":15}],"player_experience":2501991,"relics_obtained":[{"floor":8,"key":"Dream Catcher"},{"floor":9,"key":"Pen Nib"}],"event_choices":[{"damage_healed":0,"gold_gain":0,"player_choice":"Ignored","damage_taken":0,"max_hp_gain":0,"max_hp_loss":0,"event_name":"Golden Idol","floor":2,"gold_loss":0},{"damage_healed":0,"gold_gain":0,"player_choice":"Cursed","damage_taken":0,"max_hp_gain":0,"max_hp_loss":0,"event_name":"Wheel of Change","floor":3,"gold_loss":0,"cards_obtained":["Decay"]}],"is_beta":false,"boss_relics":[],"items_purged_floors":[],"is_endless":false,"potions_floor_spawned":[1,4,6,14],"killed_by":"Slime Boss","ascension_level":10}