{"gold_per_floor":[218,233,233,250,250,250,250,250,275,305,305,324,340,369,369,369],"floor_reached":16,"playtime":834,"items_purged":[],"score":180,"play_id":"fc486011-6429-42b7-91b2-d6426fcbd4b6","local_time":"20190521021947","is_ascension_mode":true,"campfire_choices":[{"data":"Bash","floor":6,"key":"SMITH"},{"floor":11,"key":"REST"},{"data":"Anger","floor":15,"key":"SMITH"}],"neow_cost":"NONE","seed_source_timestamp":394064770478956,"circlet_count":0,"master_deck":["AscendersBane","Strike_R","Strike_R","Strike_R","Strike_R","Defend_R","Defend_R","Defend_R","Defend_R","Bash+1","Pummel","Shrug It Off","Battle Trance","Anger+1","Intimidate"],"relics":["Burning Blood","Boot","Centennial Puzzle","Shuriken","Odd Mushroom"],"potions_floor_usage":[13,16],"damage_taken":[{"damage":8,"enemies":"Jaw Worm","floor":1,"turns":4},{"damage":2,"enemies":"Small Slimes","floor":2,"turns":4},{"damage":5,"enemies":"2 Louse","floor":4,"turns":3},{"damage":32,"enemies":"Lagavulin","floor":10,"turns":5},{"damage":3,"enemies":"Blue Slaver","floor":12,"turns":6},{"damage":3,"enemies":"Looter","floor":13,"turns":2},{"damage":15,"enemies":"The Mushroom Lair","floor":14,"turns":4},{"damage":47,"enemies":"The Guardian","floor":16,"turns":13}],"seed_played":"-2593061147708545956","potions_obtained":[{"floor":10,"key":"SteroidPotion"},{"floor":12,"key":"Energy Potion"},{"floor":14,"key":"Weak Potion"}],"is_trial":false,"path_per_floor":["M","M","$","M","?","R","?","?","T","E","R","M","M","?","R","B"],"character_chosen":"IRONCLAD","items_purchased":[],"campfire_rested":1,"item_purchase_floors":[],"current_hp_per_floor":[66,70,70,71,71,71,64,53,53,27,49,52,55,46,46,0],"gold":369,"neow_bonus":"HUNDRED_GOLD","is_prod":false,"is_daily":false,"chose_seed":false,"campfire_upgraded":2,"win_rate":0,"timestamp":1558376387,"path_taken":["M","M","$","M","?","R","?","?","T","E","R","M","M","?","R","BOSS"],"build_version":"2019-01-23","purchased_purges":0,"victory":false,"max_hp_per_floor":[75,75,75,75,75,75,75,75,75,75,75,75,75,75,75,75],"card_choices":[{"not_picked":["Sword Boomerang","Havoc"],"picked":"Pummel","floor":1},{"not_picked":["Uppercut","Warcry"],"picked":"Shrug It Off","floor":2},{"not_picked":["Flex","Perfected Strike","Bloodletting"],"picked":"SKIP","floor":4},{"not_picked":["Berserk","Havoc"],"picked":"Battle Trance","floor":10},{"not_picked":["Sword Boomerang","Fire Breathing"],"picked":"Anger","floor":12},{"not_picked":["Iron Wave","Power Through","Perfected Strike"],"picked":"SKIP","floor":13},{"not_picked":["Second Wind","Fire Breathing"],"picked":"Intimidate","floor":14}],"player_experience":551058,"relics_obtained":[{"floor":9,"key":"Centennial Puzzle"},{"floor":10,"key":"Shuriken"},{"floor":14,"key":"Odd Mushroom"}],"event_choices":[{"damage_healed":0,"gold_gain":0,"player_choice":"Ignored","damage_taken":0,"max_hp_gain":0,"max_hp_loss":0,"event_name":"Liars Game","floor":5,"gold_loss":0},{"cards_removed":["Strike_R"],"damage_healed":0,"gold_gain":0,"player_choice":"Card Removal","damage_taken":7,"max_hp_gain":0,"max_hp_loss":0,"event_name":"Golden Wing","floor":7,"gold_loss":0},{"damage_healed":0,"gold_gain":0,"player_choice":"Success","damage_taken":11,"relics_obtained":["Boot"],"max_hp_gain":0,"max_hp_loss":0,"event_name":"Scrap Ooze","floor":8,"gold_loss":0},{"damage_healed":0,"gold_gain":0,"player_choice":"Fought Mushrooms","damage_taken":0,"max_hp_gain":0,"max_hp_loss":0,"event_name":"Mushrooms","floor":14,"gold_loss":0}],"is_beta":false,"boss_relics":[],"items_purged_floors":[],"is_endless":false,"potions_floor_spawned":[10,12,14],"killed_by":"The Guardian","ascension_level":16}