{"gold_per_floor":[213,213,213,213,288,288,300,316,386,436,436,319,333,346,346,418,418,436,224,224,239,239,239],"floor_reached":23,"playtime":1092,"items_purged":["Strike_R"],"score":358,"play_id":"891eb699-a302-43e3-b8e9-2865079d1fd4","local_time":"20190510144743","is_ascension_mode":true,"campfire_choices":[{"floor":6,"key":"REST"},{"data":"Infernal Blade","floor":11,"key":"SMITH"},{"data":"Reaper","floor":15,"key":"SMITH"}],"neow_cost":"NONE","seed_source_timestamp":1282816008977966,"circlet_count":0,"master_deck":["AscendersBane","Strike_R","Strike_R+1","Defend_R","Defend_R+1","Defend_R","Defend_R","Bash","Corruption","Reaper+1","Headbutt","Infernal Blade+1","Ghostly Armor","Rampage","Brutality","Offering","Armaments+1"],"relics":["Burning Blood","Pantograph","Lizard Tail","Lee\u0027s Waffle"],"potions_floor_usage":[7,14,14,18,23],"damage_taken":[{"damage":10,"enemies":"2 Louse","floor":1,"turns":3},{"damage":2,"enemies":"Jaw Worm","floor":7,"turns":3},{"damage":9,"enemies":"Small Slimes","floor":8,"turns":5},{"damage":8,"enemies":"3 Louse","floor":13,"turns":5},{"damage":34,"enemies":"Exordium Thugs","floor":14,"turns":8},{"damage":36,"enemies":"The Guardian","floor":16,"turns":12},{"damage":92,"enemies":"3 Byrds","floor":18,"turns":7},{"damage":38,"enemies":"Shell Parasite","floor":21,"turns":5},{"damage":78,"enemies":"Book of Stabbing","floor":23,"turns":5}],"seed_played":"-6611630694374908613","potions_obtained":[{"floor":1,"key":"Block Potion"},{"floor":7,"key":"SteroidPotion"},{"floor":13,"key":"BloodPotion"},{"floor":16,"key":"BloodPotion"},{"floor":21,"key":"SteroidPotion"}],"is_trial":false,"path_per_floor":["M","?","?","?","?","R","M","M","T","?","R","$","M","M","R","B",null,"M","$","?","M","?","E"],"character_chosen":"IRONCLAD","items_purchased":["Ghostly Armor","Lee\u0027s Waffle"],"campfire_rested":1,"item_purchase_floors":[12,19],"current_hp_per_floor":[64,41,34,34,23,45,49,50,50,43,43,43,49,40,40,42,67,33,82,82,50,66,0],"gold":239,"neow_bonus":"HUNDRED_GOLD","is_prod":false,"is_daily":false,"chose_seed":false,"campfire_upgraded":2,"win_rate":0,"timestamp":1557508663,"path_taken":["M","?","?","?","?","R","M","M","T","?","R","$","M","M","R","BOSS","M","$","?","M","?","E"],"build_version":"2019-01-23","purchased_purges":1,"victory":false,"max_hp_per_floor":[75,75,75,75,75,75,75,75,75,75,75,75,75,75,75,75,75,75,82,82,82,82,82],"card_choices":[{"not_picked":["Metallicize","Headbutt"],"picked":"Corruption","floor":1},{"not_picked":["Rupture","Rage"],"picked":"Headbutt","floor":7},{"not_picked":["Twin Strike","Cleave"],"picked":"Infernal Blade","floor":8},{"not_picked":["Clothesline","Havoc"],"picked":"Rampage","floor":13},{"not_picked":["Pummel","Flex"],"picked":"Brutality","floor":14},{"not_picked":["Immolate","Bludgeon"],"picked":"Offering","floor":16},{"not_picked":["Twin Strike","Corruption"],"picked":"Armaments+1","floor":18},{"not_picked":["Heavy Blade","Disarm","Headbutt"],"picked":"SKIP","floor":21}],"player_experience":1191903,"relics_obtained":[{"floor":9,"key":"Pantograph"}],"event_choices":[{"damage_healed":0,"gold_gain":0,"player_choice":"Entered Light","damage_taken":23,"max_hp_gain":0,"max_hp_loss":0,"event_name":"Shining Light","floor":2,"gold_loss":0,"cards_upgraded":["Strike_R","Defend_R"]},{"cards_removed":["Strike_R"],"damage_healed":0,"gold_gain":0,"player_choice":"Card Removal","damage_taken":7,"max_hp_gain":0,"max_hp_loss":0,"event_name":"Golden Wing","floor":3,"gold_loss":0},{"damage_healed":0,"gold_gain":0,"cards_transformed":["Strike_R"],"player_choice":"Change","damage_taken":0,"max_hp_gain":0,"max_hp_loss":0,"event_name":"Living Wall","floor":4,"gold_loss":0,"cards_obtained":["Reaper"]},{"damage_healed":0,"gold_gain":75,"player_choice":"Gather Gold","damage_taken":11,"max_hp_gain":0,"max_hp_loss":0,"event_name":"World of Goop","floor":5,"gold_loss":0},{"damage_healed":0,"gold_gain":50,"player_choice":"Touch","damage_taken":7,"max_hp_gain":0,"max_hp_loss":0,"event_name":"FaceTrader","floor":10,"gold_loss":0},{"damage_healed":0,"gold_gain":0,"player_choice":"Ignored","damage_taken":0,"max_hp_gain":0,"max_hp_loss":0,"event_name":"Vampires","floor":20,"gold_loss":0},{"damage_healed":16,"gold_gain":0,"player_choice":"Heal","damage_taken":0,"max_hp_gain":0,"max_hp_loss":0,"event_name":"The Library","floor":22,"gold_loss":0}],"is_beta":false,"boss_relics":[{"not_picked":["Velvet Choker","Philosopher\u0027s Stone"],"picked":"Lizard Tail"}],"items_purged_floors":[12],"is_endless":false,"potions_floor_spawned":[1,7,13,16,21],"killed_by":"Book of Stabbing","ascension_level":20}