{"gold_per_floor":[115,16,29,42,42,42,73,105,117,129,154,166,178,209,221,338,350,377,222,195,195,70,70,70],"floor_reached":24,"playtime":3011,"items_purged":["Strike_R","Strike_R","Strike_R"],"score":196,"play_id":"64353584-4824-43b6-869b-cda02cc388a4","local_time":"20181224210441","is_ascension_mode":false,"campfire_choices":[{"data":"Armaments","floor":6,"key":"SMITH"},{"data":"Bash","floor":10,"key":"SMITH"},{"data":"Flex","floor":13,"key":"SMITH"},{"data":"Flex","floor":15,"key":"SMITH"},{"data":"RitualDagger","floor":23,"key":"SMITH"}],"neow_cost":"NONE","seed_source_timestamp":624893631232867,"circlet_count":0,"master_deck":["Strike_R","Defend_R+1","Defend_R+1","Defend_R","Bash+1","Flex+1","Armaments+1","Flex+1","Thunderclap","Headbutt","Feed","Inflame","Inflame+1","RitualDagger+1"],"relics":["Black Blood","MawBank","Centennial Puzzle"],"potions_floor_usage":[11,24],"damage_taken":[{"damage":3,"enemies":"2 Louse","floor":1,"turns":4},{"damage":2,"enemies":"Cultist","floor":3,"turns":5},{"damage":0,"enemies":"Small Slimes","floor":4,"turns":4},{"damage":22,"enemies":"Lagavulin","floor":7,"turns":8},{"damage":2,"enemies":"Blue Slaver","floor":8,"turns":5},{"damage":1,"enemies":"Large Slime","floor":11,"turns":4},{"damage":0,"enemies":"3 Louse","floor":14,"turns":2},{"damage":32,"enemies":"The Guardian","floor":16,"turns":14},{"damage":1,"enemies":"Chosen","floor":18,"turns":5},{"damage":12,"enemies":"2 Thieves","floor":20,"turns":5},{"damage":90,"enemies":"Book of Stabbing","floor":24,"turns":8}],"seed_played":"1549668363174430598","potions_obtained":[{"floor":3,"key":"Regen Potion"},{"floor":7,"key":"Block Potion"}],"is_trial":false,"path_per_floor":["M","$","M","M","?","R","E","M","T","R","M","?","R","M","R","B",null,"M","$","M","?","$","R","E"],"character_chosen":"IRONCLAD","items_purchased":["Armaments","Inflame"],"campfire_rested":0,"item_purchase_floors":[2,19],"current_hp_per_floor":[80,80,80,80,80,80,64,68,68,68,73,57,57,63,63,37,80,84,84,82,76,76,76,0],"gold":70,"neow_bonus":"REMOVE_CARD","is_prod":false,"is_daily":false,"chose_seed":false,"campfire_upgraded":5,"win_rate":0,"timestamp":1545703481,"path_taken":["M","$","M","M","?","R","E","M","T","R","?","?","R","M","R","BOSS","M","$","M","?","$","R","E"],"build_version":"2018-12-20","purchased_purges":3,"victory":false,"max_hp_per_floor":[80,80,80,80,80,80,80,80,80,80,80,80,80,80,80,80,80,84,84,84,84,84,84,84],"card_choices":[{"not_picked":["Havoc","True Grit"],"picked":"Flex","floor":1},{"not_picked":["Wild Strike","True Grit"],"picked":"Flex","floor":3},{"not_picked":["Flex","Evolve","Body Slam"],"picked":"SKIP","floor":4},{"not_picked":["Carnage","Havoc","Cleave"],"picked":"SKIP","floor":7},{"not_picked":["Rage","Dual Wield"],"picked":"Thunderclap","floor":8},{"not_picked":["Bludgeon","Combust","Rupture"],"picked":"SKIP","floor":11},{"not_picked":["Clash","Ghostly Armor"],"picked":"Headbutt","floor":14},{"not_picked":["Brutality","Bludgeon"],"picked":"Feed","floor":16},{"not_picked":["Wild Strike","Combust","Havoc+1"],"picked":"SKIP","floor":18},{"not_picked":["Warcry","Carnage"],"picked":"Inflame+1","floor":20}],"player_experience":499176,"relics_obtained":[{"floor":7,"key":"MawBank"},{"floor":9,"key":"Centennial Puzzle"}],"event_choices":[{"cards_removed":["Defend_R"],"damage_healed":0,"gold_gain":0,"player_choice":"Card Removal","damage_taken":0,"max_hp_gain":0,"max_hp_loss":0,"event_name":"Wheel of Change","floor":5,"gold_loss":0},{"damage_healed":0,"gold_gain":0,"player_choice":"Entered Light","damage_taken":16,"max_hp_gain":0,"max_hp_loss":0,"event_name":"Shining Light","floor":12,"gold_loss":0,"cards_upgraded":["Defend_R","Defend_R"]},{"damage_healed":0,"gold_gain":0,"player_choice":"Joined the Cult","damage_taken":6,"max_hp_gain":0,"max_hp_loss":0,"event_name":"Nest","floor":21,"gold_loss":0,"cards_obtained":["RitualDagger"]}],"is_beta":false,"boss_relics":[{"not_picked":["Astrolabe","Velvet Choker"],"picked":"Black Blood"}],"items_purged_floors":[2,19,22],"is_endless":false,"potions_floor_spawned":[3,7],"killed_by":"Book of Stabbing","ascension_level":0}