{"gold_per_floor":[209,229,229,25,44,76,76,93,93,93,93,124,124,143,143,238,238,255,170,185,185],"floor_reached":21,"playtime":753,"items_purged":[],"score":236,"play_id":"5e268711-e401-46f1-8ee9-232139ce449f","local_time":"20190101204706","is_ascension_mode":true,"campfire_choices":[{"floor":7,"key":"REST"},{"data":"Neutralize","floor":10,"key":"SMITH"},{"floor":13,"key":"REST"},{"floor":15,"key":"REST"}],"neow_cost":"NONE","seed_source_timestamp":9736530610173,"circlet_count":0,"master_deck":["Defend_G","Defend_G","Defend_G","Defend_G","Defend_G","Strike_G","Strike_G","Strike_G","Strike_G","Survivor","Neutralize+1","Noxious Fumes+1","Deadly Poison","Ball Lightning","Predator","Corpse Explosion+1","Echo Form+1","True Grit+1","Good Instincts+1"],"relics":["Ring of the Snake","PrismaticShard","Blue Candle","Toxic Egg 2","Frozen Egg 2","Runic Dome","Kunai"],"potions_floor_usage":[],"damage_taken":[{"damage":2,"enemies":"Cultist","floor":1,"turns":4},{"damage":3,"enemies":"Jaw Worm","floor":2,"turns":4},{"damage":1,"enemies":"2 Louse","floor":5,"turns":2},{"damage":24,"enemies":"3 Sentries","floor":6,"turns":7},{"damage":5,"enemies":"Blue Slaver","floor":8,"turns":5},{"damage":29,"enemies":"Gremlin Nob","floor":12,"turns":5},{"damage":0,"enemies":"Exordium Wildlife","floor":14,"turns":2},{"damage":15,"enemies":"Hexaghost","floor":16,"turns":9},{"damage":29,"enemies":"3 Byrds","floor":18,"turns":3},{"damage":14,"enemies":"Chosen","floor":20,"turns":5},{"damage":25,"enemies":"Centurion and Healer","floor":21,"turns":4}],"seed_played":"6855508796468885399","potions_obtained":[{"floor":12,"key":"Strength Potion"},{"floor":14,"key":"SteroidPotion"},{"floor":20,"key":"SteroidPotion"}],"is_trial":false,"path_per_floor":["M","M","?","$","M","E","R","M","T","R","?","E","R","M","R","B",null,"M","?","M","M"],"character_chosen":"THE_SILENT","items_purchased":["PrismaticShard"],"campfire_rested":3,"item_purchase_floors":[4],"current_hp_per_floor":[68,65,65,65,64,40,61,56,56,56,56,27,48,48,69,54,66,37,37,23,0],"gold":185,"neow_bonus":"HUNDRED_GOLD","is_prod":false,"is_daily":false,"chose_seed":false,"campfire_upgraded":1,"win_rate":0,"timestamp":1546393626,"path_taken":["M","M","?","$","M","E","R","?","T","R","?","E","R","M","R","BOSS","M","?","M","M"],"build_version":"2018-12-20","purchased_purges":0,"victory":false,"max_hp_per_floor":[70,70,70,70,70,70,70,70,70,70,70,70,70,70,70,70,70,70,70,70,70],"card_choices":[{"not_picked":["PiercingWail","Masterful Stab"],"picked":"Noxious Fumes","floor":1},{"not_picked":["Acrobatics","Choke"],"picked":"Deadly Poison","floor":2},{"not_picked":["Feel No Pain","Quick Slash","Doom and Gloom"],"picked":"SKIP","floor":5},{"not_picked":["Cleave","Sentinel","Acrobatics"],"picked":"SKIP","floor":6},{"not_picked":["Warcry","Rebound"],"picked":"Ball Lightning","floor":8},{"not_picked":["Cold Snap","Blood for Blood"],"picked":"Corpse Explosion+1","floor":12},{"not_picked":["Barrage","Twin Strike","Slice"],"picked":"SKIP","floor":14},{"not_picked":["Burst+1","Electrodynamics+1"],"picked":"Echo Form+1","floor":16},{"not_picked":["Iron Wave","Barrage"],"picked":"True Grit+1","floor":18},{"not_picked":["Accuracy+1","Cleave"],"picked":"Good Instincts+1","floor":20}],"player_experience":150657,"relics_obtained":[{"floor":6,"key":"Blue Candle"},{"floor":9,"key":"Toxic Egg 2"},{"floor":12,"key":"Frozen Egg 2"}],"event_choices":[{"damage_healed":0,"gold_gain":0,"player_choice":"Upgraded","damage_taken":0,"max_hp_gain":0,"max_hp_loss":0,"event_name":"Upgrade Shrine","floor":3,"gold_loss":0,"cards_upgraded":["Noxious Fumes"]},{"damage_healed":0,"gold_gain":0,"cards_transformed":["Strike_G"],"player_choice":"Change","damage_taken":0,"max_hp_gain":0,"max_hp_loss":0,"event_name":"Living Wall","floor":11,"gold_loss":0,"cards_obtained":["Predator"]},{"damage_healed":0,"gold_gain":0,"player_choice":"Obtained Relic","damage_taken":0,"relics_obtained":["Kunai"],"max_hp_gain":0,"max_hp_loss":0,"event_name":"Addict","floor":19,"gold_loss":85}],"is_beta":false,"boss_relics":[{"not_picked":["Coffee Dripper","Calling Bell"],"picked":"Runic Dome"}],"items_purged_floors":[],"is_endless":false,"potions_floor_spawned":[12,14,20],"killed_by":"Centurion and Healer","ascension_level":5}