{"gold_per_floor":[115,115,65,88,113,146,146,184,211,211,224,224,72,57],"floor_reached":14,"playtime":383,"items_purged":[],"score":98,"play_id":"68a5c13c-375f-4a99-9251-8f4bf3065214","local_time":"20190423110443","is_ascension_mode":false,"campfire_choices":[{"floor":7,"key":"REST"},{"floor":10,"key":"REST"}],"neow_cost":"NONE","seed_source_timestamp":663786206088100,"circlet_count":0,"master_deck":["Strike_R","Strike_R","Strike_R","Strike_R","Defend_R+1","Defend_R","Defend_R","Defend_R","Bash","Berserk","Shockwave+1","Perfected Strike","Barricade","Body Slam"],"relics":["Burning Blood","Golden Idol","War Paint","Ancient Tea Set","PreservedInsect","Regal Pillow"],"potions_floor_usage":[],"damage_taken":[{"damage":24,"enemies":"Jaw Worm","floor":1,"turns":5},{"damage":7,"enemies":"2 Louse","floor":4,"turns":3},{"damage":0,"enemies":"Small Slimes","floor":5,"turns":3},{"damage":24,"enemies":"Gremlin Nob","floor":6,"turns":4},{"damage":69,"enemies":"3 Sentries","floor":8,"turns":11},{"damage":5,"enemies":"Looter","floor":11,"turns":3},{"damage":13,"enemies":"Exordium Thugs","floor":14,"turns":2}],"seed_played":"-7469247539037342433","potions_obtained":[{"floor":5,"key":"Ancient Potion"},{"floor":6,"key":"SpeedPotion"},{"floor":8,"key":"EntropicBrew"}],"is_trial":false,"path_per_floor":["M","?","?","M","M","E","R","E","T","R","M","?","$","M"],"character_chosen":"IRONCLAD","items_purchased":["Regal Pillow"],"campfire_rested":2,"item_purchase_floors":[13],"current_hp_per_floor":[62,62,62,61,67,49,71,8,8,30,31,31,31,18],"gold":57,"neow_bonus":"ONE_RANDOM_RARE_CARD","is_prod":false,"is_daily":false,"chose_seed":false,"campfire_upgraded":0,"win_rate":0,"timestamp":1556031883,"path_taken":["M","?","?","M","M","E","R","E","T","R","M","?","$","M"],"build_version":"2019-01-23","purchased_purges":0,"victory":false,"max_hp_per_floor":[80,74,74,74,74,74,74,74,74,74,74,74,74,74],"card_choices":[{"not_picked":["True Grit","Bloodletting","Evolve"],"picked":"SKIP","floor":1},{"not_picked":["Battle Trance","Flex"],"picked":"Shockwave","floor":4},{"not_picked":["Twin Strike","True Grit"],"picked":"Perfected Strike","floor":5},{"not_picked":["Shrug It Off","Anger"],"picked":"Barricade","floor":6},{"not_picked":["Twin Strike","Cleave","Havoc"],"picked":"SKIP","floor":8},{"not_picked":["Armaments","Reckless Charge"],"picked":"Body Slam","floor":11}],"player_experience":223420,"relics_obtained":[{"floor":6,"key":"War Paint"},{"floor":8,"key":"Ancient Tea Set"},{"floor":9,"key":"PreservedInsect"}],"event_choices":[{"damage_healed":0,"gold_gain":0,"player_choice":"Lose Max HP","damage_taken":0,"relics_obtained":["Golden Idol"],"max_hp_gain":0,"max_hp_loss":6,"event_name":"Golden Idol","floor":2,"gold_loss":0},{"cards_removed":["Strike_R"],"damage_healed":0,"gold_gain":0,"player_choice":"Card Removal","damage_taken":0,"max_hp_gain":0,"max_hp_loss":0,"event_name":"The Cleric","floor":3,"gold_loss":50},{"damage_healed":0,"gold_gain":0,"player_choice":"Ignored","damage_taken":0,"max_hp_gain":0,"max_hp_loss":0,"event_name":"Liars Game","floor":12,"gold_loss":0}],"is_beta":false,"boss_relics":[],"items_purged_floors":[],"is_endless":false,"potions_floor_spawned":[5,6,8],"killed_by":"Exordium Thugs","ascension_level":0}