{"gold_per_floor":[119,132,132,19,94,128,128,141,141,141,151,151,216,232,232,331,331,341,441,441,441],"floor_reached":21,"playtime":1974,"items_purged":["Strike_G"],"score":234,"play_id":"a0a01156-118d-4958-85a5-c93d6cd42eaa","local_time":"20190317134540","is_ascension_mode":true,"campfire_choices":[{"data":"Noxious Fumes","floor":7,"key":"SMITH"},{"data":"Neutralize","floor":10,"key":"SMITH"},{"floor":12,"key":"REST"},{"floor":15,"key":"REST"}],"neow_cost":"NONE","seed_source_timestamp":1122533340422841,"circlet_count":0,"master_deck":["Defend_G","Defend_G","Defend_G","Defend_G","Defend_G","Strike_G","Strike_G","Strike_G","Strike_G","Survivor","Neutralize+1","Bullet Time","Infinite Blades","Accuracy","Noxious Fumes+1","Predator","Malaise","Backflip","Backflip+1","Noxious Fumes+1"],"relics":["Ring of the Snake","FossilizedHelix","Bottled Flame","Tiny Chest","Runic Dome","Ice Cream","Kunai"],"potions_floor_usage":[11,16,16,16],"damage_taken":[{"damage":11,"enemies":"Cultist","floor":1,"turns":7},{"damage":3,"enemies":"Jaw Worm","floor":2,"turns":4},{"damage":22,"enemies":"3 Sentries","floor":6,"turns":10},{"damage":8,"enemies":"2 Louse","floor":8,"turns":3},{"damage":5,"enemies":"Gremlin Gang","floor":11,"turns":5},{"damage":34,"enemies":"Gremlin Nob","floor":13,"turns":6},{"damage":0,"enemies":"Looter","floor":14,"turns":3},{"damage":5,"enemies":"Hexaghost","floor":16,"turns":9},{"damage":0,"enemies":"Shell Parasite","floor":18,"turns":7},{"damage":16,"enemies":"Colosseum Slavers","floor":19,"turns":7},{"damage":27,"enemies":"Colosseum Nobs","floor":19,"turns":6},{"damage":15,"enemies":"3 Byrds","floor":21,"turns":3}],"seed_played":"-8513990138282892669","potions_obtained":[{"floor":8,"key":"LiquidBronze"},{"floor":11,"key":"Fire Potion"},{"floor":13,"key":"SpeedPotion"},{"floor":14,"key":"GhostInAJar"}],"is_trial":false,"path_per_floor":["M","M","?","$","?","E","R","M","T","R","M","R","E","M","R","B",null,"M","?","?","M"],"character_chosen":"THE_SILENT","items_purchased":["Accuracy"],"campfire_rested":2,"item_purchase_floors":[4],"current_hp_per_floor":[59,56,56,56,49,27,27,19,19,19,14,35,1,1,22,17,57,57,14,14,0],"gold":441,"neow_bonus":"ONE_RANDOM_RARE_CARD","is_prod":false,"is_daily":false,"chose_seed":false,"campfire_upgraded":2,"win_rate":0,"timestamp":1552844740,"path_taken":["M","?","?","$","?","E","R","?","T","R","M","R","E","M","R","BOSS","M","?","?","M"],"build_version":"2019-01-23","purchased_purges":1,"victory":false,"max_hp_per_floor":[70,70,70,70,70,70,70,70,70,70,70,70,70,70,70,70,70,70,70,70,70],"card_choices":[{"not_picked":["Acrobatics","Quick Slash"],"picked":"Infinite Blades","floor":1},{"not_picked":["Concentrate","Slice","Deadly Poison"],"picked":"SKIP","floor":2},{"not_picked":["Dodge and Roll","Dagger Spray"],"picked":"Noxious Fumes","floor":6},{"not_picked":["Acrobatics","Deadly Poison","Flechettes"],"picked":"SKIP","floor":8},{"not_picked":["Calculated Gamble","Deadly Poison","Reflex"],"picked":"SKIP","floor":11},{"not_picked":["Expertise","Masterful Stab"],"picked":"Predator","floor":13},{"not_picked":["PiercingWail","Dagger Throw","Flying Knee"],"picked":"SKIP","floor":14},{"not_picked":["Venomology","Storm of Steel"],"picked":"Malaise","floor":16},{"not_picked":["Riddle With Holes","Bane+1"],"picked":"Backflip","floor":18},{"not_picked":["Endless Agony","Outmaneuver"],"picked":"Backflip+1","floor":19}],"player_experience":767287,"relics_obtained":[{"floor":6,"key":"FossilizedHelix"},{"floor":9,"key":"Bottled Flame"},{"floor":13,"key":"Tiny Chest"},{"floor":19,"key":"Ice Cream"},{"floor":19,"key":"Kunai"}],"event_choices":[{"damage_healed":0,"gold_gain":0,"player_choice":"Ignored","damage_taken":0,"max_hp_gain":0,"max_hp_loss":0,"event_name":"Liars Game","floor":3,"gold_loss":0},{"damage_healed":0,"gold_gain":75,"player_choice":"Touch","damage_taken":7,"max_hp_gain":0,"max_hp_loss":0,"event_name":"FaceTrader","floor":5,"gold_loss":0},{"damage_healed":0,"gold_gain":0,"player_choice":"Fight","damage_taken":0,"max_hp_gain":0,"max_hp_loss":0,"event_name":"Colosseum","floor":19,"gold_loss":0},{"damage_healed":0,"gold_gain":0,"player_choice":"Fought Nobs","damage_taken":0,"max_hp_gain":0,"max_hp_loss":0,"event_name":"Colosseum","floor":19,"gold_loss":0},{"damage_healed":0,"gold_gain":0,"player_choice":"Copied","damage_taken":0,"max_hp_gain":0,"max_hp_loss":0,"event_name":"Duplicator","floor":20,"gold_loss":0,"cards_obtained":["Noxious Fumes"]}],"is_beta":false,"boss_relics":[{"not_picked":["Calling Bell","Snecko Eye"],"picked":"Runic Dome"}],"items_purged_floors":[4],"is_endless":false,"potions_floor_spawned":[8,11,13,14,19],"killed_by":"3 Byrds","ascension_level":5}