{"gold_per_floor":[117,117,141,216,216,251,251,131,431,446,446,482,482,501,501,631,631,644,629,629,641,566,315,315,349,349,264,264,274,274,42,42,146,146,158,121,0,100,115,115,135,135,135,99,116,116,144,159,159,159],"floor_reached":51,"playtime":2913,"items_purged":[],"score":776,"play_id":"bd947cbf-b1de-4d21-b202-f9c41a665641","local_time":"20190418142208","is_ascension_mode":false,"campfire_choices":[{"floor":7,"key":"REST"},{"floor":13,"key":"REST"},{"floor":15,"key":"REST"},{"data":"Electrodynamics","floor":24,"key":"SMITH"},{"floor":32,"key":"REST"},{"floor":40,"key":"REST"},{"floor":46,"key":"REST"},{"floor":49,"key":"REST"}],"neow_cost":"NONE","seed_source_timestamp":241097958959500,"circlet_count":0,"master_deck":["Strike_B+1","Defend_B","Defend_B+1","Defend_B+1","Zap","Dualcast","Leap","Reinforced Body","Doom and Gloom","Electrodynamics+1","FTL+1","BootSequence","Melter","Go for the Eyes","Multi-Cast","Glacier","Chaos","Storm","Biased Cognition","White Noise+1","Conserve Battery","Static Discharge","Barrage+1","Turbo+1","RitualDagger+1","Conserve Battery","Thunder Strike","Auto Shields+1","Chaos+1","Consume","Reinforced Body","Steam+1","Multi-Cast","Double Energy+1","Stack+1","Consume+1","Electrodynamics"],"relics":["Cracked Core","Bloody Idol","Prayer Wheel","Old Coin","Oddly Smooth Stone","Inserter","Singing Bowl","Ornamental Fan","War Paint","Incense Burner","Whetstone","Sozu","Red Mask","Torii","Toxic Egg 2","Ginger"],"potions_floor_usage":[16,16,29,45,47],"damage_taken":[{"damage":6,"enemies":"Small Slimes","floor":1,"turns":6},{"damage":1,"enemies":"Jaw Worm","floor":3,"turns":3},{"damage":18,"enemies":"Gremlin Nob","floor":6,"turns":4},{"damage":0,"enemies":"2 Louse","floor":10,"turns":2},{"damage":22,"enemies":"3 Sentries","floor":12,"turns":3},{"damage":0,"enemies":"Large Slime","floor":14,"turns":4},{"damage":0,"enemies":"Slime Boss","floor":16,"turns":8},{"damage":4,"enemies":"Chosen","floor":18,"turns":6},{"damage":0,"enemies":"2 Thieves","floor":19,"turns":4},{"damage":6,"enemies":"Chosen and Byrds","floor":21,"turns":5},{"damage":45,"enemies":"Slavers","floor":25,"turns":4},{"damage":3,"enemies":"Snake Plant","floor":29,"turns":4},{"damage":22,"enemies":"Automaton","floor":33,"turns":9},{"damage":9,"enemies":"3 Shapes","floor":35,"turns":5},{"damage":7,"enemies":"Mind Bloom Boss Battle","floor":38,"turns":8},{"damage":38,"enemies":"3 Darklings","floor":39,"turns":4},{"damage":0,"enemies":"Jaw Worm Horde","floor":41,"turns":4},{"damage":18,"enemies":"Maw","floor":45,"turns":8},{"damage":23,"enemies":"Giant Head","floor":47,"turns":9},{"damage":1,"enemies":"Transient","floor":48,"turns":5},{"damage":65,"enemies":"Donu and Deca","floor":50,"turns":9}],"seed_played":"-3369553398940613455","potions_obtained":[{"floor":1,"key":"PowerPotion"},{"floor":10,"key":"AttackPotion"},{"floor":14,"key":"Swift Potion"},{"floor":21,"key":"Poison Potion"},{"floor":25,"key":"FairyPotion"},{"floor":33,"key":"AttackPotion"}],"is_trial":false,"path_per_floor":["M","?","M","?","?","E","R","$","T","M","?","E","R","M","R","B",null,"M","M","?","M","?","$","R","E","T","?","?","M","?","$","R","B",null,"M","$","?","?","M","R","M","?","T","$","M","R","E","M","R","B",null],"character_chosen":"DEFECT","items_purchased":["BootSequence","Melter","Singing Bowl","Whetstone","EssenceOfSteel","Consume","Double Energy+1"],"campfire_rested":7,"item_purchase_floors":[8,8,23,31,31,36,44],"current_hp_per_floor":[69,69,68,57,57,39,59,59,59,59,45,23,43,43,63,63,69,65,65,65,64,64,64,64,24,24,24,18,22,22,22,43,28,73,69,69,69,67,34,55,64,64,64,64,51,74,58,64,81,16],"gold":159,"neow_bonus":"THREE_CARDS","is_prod":false,"is_daily":false,"chose_seed":false,"campfire_upgraded":1,"win_rate":0.0,"timestamp":1555611728,"path_taken":["M","?","M","?","?","E","R","$","T","M","?","E","R","M","R","BOSS","M","M","?","M","?","$","R","E","T","?","?","?","?","$","R","BOSS","M","$","?","?","M","R","M","?","T","$","M","R","E","M","R","BOSS"],"build_version":"2019-01-23","purchased_purges":0,"victory":true,"max_hp_per_floor":[75,69,69,69,69,69,69,69,69,69,69,69,69,69,69,69,69,69,69,69,69,69,69,69,69,69,69,69,71,71,71,71,73,73,73,73,73,73,73,73,77,77,77,77,77,77,79,81,81,81],"card_choices":[{"not_picked":["Go for the Eyes","Rebound"],"picked":"Leap","floor":0},{"not_picked":["Darkness","Go for the Eyes"],"picked":"Reinforced Body","floor":1},{"not_picked":["Conserve Battery","Reinforced Body"],"picked":"Doom and Gloom","floor":3},{"not_picked":["Static Discharge","Cold Snap"],"picked":"FTL","floor":6},{"not_picked":["Rebound","Aggregate"],"picked":"Go for the Eyes","floor":10},{"not_picked":["Coolheaded","Turbo"],"picked":"Multi-Cast","floor":10},{"not_picked":["Reprogram","Doom and Gloom"],"picked":"Glacier","floor":12},{"not_picked":["Cold Snap","Go for the Eyes"],"picked":"Chaos","floor":14},{"not_picked":["Redo","Conserve Battery"],"picked":"Storm","floor":14},{"not_picked":["Rainbow","All For One"],"picked":"Biased Cognition","floor":16},{"not_picked":["Beam Cell","Self Repair"],"picked":"White Noise+1","floor":18},{"not_picked":["Steam","Barrage","Rebound+1"],"picked":"SKIP","floor":18},{"not_picked":["Storm","Rebound+1"],"picked":"Conserve Battery","floor":19},{"not_picked":["All For One","Self Repair+1"],"picked":"Static Discharge","floor":19},{"not_picked":["Cold Snap","Streamline"],"picked":"Barrage+1","floor":21},{"not_picked":["Compile Driver","Skim","Rebound"],"picked":"SKIP","floor":21},{"not_picked":["Rebound","White Noise"],"picked":"Turbo","floor":25},{"not_picked":["Redo","Cold Snap"],"picked":"Conserve Battery","floor":29},{"not_picked":["Streamline","Gash","Rebound"],"picked":"Singing Bowl","floor":29},{"not_picked":["All For One","Buffer","Creative AI"],"picked":"Singing Bowl","floor":33},{"not_picked":["Loop","Stack+1"],"picked":"Auto Shields+1","floor":35},{"not_picked":["Beam Cell+1","Stack"],"picked":"Chaos+1","floor":35},{"not_picked":["Rebound","Recycle+1"],"picked":"Reinforced Body","floor":38},{"not_picked":["Barrage+1","Sweeping Beam"],"picked":"Steam+1","floor":39},{"not_picked":["Steam+1","Conserve Battery"],"picked":"Multi-Cast","floor":39},{"not_picked":["Hologram+1","Stack","Leap"],"picked":"Singing Bowl","floor":41},{"not_picked":["Sweeping Beam+1","Steam","Hologram+1"],"picked":"Singing Bowl","floor":41},{"not_picked":["Barrage","Hello World"],"picked":"Stack+1","floor":45},{"not_picked":["Steam+1","Stack+1"],"picked":"Consume+1","floor":45},{"not_picked":["Hologram+1","Steam+1","Conserve Battery+1"],"picked":"Singing Bowl","floor":47},{"not_picked":["Coolheaded+1","Blizzard+1"],"picked":"Electrodynamics","floor":48},{"not_picked":["Stack+1","Compile Driver","Cold Snap+1"],"picked":"Singing Bowl","floor":48}],"player_experience":172428,"relics_obtained":[{"floor":6,"key":"Prayer Wheel"},{"floor":9,"key":"Old Coin"},{"floor":12,"key":"Oddly Smooth Stone"},{"floor":25,"key":"Ornamental Fan"},{"floor":26,"key":"War Paint"},{"floor":38,"key":"Torii"},{"floor":43,"key":"Toxic Egg 2"},{"floor":47,"key":"Ginger"}],"event_choices":[{"damage_healed":0,"gold_gain":0,"player_choice":"Lose Max HP","damage_taken":0,"relics_obtained":["Golden Idol"],"max_hp_gain":0,"max_hp_loss":6,"event_name":"Golden Idol","floor":2,"gold_loss":0},{"damage_healed":0,"gold_gain":75,"player_choice":"Gather Gold","damage_taken":11,"max_hp_gain":0,"max_hp_loss":0,"event_name":"World of Goop","floor":4,"gold_loss":0},{"damage_healed":0,"gold_gain":0,"cards_transformed":["Strike_B"],"player_choice":"Change","damage_taken":0,"max_hp_gain":0,"max_hp_loss":0,"event_name":"Living Wall","floor":5,"gold_loss":0,"cards_obtained":["Electrodynamics"]},{"damage_healed":0,"gold_gain":0,"player_choice":"Entered Light","damage_taken":14,"max_hp_gain":0,"max_hp_loss":0,"event_name":"Shining Light","floor":11,"gold_loss":0,"cards_upgraded":["Strike_B","Defend_B"]},{"damage_healed":0,"gold_gain":0,"player_choice":"Gave Idol","damage_taken":0,"relics_obtained":["Bloody Idol"],"max_hp_gain":0,"max_hp_loss":0,"event_name":"Forgotten Altar","floor":20,"relics_lost":["Golden Idol"],"gold_loss":0},{"cards_removed":["Strike_B"],"damage_healed":0,"gold_gain":0,"player_choice":"Gave Gold","damage_taken":0,"max_hp_gain":0,"max_hp_loss":0,"event_name":"Beggar","floor":22,"gold_loss":75},{"damage_healed":0,"gold_gain":0,"player_choice":"Obtained Relic","damage_taken":0,"relics_obtained":["Incense Burner"],"max_hp_gain":0,"max_hp_loss":0,"event_name":"Addict","floor":27,"gold_loss":85},{"damage_healed":0,"gold_gain":0,"player_choice":"Joined the Cult","damage_taken":6,"max_hp_gain":0,"max_hp_loss":0,"event_name":"Nest","floor":28,"gold_loss":0,"cards_obtained":["RitualDagger"]},{"damage_healed":0,"gold_gain":0,"cards_transformed":["Strike_B","Defend_B"],"player_choice":"Became Test Subject","damage_taken":0,"max_hp_gain":0,"max_hp_loss":0,"event_name":"Drug Dealer","floor":30,"gold_loss":0,"cards_obtained":["Thunder Strike","Machine Learning"]},{"damage_healed":0,"gold_gain":0,"player_choice":"Paid","damage_taken":0,"relics_obtained":["Red Mask"],"max_hp_gain":0,"max_hp_loss":0,"event_name":"Tomb of Lord Red Mask","floor":37,"gold_loss":121},{"damage_healed":0,"gold_gain":0,"player_choice":"Fight","damage_taken":0,"max_hp_gain":0,"max_hp_loss":0,"event_name":"MindBloom","floor":38,"gold_loss":0},{"cards_removed":["Machine Learning"],"damage_healed":0,"gold_gain":0,"player_choice":"Removed Power","damage_taken":0,"max_hp_gain":0,"max_hp_loss":0,"event_name":"Falling","floor":42,"gold_loss":0}],"is_beta":false,"boss_relics":[{"not_picked":["Astrolabe","Fusion Hammer"],"picked":"Inserter"},{"not_picked":["Busted Crown","Orrery"],"picked":"Sozu"}],"items_purged_floors":[],"is_endless":false,"potions_floor_spawned":[1,10,14,21,25,33,35,47,48],"ascension_level":0}