{"gold_per_floor":[112,128,141,66,66,101,101,133,133,148,164,178,178,178,178,274,274,294,394,77,92,92,92],"floor_reached":23,"playtime":742,"items_purged":[],"score":201,"play_id":"a12561cb-6b9d-4742-9c47-04c184d38c5e","local_time":"20190423115326","is_ascension_mode":false,"campfire_choices":[{"floor":7,"key":"REST"},{"floor":13,"key":"REST"},{"data":"Searing Blow+1","floor":15,"key":"SMITH"}],"neow_cost":"NONE","seed_source_timestamp":666351026121100,"circlet_count":0,"master_deck":["Strike_R","Strike_R","Strike_R","Strike_R","Strike_R","Defend_R","Defend_R","Defend_R","Defend_R","Bash","Anger","Blood for Blood","Searing Blow+2","Hemokinesis","Shrug It Off","Ghostly Armor"],"relics":["Burning Blood","NeowsBlessing","The Courier","Lantern","Frozen Egg 2","Runic Cube","Calipers","Pear","Orichalcum","Sundial","Meat on the Bone"],"potions_floor_usage":[16,16,18,19,23],"damage_taken":[{"damage":0,"enemies":"Cultist","floor":1,"turns":1},{"damage":0,"enemies":"2 Louse","floor":2,"turns":1},{"damage":0,"enemies":"Small Slimes","floor":3,"turns":1},{"damage":42,"enemies":"Lagavulin","floor":6,"turns":4},{"damage":31,"enemies":"Gremlin Nob","floor":8,"turns":4},{"damage":6,"enemies":"Exordium Wildlife","floor":10,"turns":3},{"damage":5,"enemies":"Looter","floor":11,"turns":3},{"damage":0,"enemies":"3 Louse","floor":12,"turns":3},{"damage":52,"enemies":"Hexaghost","floor":16,"turns":8},{"damage":13,"enemies":"3 Byrds","floor":18,"turns":3},{"damage":19,"enemies":"Colosseum Slavers","floor":19,"turns":5},{"damage":36,"enemies":"Colosseum Nobs","floor":19,"turns":5},{"damage":16,"enemies":"Chosen","floor":21,"turns":6},{"damage":32,"enemies":"Slavers","floor":23,"turns":2}],"seed_played":"-7408370554582597262","potions_obtained":[{"floor":8,"key":"Poison Potion"},{"floor":11,"key":"FearPotion"},{"floor":12,"key":"Energy Potion"},{"floor":16,"key":"LiquidBronze"},{"floor":19,"key":"SteroidPotion"}],"is_trial":false,"path_per_floor":["M","M","M","$","?","E","R","E","T","M","M","M","R","?","R","B",null,"M","?","$","M","?","E"],"character_chosen":"IRONCLAD","items_purchased":["Hemokinesis","Orichalcum","Sundial"],"campfire_rested":2,"item_purchase_floors":[4,20,20],"current_hp_per_floor":[80,80,80,80,80,44,68,43,43,43,44,50,74,74,74,28,80,73,40,40,30,30,0],"gold":92,"neow_bonus":"THREE_ENEMY_KILL","is_prod":false,"is_daily":false,"chose_seed":false,"campfire_upgraded":1,"win_rate":0,"timestamp":1556034806,"path_taken":["M","M","?","$","?","E","R","E","T","M","M","?","R","?","R","BOSS","M","?","$","M","?","E"],"build_version":"2019-01-23","purchased_purges":0,"victory":false,"max_hp_per_floor":[80,80,80,80,80,80,80,80,80,80,80,80,80,80,80,80,80,80,90,90,90,90,90],"card_choices":[{"not_picked":["True Grit","Clash"],"picked":"Anger","floor":1},{"not_picked":["Twin Strike","Havoc"],"picked":"Blood for Blood","floor":2},{"not_picked":["Twin Strike","Reckless Charge"],"picked":"Searing Blow","floor":3},{"not_picked":["Inflame","Feel No Pain","Thunderclap"],"picked":"SKIP","floor":6},{"not_picked":["Sword Boomerang","Wild Strike","Rupture"],"picked":"SKIP","floor":8},{"not_picked":["Seeing Red","Flex"],"picked":"Shrug It Off","floor":10},{"not_picked":["Blood for Blood","Wild Strike","Clash"],"picked":"SKIP","floor":11},{"not_picked":["Demon Form+1","Carnage","Pummel"],"picked":"SKIP","floor":12},{"not_picked":["Perfected Strike","Heavy Blade+1","Warcry"],"picked":"SKIP","floor":18},{"not_picked":["Anger","True Grit+1"],"picked":"Ghostly Armor","floor":19},{"not_picked":["Perfected Strike","Second Wind+1","Body Slam"],"picked":"SKIP","floor":21}],"player_experience":225949,"relics_obtained":[{"floor":6,"key":"The Courier"},{"floor":8,"key":"Lantern"},{"floor":9,"key":"Frozen Egg 2"},{"floor":19,"key":"Calipers"},{"floor":19,"key":"Pear"}],"event_choices":[{"damage_healed":0,"gold_gain":0,"player_choice":"Forge","damage_taken":0,"max_hp_gain":0,"max_hp_loss":0,"event_name":"Accursed Blacksmith","floor":5,"gold_loss":0,"cards_upgraded":["Searing Blow"]},{"damage_healed":0,"gold_gain":0,"player_choice":"Ignored","damage_taken":0,"max_hp_gain":0,"max_hp_loss":0,"event_name":"Liars Game","floor":14,"gold_loss":0},{"damage_healed":0,"gold_gain":0,"player_choice":"Fight","damage_taken":0,"max_hp_gain":0,"max_hp_loss":0,"event_name":"Colosseum","floor":19,"gold_loss":0},{"damage_healed":0,"gold_gain":0,"player_choice":"Fought Nobs","damage_taken":0,"max_hp_gain":0,"max_hp_loss":0,"event_name":"Colosseum","floor":19,"gold_loss":0},{"damage_healed":0,"gold_gain":0,"player_choice":"Opened","damage_taken":0,"relics_obtained":["Meat on the Bone"],"max_hp_gain":0,"max_hp_loss":0,"event_name":"The Mausoleum","floor":22,"gold_loss":0}],"is_beta":false,"boss_relics":[{"not_picked":["Lizard Tail","Runic Dome"],"picked":"Runic Cube"}],"items_purged_floors":[],"is_endless":false,"potions_floor_spawned":[8,11,12,16,19],"killed_by":"Slavers","ascension_level":0}