{"gold_per_floor":[114,114,127,107,123,155,155,168,194,214,17,51,51,66,66,168,168,185,200,49,61,77,77,112,112,112,112,112,62,79,91,91,193,193,203,203,203,219,219,169,188,188,188,199,51,51,1,16,16,16],"floor_reached":51,"playtime":1961,"items_purged":["Strike_R","Strike_R","Defend_R","Strike_R"],"score":756,"play_id":"e1840440-4ac5-4bbe-9afc-0696418424f1","local_time":"20190421191315","is_ascension_mode":false,"campfire_choices":[{"data":"Feed","floor":7,"key":"SMITH"},{"data":"Hemokinesis","floor":13,"key":"SMITH"},{"data":"Shrug It Off","floor":15,"key":"SMITH"},{"data":"Flame Barrier","floor":23,"key":"SMITH"},{"data":"Bash","floor":27,"key":"SMITH"},{"floor":32,"key":"REST"},{"data":"Spot Weakness","floor":42,"key":"SMITH"},{"data":"Anger","floor":46,"key":"SMITH"},{"data":"Exhume","floor":49,"key":"SMITH"}],"neow_cost":"NONE","seed_source_timestamp":518712071309500,"circlet_count":0,"master_deck":["Defend_R","Defend_R","Bash+1","Feed+1","Anger+1","Cleave","Shrug It Off+1","Hemokinesis+1","Immolate","Exhume+1","Carnage+1","Thunderclap+1","Blood for Blood+1","Infernal Blade+1","Flame Barrier+1","Dual Wield+1","Spot Weakness+1","Blood for Blood+1","Impervious","Combust+1"],"relics":["Burning Blood","Smiling Mask","Bag of Marbles","Lantern","Potion Belt","Astrolabe","Bronze Scales","Orichalcum","Molten Egg 2","Shuriken","Sozu","Frozen Egg 2","Pen Nib"],"potions_floor_usage":[6,10,16,19,24,39,50,50],"damage_taken":[{"damage":6,"enemies":"2 Louse","floor":1,"turns":3},{"damage":7,"enemies":"Small Slimes","floor":3,"turns":3},{"damage":6,"enemies":"Cultist","floor":5,"turns":3},{"damage":14,"enemies":"Gremlin Nob","floor":6,"turns":3},{"damage":2,"enemies":"Looter","floor":8,"turns":3},{"damage":0,"enemies":"Lots of Slimes","floor":10,"turns":3},{"damage":31,"enemies":"Lagavulin","floor":12,"turns":4},{"damage":7,"enemies":"Blue Slaver","floor":14,"turns":2},{"damage":52,"enemies":"Hexaghost","floor":16,"turns":9},{"damage":5,"enemies":"3 Byrds","floor":18,"turns":4},{"damage":5,"enemies":"2 Thieves","floor":19,"turns":2},{"damage":7,"enemies":"Cultist and Chosen","floor":21,"turns":3},{"damage":18,"enemies":"Snake Plant","floor":22,"turns":3},{"damage":25,"enemies":"Book of Stabbing","floor":24,"turns":4},{"damage":2,"enemies":"Centurion and Healer","floor":30,"turns":3},{"damage":17,"enemies":"Snecko","floor":31,"turns":4},{"damage":83,"enemies":"Automaton","floor":33,"turns":8},{"damage":6,"enemies":"3 Shapes","floor":35,"turns":1},{"damage":0,"enemies":"3 Darklings","floor":38,"turns":3},{"damage":0,"enemies":"Writhing Mass","floor":39,"turns":1},{"damage":2,"enemies":"4 Shapes","floor":41,"turns":2},{"damage":15,"enemies":"Sphere and 2 Shapes","floor":44,"turns":4},{"damage":0,"enemies":"Jaw Worm Horde","floor":48,"turns":2},{"damage":73,"enemies":"Time Eater","floor":50,"turns":7}],"seed_played":"2462232125402836537","potions_obtained":[{"floor":1,"key":"AttackPotion"},{"floor":4,"key":"FearPotion"},{"floor":5,"key":"Strength Potion"},{"floor":12,"key":"SpeedPotion"},{"floor":14,"key":"SmokeBomb"},{"floor":16,"key":"GamblersBrew"},{"floor":18,"key":"Fire Potion"},{"floor":22,"key":"Regen Potion"},{"floor":31,"key":"Regen Potion"}],"is_trial":false,"path_per_floor":["M","?","M","?","M","E","R","M","T","M","$","E","R","M","R","B",null,"M","M","$","M","M","R","E","?","T","R","?","$","M","M","R","B",null,"M","?","?","M","M","$","M","R","T","M","$","R","$","M","R","B",null],"character_chosen":"IRONCLAD","items_purchased":["Lantern","Bronze Scales","Pen Nib"],"campfire_rested":1,"item_purchase_floors":[11,20,45],"current_hp_per_floor":[83,88,90,90,93,88,88,96,96,105,105,84,84,87,87,41,113,113,113,113,116,104,104,85,85,85,85,85,85,93,82,118,41,121,121,121,121,121,121,121,125,125,125,120,120,120,120,130,130,78],"gold":16,"neow_bonus":"ONE_RANDOM_RARE_CARD","is_prod":false,"is_daily":false,"chose_seed":false,"campfire_upgraded":8,"win_rate":0,"timestamp":1555888395,"path_taken":["M","?","M","?","M","E","R","M","T","?","$","E","R","M","R","BOSS","M","M","$","M","M","R","E","?","T","R","?","$","?","M","R","BOSS","M","?","?","M","M","?","?","R","T","M","$","R","$","M","R","BOSS"],"build_version":"2019-01-23","purchased_purges":4,"victory":true,"max_hp_per_floor":[83,88,91,91,94,97,97,101,101,105,105,109,109,113,113,113,113,113,113,113,117,117,117,117,117,117,117,117,117,121,121,121,121,121,121,121,121,121,121,121,125,125,125,129,129,129,129,133,133,133],"card_choices":[{"not_picked":["Evolve","Havoc"],"picked":"Anger","floor":1},{"not_picked":["Pommel Strike","Wild Strike"],"picked":"Cleave","floor":3},{"not_picked":["Combust","Twin Strike"],"picked":"Shrug It Off","floor":5},{"not_picked":["Clash","Evolve"],"picked":"Inflame","floor":6},{"not_picked":["Clash","Headbutt","Demon Form"],"picked":"SKIP","floor":8},{"not_picked":["Rampage","Pommel Strike"],"picked":"Hemokinesis","floor":10},{"not_picked":["Anger","Flex"],"picked":"Immolate","floor":12},{"not_picked":["Cleave","Anger","Pommel Strike"],"picked":"SKIP","floor":14},{"not_picked":["Fiend Fire","Berserk"],"picked":"Exhume","floor":16},{"not_picked":["Corruption+1","Hemokinesis+1"],"picked":"Infernal Blade+1","floor":18},{"not_picked":["Flex","Heavy Blade"],"picked":"Flame Barrier","floor":19},{"not_picked":["Twin Strike+1","Pommel Strike"],"picked":"Dual Wield+1","floor":21},{"not_picked":["Rampage","Clash+1","Immolate"],"picked":"SKIP","floor":22},{"not_picked":["Body Slam","Uppercut","Warcry"],"picked":"SKIP","floor":24},{"not_picked":["Corruption","Bloodletting","Flex"],"picked":"SKIP","floor":30},{"not_picked":["Thunderclap+1","Evolve"],"picked":"Blood for Blood+1","floor":31},{"not_picked":["Juggernaut","Bludgeon+1"],"picked":"Impervious","floor":33},{"not_picked":["Dual Wield","Dropkick+1","Clash+1"],"picked":"SKIP","floor":35},{"not_picked":["Carnage+1","Armaments+1"],"picked":"Combust+1","floor":38},{"not_picked":["Twin Strike+1","Juggernaut","True Grit"],"picked":"SKIP","floor":41},{"not_picked":["Twin Strike+1","Juggernaut","True Grit"],"picked":"SKIP","floor":41},{"not_picked":["Inflame+1","Armaments+1","Corruption+1"],"picked":"SKIP","floor":44},{"not_picked":["Clothesline+1","Heavy Blade+1","Perfected Strike+1"],"picked":"SKIP","floor":48}],"player_experience":202550,"relics_obtained":[{"floor":6,"key":"Smiling Mask"},{"floor":9,"key":"Bag of Marbles"},{"floor":12,"key":"Potion Belt"},{"floor":24,"key":"Orichalcum"},{"floor":26,"key":"Molten Egg 2"},{"floor":43,"key":"Frozen Egg 2"}],"event_choices":[{"damage_healed":0,"gold_gain":0,"player_choice":"Donut","damage_taken":0,"max_hp_gain":5,"max_hp_loss":0,"event_name":"Big Fish","floor":2,"gold_loss":0},{"damage_healed":0,"gold_gain":0,"player_choice":"Bought 1 Potion","damage_taken":0,"max_hp_gain":0,"max_hp_loss":0,"event_name":"The Woman in Blue","floor":4,"gold_loss":0},{"damage_healed":0,"gold_gain":0,"player_choice":"Read","damage_taken":0,"max_hp_gain":0,"max_hp_loss":0,"event_name":"The Library","floor":25,"gold_loss":0,"cards_obtained":["Spot Weakness"]},{"damage_healed":0,"gold_gain":0,"player_choice":"Gave Potion","damage_taken":0,"relics_obtained":["Shuriken"],"max_hp_gain":0,"max_hp_loss":0,"event_name":"WeMeetAgain","floor":28,"gold_loss":0},{"cards_removed":["Inflame"],"damage_healed":0,"gold_gain":0,"player_choice":"Removed Power","damage_taken":0,"max_hp_gain":0,"max_hp_loss":0,"event_name":"Falling","floor":36,"gold_loss":0},{"damage_healed":0,"gold_gain":0,"player_choice":"Ignored","damage_taken":0,"max_hp_gain":0,"max_hp_loss":0,"event_name":"Tomb of Lord Red Mask","floor":37,"gold_loss":0}],"is_beta":false,"boss_relics":[{"not_picked":["Snecko Eye","Ectoplasm"],"picked":"Astrolabe"},{"not_picked":["Tiny House","Runic Pyramid"],"picked":"Sozu"}],"items_purged_floors":[11,29,40,47],"is_endless":false,"potions_floor_spawned":[1,5,12,14,16,18,22,31,35,48],"ascension_level":0}