{"gold_per_floor":[114,125,125,15,34,34,54,75,75,75,75,88,88,108,108,204,204,222,239,251,251,251],"floor_reached":22,"playtime":1906,"items_purged":["Strike_B"],"score":276,"play_id":"af8709fc-66d2-473b-9216-afc252e5f0e0","local_time":"20190225214912","is_ascension_mode":true,"campfire_choices":[{"data":"Cold Snap","floor":6,"key":"SMITH"},{"floor":11,"key":"REST"},{"floor":13,"key":"REST"},{"data":"Conserve Battery","floor":15,"key":"SMITH"}],"neow_cost":"NONE","seed_source_timestamp":748350564023313,"circlet_count":0,"master_deck":["AscendersBane","Strike_B","Strike_B+1","Defend_B","Defend_B","Defend_B+1","Defend_B","Zap","Dualcast","Cold Snap+1","Capacitor","Consume","Conserve Battery+1","Buffer","Tempest+1","Electrodynamics","Redo+1"],"relics":["Cracked Core","Odd Mushroom","Symbiotic Virus","Runic Pyramid","MutagenicStrength"],"potions_floor_usage":[7,8,19],"damage_taken":[{"damage":12,"enemies":"Small Slimes","floor":1,"turns":3},{"damage":1,"enemies":"2 Louse","floor":2,"turns":3},{"damage":6,"enemies":"Jaw Worm","floor":5,"turns":4},{"damage":20,"enemies":"Exordium Thugs","floor":7,"turns":5},{"damage":16,"enemies":"The Mushroom Lair","floor":8,"turns":5},{"damage":10,"enemies":"3 Louse","floor":12,"turns":3},{"damage":0,"enemies":"2 Fungi Beasts","floor":14,"turns":3},{"damage":27,"enemies":"Hexaghost","floor":16,"turns":12},{"damage":0,"enemies":"Chosen","floor":18,"turns":5},{"damage":24,"enemies":"2 Thieves","floor":19,"turns":4},{"damage":24,"enemies":"Centurion and Healer","floor":20,"turns":6},{"damage":17,"enemies":"3 Cultists","floor":22,"turns":4}],"seed_played":"-7549567885845473926","potions_obtained":[{"floor":2,"key":"SteroidPotion"},{"floor":7,"key":"SpeedPotion"},{"floor":14,"key":"Dexterity Potion"},{"floor":16,"key":"GamblersBrew"}],"is_trial":false,"path_per_floor":["M","M","?","$","M","R","M","?","T","?","R","M","R","M","R","B",null,"M","M","M","?","M"],"character_chosen":"DEFECT","items_purchased":["Capacitor"],"campfire_rested":2,"item_purchase_floors":[4],"current_hp_per_floor":[63,62,46,46,40,40,20,4,4,4,28,18,42,42,42,15,65,65,41,17,17,0],"gold":251,"neow_bonus":"TEN_PERCENT_HP_BONUS","is_prod":false,"is_daily":false,"chose_seed":false,"campfire_upgraded":2,"win_rate":0,"timestamp":1551127752,"path_taken":["M","M","?","$","M","R","M","?","T","?","R","M","R","?","R","BOSS","M","M","M","?","M"],"build_version":"2019-01-23","purchased_purges":1,"victory":false,"max_hp_per_floor":[82,82,82,82,82,82,82,82,82,82,82,82,82,82,82,82,82,82,82,82,82,82],"card_choices":[{"not_picked":["Go for the Eyes","Turbo"],"picked":"Cold Snap","floor":1},{"not_picked":["Darkness","Lockon","Gash"],"picked":"SKIP","floor":2},{"not_picked":["Leap","Sweeping Beam","Compile Driver"],"picked":"SKIP","floor":5},{"not_picked":["Redo","Go for the Eyes","Rebound"],"picked":"SKIP","floor":7},{"not_picked":["Sweeping Beam","Steam"],"picked":"Consume","floor":8},{"not_picked":["Compile Driver","Hologram","Barrage"],"picked":"SKIP","floor":12},{"not_picked":["Ball Lightning","Leap"],"picked":"Conserve Battery","floor":14},{"not_picked":["Multi-Cast","Hyperbeam"],"picked":"Buffer","floor":16},{"not_picked":["Steam","Blizzard"],"picked":"Tempest+1","floor":18},{"not_picked":["Cold Snap","Leap"],"picked":"Electrodynamics","floor":19},{"not_picked":["Steam","Beam Cell"],"picked":"Redo+1","floor":20}],"player_experience":705541,"relics_obtained":[{"floor":8,"key":"Odd Mushroom"},{"floor":9,"key":"Symbiotic Virus"}],"event_choices":[{"damage_healed":0,"gold_gain":0,"player_choice":"Entered Light","damage_taken":16,"max_hp_gain":0,"max_hp_loss":0,"event_name":"Shining Light","floor":3,"gold_loss":0,"cards_upgraded":["Strike_B","Defend_B"]},{"damage_healed":0,"gold_gain":0,"player_choice":"Fought Mushrooms","damage_taken":0,"max_hp_gain":0,"max_hp_loss":0,"event_name":"Mushrooms","floor":8,"gold_loss":0},{"cards_removed":["Strike_B"],"damage_healed":0,"gold_gain":0,"player_choice":"Forget","damage_taken":0,"max_hp_gain":0,"max_hp_loss":0,"event_name":"Living Wall","floor":10,"gold_loss":0},{"damage_healed":0,"gold_gain":0,"player_choice":"Inject Mutagens","damage_taken":0,"relics_obtained":["MutagenicStrength"],"max_hp_gain":0,"max_hp_loss":0,"event_name":"Drug Dealer","floor":21,"gold_loss":0}],"is_beta":false,"boss_relics":[{"not_picked":["Runic Dome","Philosopher\u0027s Stone"],"picked":"Runic Pyramid"}],"items_purged_floors":[4],"is_endless":false,"potions_floor_spawned":[2,7,14,16],"killed_by":"3 Cultists","ascension_level":11}