{"gold_per_floor":[117,135,152,165,145,177,177,190,190,96,107,133,149,159,159,256,256,275,295,310,330,430,430,440,474,474,474,59,59,71,71],"floor_reached":31,"playtime":2459,"items_purged":[],"score":323,"play_id":"4f88f515-9c1e-47e9-b273-0fc0f64ffe4e","local_time":"20190406171306","is_ascension_mode":false,"campfire_choices":[{"data":"Armaments","floor":7,"key":"SMITH"},{"data":"Armaments","floor":15,"key":"SMITH"},{"floor":23,"key":"REST"}],"neow_cost":"NONE","seed_source_timestamp":764566358027564,"circlet_count":0,"master_deck":["Strike_R","Strike_R","Strike_R","Strike_R","Strike_R","Defend_R","Defend_R","Defend_R","Defend_R","Bash","Inflame","Armaments+1","Shrug It Off","Reaper","Spot Weakness","Iron Wave","Finesse","Body Slam","Inflame","Armaments+1","Perfected Strike","Impervious","Rage","Shockwave","Iron Wave","Twin Strike","True Grit","Cleave","Inflame","Heavy Blade","Seeing Red","Intimidate","Uppercut+1","Ghostly Armor","Metamorphosis","Ghostly","Ghostly","Ghostly","Ghostly","Ghostly","Cleave"],"relics":["Burning Blood","NeowsBlessing","Ancient Tea Set","Question Card","Thread and Needle","Orrery","Calipers","Kunai","Blue Candle","Magic Flower","Meat on the Bone"],"potions_floor_usage":[6,12,16,16,18,22,22,25,25],"damage_taken":[{"damage":0,"enemies":"Jaw Worm","floor":1,"turns":1},{"damage":0,"enemies":"Cultist","floor":2,"turns":1},{"damage":0,"enemies":"2 Louse","floor":3,"turns":1},{"damage":7,"enemies":"Blue Slaver","floor":4,"turns":5},{"damage":29,"enemies":"3 Sentries","floor":6,"turns":10},{"damage":12,"enemies":"3 Louse","floor":8,"turns":3},{"damage":7,"enemies":"Looter","floor":11,"turns":4},{"damage":25,"enemies":"Gremlin Nob","floor":12,"turns":5},{"damage":3,"enemies":"2 Fungi Beasts","floor":13,"turns":4},{"damage":7,"enemies":"Red Slaver","floor":14,"turns":4},{"damage":38,"enemies":"The Guardian","floor":16,"turns":8},{"damage":13,"enemies":"Spheric Guardian","floor":18,"turns":4},{"damage":1,"enemies":"Chosen","floor":19,"turns":5},{"damage":19,"enemies":"Snake Plant","floor":20,"turns":5},{"damage":21,"enemies":"Centurion and Healer","floor":21,"turns":6},{"damage":30,"enemies":"Colosseum Slavers","floor":22,"turns":7},{"damage":17,"enemies":"Colosseum Nobs","floor":22,"turns":8},{"damage":8,"enemies":"3 Cultists","floor":24,"turns":7},{"damage":56,"enemies":"Book of Stabbing","floor":25,"turns":8},{"damage":13,"enemies":"Chosen and Byrds","floor":30,"turns":9},{"damage":32,"enemies":"Cultist and Chosen","floor":31,"turns":5}],"seed_played":"7864920059491949716","potions_obtained":[{"floor":1,"key":"AttackPotion"},{"floor":3,"key":"Strength Potion"},{"floor":5,"key":"Energy Potion"},{"floor":11,"key":"Dexterity Potion"},{"floor":12,"key":"Fire Potion"},{"floor":16,"key":"Swift Potion"},{"floor":18,"key":"BloodPotion"},{"floor":20,"key":"EssenceOfSteel"},{"floor":24,"key":"Strength Potion"},{"floor":30,"key":"Poison Potion"}],"is_trial":false,"path_per_floor":["M","M","M","M","?","E","R","M","T","$","M","E","M","M","R","B",null,"M","M","M","M","?","R","M","E","T","?","$","?","M","M"],"character_chosen":"IRONCLAD","items_purchased":["Finesse","Meat on the Bone","Metamorphosis"],"campfire_rested":1,"item_purchase_floors":[10,28,28],"current_hp_per_floor":[80,80,80,79,79,62,62,70,70,70,69,50,65,64,64,47,80,73,78,65,50,36,60,58,19,19,19,19,19,30,0],"gold":71,"neow_bonus":"THREE_ENEMY_KILL","is_prod":false,"is_daily":false,"chose_seed":false,"campfire_upgraded":2,"win_rate":0,"timestamp":1554585186,"path_taken":["M","M","M","M","?","E","R","M","T","$","?","E","M","M","R","BOSS","M","?","M","M","?","R","M","E","T","?","$","?","M","M"],"build_version":"2019-01-23","purchased_purges":0,"victory":false,"max_hp_per_floor":[80,80,80,80,80,80,80,80,80,80,80,80,80,80,80,80,80,80,80,80,80,80,80,80,80,80,80,80,40,40,40],"card_choices":[{"not_picked":["Dual Wield","Cleave"],"picked":"Inflame","floor":1},{"not_picked":["Shrug It Off","Searing Blow"],"picked":"Armaments","floor":2},{"not_picked":["Searing Blow","Warcry"],"picked":"Shrug It Off","floor":3},{"not_picked":["Clash","Havoc"],"picked":"Reaper","floor":4},{"not_picked":["Pommel Strike","Entrench"],"picked":"Spot Weakness","floor":6},{"not_picked":["Second Wind","Flex"],"picked":"Iron Wave","floor":8},{"not_picked":["Headbutt","Thunderclap","Sword Boomerang"],"picked":"Body Slam","floor":11},{"not_picked":["Armaments","Pommel Strike","Headbutt"],"picked":"Inflame","floor":12},{"not_picked":["Sword Boomerang","Wild Strike","Headbutt"],"picked":"Armaments","floor":13},{"not_picked":["Bludgeon","Clothesline","Flex"],"picked":"Perfected Strike","floor":14},{"not_picked":["Demon Form","Reaper","Exhume"],"picked":"Impervious","floor":16},{"not_picked":["Evolve","True Grit","Dropkick"],"picked":"Rage","floor":17},{"not_picked":["Heavy Blade","Clash","Wild Strike"],"picked":"Shockwave","floor":17},{"not_picked":["Warcry","Pommel Strike","True Grit"],"picked":"Iron Wave","floor":17},{"not_picked":["Blood for Blood","Pommel Strike","Iron Wave"],"picked":"Twin Strike","floor":17},{"not_picked":["Evolve","Perfected Strike","Clash"],"picked":"True Grit","floor":17},{"not_picked":["Havoc","Dropkick","True Grit"],"picked":"Cleave","floor":18},{"not_picked":["Bloodletting","Reaper","Warcry"],"picked":"Inflame","floor":19},{"not_picked":["Ghostly Armor","True Grit+1","Fire Breathing"],"picked":"Heavy Blade","floor":20},{"not_picked":["Fire Breathing","Anger","Flex"],"picked":"Seeing Red","floor":21},{"not_picked":["Sever Soul+1","Offering","Sentinel"],"picked":"Intimidate","floor":22},{"not_picked":["Clash+1","Fire Breathing","Cleave"],"picked":"Uppercut+1","floor":24},{"not_picked":["Feel No Pain","Havoc+1","Heavy Blade+1"],"picked":"Ghostly Armor","floor":25},{"not_picked":["Sever Soul","Disarm+1","Spot Weakness"],"picked":"Cleave","floor":30}],"player_experience":63987,"relics_obtained":[{"floor":6,"key":"Ancient Tea Set"},{"floor":9,"key":"Question Card"},{"floor":12,"key":"Thread and Needle"},{"floor":22,"key":"Calipers"},{"floor":22,"key":"Kunai"},{"floor":25,"key":"Blue Candle"},{"floor":26,"key":"Magic Flower"}],"event_choices":[{"damage_healed":0,"gold_gain":0,"player_choice":"Bought 1 Potion","damage_taken":0,"max_hp_gain":0,"max_hp_loss":0,"event_name":"The Woman in Blue","floor":5,"gold_loss":0},{"damage_healed":0,"gold_gain":0,"player_choice":"Fight","damage_taken":0,"max_hp_gain":0,"max_hp_loss":0,"event_name":"Colosseum","floor":22,"gold_loss":0},{"damage_healed":0,"gold_gain":0,"player_choice":"Fought Nobs","damage_taken":0,"max_hp_gain":0,"max_hp_loss":0,"event_name":"Colosseum","floor":22,"gold_loss":0},{"damage_healed":0,"gold_gain":0,"player_choice":"Ignored","damage_taken":0,"max_hp_gain":0,"max_hp_loss":0,"event_name":"Beggar","floor":27,"gold_loss":0},{"damage_healed":0,"gold_gain":0,"player_choice":"Became a Ghost","damage_taken":0,"max_hp_gain":0,"max_hp_loss":40,"event_name":"Ghosts","floor":29,"gold_loss":0,"cards_obtained":["Ghostly","Ghostly","Ghostly","Ghostly","Ghostly"]}],"is_beta":false,"boss_relics":[{"not_picked":["Fusion Hammer","Philosopher\u0027s Stone"],"picked":"Orrery"}],"items_purged_floors":[],"is_endless":false,"potions_floor_spawned":[1,3,11,12,16,18,20,24,30],"killed_by":"Cultist and Chosen","ascension_level":0}