{"gold_per_floor":[110,110,35,47,147,177,187,207,207,217,217,16,45,60,60,157,157,170,180,80,107,121,121,147,147,217,217,244,44,44,55,55,55],"floor_reached":33,"playtime":1336,"items_purged":["Strike_R","Havoc"],"score":320,"play_id":"712c23d9-e8d0-4a3d-8504-1b2d6ced6ab1","local_time":"20190422221653","is_ascension_mode":false,"campfire_choices":[{"data":"Entrench","floor":11,"key":"SMITH"},{"data":"Anger","floor":15,"key":"SMITH"},{"floor":23,"key":"REST"},{"data":"Double Tap","floor":25,"key":"SMITH"},{"floor":32,"key":"RECALL"}],"neow_cost":"NONE","seed_source_timestamp":616763788872900,"circlet_count":0,"master_deck":["Bash+1","Dropkick","Anger+1","Whirlwind","Shrug It Off","Hemokinesis","Entrench+1","Uppercut+1","Warcry","Corruption","Sword Boomerang+1","Impervious","Double Tap+1","Carnage+1","Iron Wave+1","Flame Barrier","Iron Wave+1","Battle Trance","Combust"],"relics":["Burning Blood","NeowsBlessing","Matryoshka","Molten Egg 2","FossilizedHelix","Sling","Turnip","Pandora\u0027s Box","Red Mask","Letter Opener","Bottled Lightning","Potion Belt","Toolbox"],"potions_floor_usage":[16,16,18,21,24,33],"damage_taken":[{"damage":0,"enemies":"Jaw Worm","floor":1,"turns":1},{"damage":0,"enemies":"2 Louse","floor":4,"turns":1},{"damage":0,"enemies":"3 Sentries","floor":6,"turns":1},{"damage":1,"enemies":"Cultist","floor":7,"turns":3},{"damage":0,"enemies":"3 Louse","floor":8,"turns":1},{"damage":0,"enemies":"2 Fungi Beasts","floor":10,"turns":2},{"damage":5,"enemies":"Lagavulin","floor":13,"turns":4},{"damage":4,"enemies":"Blue Slaver","floor":14,"turns":3},{"damage":39,"enemies":"Hexaghost","floor":16,"turns":6},{"damage":0,"enemies":"3 Byrds","floor":18,"turns":4},{"damage":13,"enemies":"Shell Parasite","floor":19,"turns":3},{"damage":13,"enemies":"Masked Bandits","floor":21,"turns":3},{"damage":18,"enemies":"Centurion and Healer","floor":22,"turns":6},{"damage":9,"enemies":"Book of Stabbing","floor":24,"turns":3},{"damage":15,"enemies":"Gremlin Leader","floor":28,"turns":4},{"damage":9,"enemies":"Shelled Parasite and Fungi","floor":31,"turns":4},{"damage":72,"enemies":"Automaton","floor":33,"turns":6}],"seed_played":"-7222857570548194324","potions_obtained":[{"floor":1,"key":"Block Potion"},{"floor":8,"key":"EssenceOfSteel"},{"floor":10,"key":"Weak Potion"},{"floor":14,"key":"AttackPotion"},{"floor":19,"key":"AttackPotion"},{"floor":22,"key":"AttackPotion"},{"floor":28,"key":"SteroidPotion"},{"floor":31,"key":"PowerPotion"}],"is_trial":false,"path_per_floor":["M","?","$","M","?","E","M","M","T","M","R","$","E","M","R","B",null,"M","M","$","?","M","R","E","R","T","?","E","$","?","M","R","B"],"character_chosen":"IRONCLAD","items_purchased":["Sling","Toolbox"],"campfire_rested":1,"item_purchase_floors":[12,29],"current_hp_per_floor":[80,64,64,70,70,76,80,80,80,80,80,80,80,80,80,47,80,80,73,73,66,54,78,75,75,75,75,66,66,66,63,63,0],"gold":55,"neow_bonus":"THREE_ENEMY_KILL","is_prod":false,"is_daily":false,"chose_seed":false,"campfire_upgraded":3,"win_rate":0,"timestamp":1555985813,"path_taken":["M","?","$","M","?","E","M","M","T","?","R","$","E","M","R","BOSS","M","M","$","?","M","R","E","R","T","?","E","$","?","M","R","BOSS"],"build_version":"2019-01-23","purchased_purges":2,"victory":false,"max_hp_per_floor":[80,80,80,80,80,80,80,80,80,80,80,80,80,80,80,80,80,80,80,80,80,80,80,80,80,80,80,80,80,80,80,80,80],"card_choices":[{"not_picked":["Shockwave","Clothesline"],"picked":"Dropkick","floor":1},{"not_picked":["True Grit","Clothesline"],"picked":"Anger","floor":4},{"not_picked":["Disarm","Dual Wield"],"picked":"Whirlwind","floor":6},{"not_picked":["Havoc","Bloodletting"],"picked":"Shrug It Off","floor":7},{"not_picked":["Evolve","Intimidate"],"picked":"Hemokinesis","floor":8},{"not_picked":["Feel No Pain","Twin Strike+1"],"picked":"Entrench","floor":10},{"not_picked":["Wild Strike+1","Burning Pact"],"picked":"Uppercut+1","floor":13},{"not_picked":["Headbutt+1","Flex","Entrench"],"picked":"SKIP","floor":14},{"not_picked":["Berserk","Juggernaut"],"picked":"Double Tap","floor":16},{"not_picked":["Havoc","Headbutt+1"],"picked":"Iron Wave+1","floor":18},{"not_picked":["Warcry+1","Pommel Strike+1","Thunderclap+1"],"picked":"SKIP","floor":19},{"not_picked":["Clash+1","Thunderclap+1"],"picked":"Flame Barrier","floor":22},{"not_picked":["Searing Blow+1","Reckless Charge+1","Pommel Strike+1"],"picked":"SKIP","floor":24},{"not_picked":["Wild Strike+1","Iron Wave+1","Sword Boomerang+1"],"picked":"SKIP","floor":28},{"not_picked":["True Grit+1","Twin Strike+1"],"picked":"Combust","floor":31}],"player_experience":222084,"relics_obtained":[{"floor":6,"key":"Matryoshka"},{"floor":9,"key":"Molten Egg 2"},{"floor":9,"key":"FossilizedHelix"},{"floor":13,"key":"Turnip"},{"floor":21,"key":"Red Mask"},{"floor":24,"key":"Letter Opener"},{"floor":26,"key":"Bottled Lightning"},{"floor":28,"key":"Potion Belt"}],"event_choices":[{"damage_healed":0,"gold_gain":0,"player_choice":"Entered Light","damage_taken":16,"max_hp_gain":0,"max_hp_loss":0,"event_name":"Shining Light","floor":2,"gold_loss":0,"cards_upgraded":["Strike_R","Bash"]},{"damage_healed":0,"gold_gain":100,"player_choice":"Pray","damage_taken":0,"max_hp_gain":0,"max_hp_loss":0,"event_name":"Golden Shrine","floor":5,"gold_loss":0},{"damage_healed":0,"gold_gain":0,"player_choice":"Fought Bandits","damage_taken":0,"max_hp_gain":0,"max_hp_loss":0,"event_name":"Masked Bandits","floor":21,"gold_loss":0},{"damage_healed":0,"gold_gain":0,"cards_transformed":["Burning Pact","Double Tap"],"player_choice":"Became Test Subject","damage_taken":0,"max_hp_gain":0,"max_hp_loss":0,"event_name":"Drug Dealer","floor":27,"gold_loss":0,"cards_obtained":["Iron Wave","Battle Trance"]}],"is_beta":false,"boss_relics":[{"not_picked":["Calling Bell","Fusion Hammer"],"picked":"Pandora\u0027s Box"}],"items_purged_floors":[3,20],"is_endless":false,"potions_floor_spawned":[1,8,10,14,19,22,28,31],"killed_by":"Automaton","ascension_level":0}