{"gold_per_floor":[109,72,72,88,19,45,60,60,60,60,78,26,26,43,43,138,138,157,176,176],"floor_reached":20,"playtime":1112,"items_purged":[],"score":218,"play_id":"d6e50a12-62fd-43e3-a166-427fc02f5048","local_time":"20180923151512","is_ascension_mode":true,"campfire_choices":[{"floor":8,"key":"REST"},{"data":"Footwork","floor":10,"key":"SMITH"},{"data":"Defend_G","floor":15,"key":"PURGE"}],"neow_cost":"TEN_PERCENT_HP_LOSS","seed_source_timestamp":875517020918033,"circlet_count":0,"master_deck":["Defend_G","Defend_G","Defend_G","Defend_G","Strike_G","Strike_G","Strike_G+1","Strike_G+1","Strike_G","Survivor","Neutralize+1","Cloak And Dagger","Well Laid Plans","Predator+1","Footwork+1","Corpse Explosion","Dodge and Roll","Cloak And Dagger","Backflip","Dagger Spray+1","Malaise","Dagger Spray+1","Predator+1"],"relics":["Ring of the Snake","Peace Pipe","Molten Egg 2","Whetstone","Question Card","Eternal Feather"],"potions_floor_usage":[16],"damage_taken":[{"damage":2,"enemies":"Jaw Worm","floor":1,"turns":7},{"damage":0,"enemies":"Cultist","floor":4,"turns":4},{"damage":15,"enemies":"Lagavulin","floor":6,"turns":8},{"damage":3,"enemies":"2 Louse","floor":7,"turns":3},{"damage":4,"enemies":"Large Slime","floor":11,"turns":4},{"damage":4,"enemies":"Exordium Wildlife","floor":14,"turns":5},{"damage":35,"enemies":"Slime Boss","floor":16,"turns":13},{"damage":22,"enemies":"2 Thieves","floor":18,"turns":4},{"damage":23,"enemies":"Chosen","floor":19,"turns":6},{"damage":6,"enemies":"Shelled Parasite and Fungi","floor":20,"turns":1}],"seed_played":"-1517531770110723269","potions_obtained":[{"floor":1,"key":"Ancient Potion"},{"floor":4,"key":"SpeedPotion"},{"floor":6,"key":"Explosive Potion"}],"is_trial":false,"path_per_floor":["M","$","?","M","$","E","M","R","T","R","M","$","?","M","R","B",null,"M","M"],"character_chosen":"THE_SILENT","items_purchased":["Well Laid Plans","Footwork","Backflip"],"campfire_rested":1,"item_purchase_floors":[2,5,12],"current_hp_per_floor":[61,61,49,49,49,34,31,49,49,49,45,45,45,41,41,6,49,27,4,0],"gold":176,"neow_bonus":"ONE_RARE_RELIC","is_prod":false,"is_daily":false,"chose_seed":false,"campfire_upgraded":1,"win_rate":0,"timestamp":1537730112,"path_taken":["M","$","?","M","$","E","?","R","T","R","M","$","?","M","R","BOSS","M","M","M"],"build_version":"2018-09-20","purchased_purges":0,"victory":false,"max_hp_per_floor":[63,63,63,63,63,63,63,63,63,63,63,63,63,63,63,63,63,63,63,63],"card_choices":[{"not_picked":["Accuracy","Masterful Stab"],"picked":"Cloak And Dagger","floor":1},{"not_picked":["Masterful Stab+1","Deflect"],"picked":"Predator+1","floor":4},{"not_picked":["Dodge and Roll","Phantasmal Killer"],"picked":"Corpse Explosion","floor":6},{"not_picked":["Poisoned Stab+1","Outmaneuver"],"picked":"Dodge and Roll","floor":7},{"not_picked":["Sucker Punch+1","Poisoned Stab+1","Caltrops"],"picked":"Cloak And Dagger","floor":11},{"not_picked":["Slice+1","Flechettes+1","Underhanded Strike+1"],"picked":"Dagger Spray+1","floor":14},{"not_picked":["Glass Knife+1","Grand Finale+1","Envenom"],"picked":"Malaise","floor":16},{"not_picked":["Prepared","Acrobatics","Riddle With Holes+1"],"picked":"Dagger Spray+1","floor":18},{"not_picked":["Concentrate","Flying Knee+1","Flechettes+1"],"picked":"Predator+1","floor":19}],"player_experience":142297,"relics_obtained":[{"floor":6,"key":"Whetstone"},{"floor":9,"key":"Question Card"}],"event_choices":[{"event_name":"Scrap Ooze","player_choice":"success","floor":3,"damage_taken":12},{"event_name":"Living Wall","player_choice":"Grow","floor":13,"damage_taken":0}],"is_beta":false,"boss_relics":[{"not_picked":["Snecko Eye","Runic Pyramid"],"picked":"Eternal Feather"}],"items_purged_floors":[],"is_endless":false,"potions_floor_spawned":[1,4,6],"killed_by":"Shelled Parasite and Fungi","ascension_level":5}