{"gold_per_floor":[110,110,110,29,45,79,91,91,117,42,16,35,55,55,55,132,132,143,159,159,84,54,54,54,67,120,149,149,49,68,86,86,157,157,174,192,207,82,105,105,125,125,125,125,125],"floor_reached":45,"playtime":3828,"items_purged":["Recycle","Double Energy","Zap"],"score":758,"play_id":"ac258dfb-8a7e-4230-b118-81858e13fd9f","local_time":"20190422165610","is_ascension_mode":true,"campfire_choices":[{"data":"Defragment","floor":8,"key":"SMITH"},{"floor":15,"key":"REST"},{"data":"Defragment","floor":23,"key":"SMITH"},{"floor":28,"key":"REST"},{"data":"Echo Form","floor":32,"key":"SMITH"},{"data":"Loop","floor":40,"key":"SMITH"},{"floor":42,"key":"REST"},{"data":"Creative AI","floor":44,"key":"SMITH"}],"neow_cost":"NONE","seed_source_timestamp":648717983909548,"circlet_count":0,"master_deck":["AscendersBane","Cold Snap","Defragment+1","Cold Snap","Loop+1","Echo Form+1","Conserve Battery","Electrodynamics","Defragment+1","Reinforced Body","White Noise+1","Glacier+1","Creative AI+1","Beam Cell+1","Go for the Eyes+1","Thunder Strike+1","Ball Lightning"],"relics":["Cracked Core","Dream Catcher","DataDisk","Pandora\u0027s Box","Tiny Chest","Letter Opener","Astrolabe","Regal Pillow","Unceasing Top"],"potions_floor_usage":[6,12,19,25,25,25,25,27,27,30,37,41,45],"damage_taken":[{"damage":6,"enemies":"Jaw Worm","floor":1,"turns":4},{"damage":0,"enemies":"Small Slimes","floor":5,"turns":3},{"damage":19,"enemies":"Gremlin Nob","floor":6,"turns":4},{"damage":7,"enemies":"2 Louse","floor":7,"turns":4},{"damage":10,"enemies":"Exordium Thugs","floor":12,"turns":5},{"damage":31,"enemies":"Gremlin Gang","floor":13,"turns":5},{"damage":9,"enemies":"Slime Boss","floor":16,"turns":13},{"damage":17,"enemies":"Spheric Guardian","floor":18,"turns":4},{"damage":15,"enemies":"2 Thieves","floor":19,"turns":2},{"damage":18,"enemies":"Chosen and Byrds","floor":25,"turns":4},{"damage":16,"enemies":"Slavers","floor":27,"turns":3},{"damage":0,"enemies":"Snecko","floor":30,"turns":7},{"damage":0,"enemies":"Shelled Parasite and Fungi","floor":31,"turns":7},{"damage":18,"enemies":"Champ","floor":33,"turns":14},{"damage":0,"enemies":"Orb Walker","floor":35,"turns":5},{"damage":3,"enemies":"3 Darklings","floor":36,"turns":4},{"damage":18,"enemies":"Transient","floor":37,"turns":5},{"damage":18,"enemies":"Spire Growth","floor":41,"turns":6},{"damage":74,"enemies":"4 Shapes","floor":45,"turns":3}],"seed_played":"-8938067393156485459","potions_obtained":[{"floor":5,"key":"PowerPotion"},{"floor":7,"key":"Poison Potion"},{"floor":18,"key":"PowerPotion"},{"floor":22,"key":"Swift Potion"},{"floor":22,"key":"EntropicBrew"},{"floor":27,"key":"Regen Potion"},{"floor":33,"key":"FocusPotion"},{"floor":35,"key":"Weak Potion"},{"floor":41,"key":"Strength Potion"}],"is_trial":false,"path_per_floor":["M","?","?","$","M","E","M","R","T","?","$","M","M","?","R","B",null,"M","M","?","$","?","R","$","M","T","E","R","$","M","M","R","B",null,"M","M","M","$","T","R","M","R","T","R","M"],"character_chosen":"DEFECT","items_purchased":["Defragment","Cold Snap"],"campfire_rested":3,"item_purchase_floors":[4,11],"current_hp_per_floor":[65,65,70,70,70,51,44,44,44,44,44,34,3,3,27,18,67,50,35,35,35,35,35,35,17,17,1,25,25,40,40,40,22,68,68,65,47,47,47,47,29,68,68,68,0],"gold":125,"neow_bonus":"TEN_PERCENT_HP_BONUS","is_prod":false,"is_daily":false,"chose_seed":false,"campfire_upgraded":5,"win_rate":0,"timestamp":1555966570,"path_taken":["M","?","?","$","M","E","M","R","T","?","$","?","M","?","R","BOSS","M","M","?","$","?","R","$","M","T","E","R","$","M","?","R","BOSS","M","M","?","$","?","R","M","R","T","R","M"],"build_version":"2019-01-23","purchased_purges":3,"victory":false,"max_hp_per_floor":[78,78,83,83,83,83,83,83,83,83,83,83,83,83,83,83,83,83,83,83,83,83,83,83,83,83,83,83,83,83,83,83,83,83,83,83,83,83,83,83,83,83,83,83,83],"card_choices":[{"not_picked":["Barrage","Stack"],"picked":"Cold Snap","floor":1},{"not_picked":["Scrape","Hologram","Leap"],"picked":"SKIP","floor":5},{"not_picked":["Reprogram","Rebound","Sweeping Beam"],"picked":"SKIP","floor":6},{"not_picked":["Redo","Rebound","Streamline"],"picked":"SKIP","floor":7},{"not_picked":["Reprogram","Sweeping Beam"],"picked":"Loop","floor":12},{"not_picked":["Ball Lightning","Cold Snap"],"picked":"Echo Form","floor":13},{"not_picked":["Go for the Eyes","Scrape"],"picked":"Conserve Battery","floor":15},{"not_picked":["Seek","Thunder Strike"],"picked":"Electrodynamics","floor":16},{"not_picked":["Doom and Gloom","Beam Cell"],"picked":"White Noise+1","floor":18},{"not_picked":["Beam Cell","Turbo+1","Redo"],"picked":"SKIP","floor":19},{"not_picked":["Sweeping Beam","Heatsinks+1","Skim"],"picked":"SKIP","floor":25},{"not_picked":["Static Discharge","Redo","Darkness"],"picked":"SKIP","floor":27},{"not_picked":["Hologram","Sweeping Beam"],"picked":"Glacier+1","floor":28},{"not_picked":["Redo","Tempest","Storm"],"picked":"SKIP","floor":30},{"not_picked":["Compile Driver+1","Reboot","Cold Snap"],"picked":"SKIP","floor":31},{"not_picked":["Meteor Strike","Amplify"],"picked":"Creative AI","floor":33},{"not_picked":["Chaos","Conserve Battery","Redo"],"picked":"SKIP","floor":35},{"not_picked":["Scrape","Fusion+1","Force Field+1"],"picked":"SKIP","floor":36},{"not_picked":["Static Discharge","Sweeping Beam"],"picked":"Ball Lightning","floor":37},{"not_picked":["Darkness","Go for the Eyes+1","Stack"],"picked":"SKIP","floor":41}],"player_experience":854147,"relics_obtained":[{"floor":6,"key":"Dream Catcher"},{"floor":9,"key":"DataDisk"},{"floor":26,"key":"Tiny Chest"},{"floor":27,"key":"Letter Opener"},{"floor":39,"key":"Regal Pillow"},{"floor":43,"key":"Unceasing Top"}],"event_choices":[{"cards_removed":["Strike_B"],"damage_healed":0,"gold_gain":0,"player_choice":"Forget","damage_taken":0,"max_hp_gain":0,"max_hp_loss":0,"event_name":"Living Wall","floor":2,"gold_loss":0},{"damage_healed":0,"gold_gain":0,"player_choice":"Donut","damage_taken":0,"max_hp_gain":5,"max_hp_loss":0,"event_name":"Big Fish","floor":3,"gold_loss":0},{"cards_removed":["Strike_B"],"damage_healed":0,"gold_gain":0,"player_choice":"Card Removal","damage_taken":0,"max_hp_gain":0,"max_hp_loss":0,"event_name":"The Cleric","floor":10,"gold_loss":75},{"damage_healed":0,"gold_gain":0,"player_choice":"Ignored","damage_taken":0,"max_hp_gain":0,"max_hp_loss":0,"event_name":"Liars Game","floor":14,"gold_loss":0},{"damage_healed":0,"gold_gain":0,"player_choice":"Ignored","damage_taken":0,"max_hp_gain":0,"max_hp_loss":0,"event_name":"Vampires","floor":20,"gold_loss":0},{"damage_healed":0,"gold_gain":0,"player_choice":"Bought 2 Potions","damage_taken":0,"max_hp_gain":0,"max_hp_loss":0,"event_name":"The Woman in Blue","floor":22,"gold_loss":0}],"is_beta":false,"boss_relics":[{"not_picked":["Cursed Key","Busted Crown"],"picked":"Pandora\u0027s Box"},{"not_picked":["Black Star","Orrery"],"picked":"Astrolabe"}],"items_purged_floors":[21,29,38],"is_endless":false,"potions_floor_spawned":[5,7,18,25,27,33,35,36,41],"killed_by":"4 Shapes","ascension_level":15}