{"gold_per_floor":[115,131,131,131,56,86,41,41,41,54,54,54,69,81,81,180,180,193,193,193,207,207,207,242,261,284,304,322,7,7,7,7,107,107,122,139,9,28,42,42,142,142,142,162,179,179,179,191,191,191],"floor_reached":50,"playtime":2220,"items_purged":["Strike_R"],"score":464,"play_id":"c3b17314-c908-4553-81e0-46785f43cabf","local_time":"20190421195711","is_ascension_mode":false,"campfire_choices":[{"floor":8,"key":"REST"},{"data":"Bloodletting","floor":15,"key":"SMITH"},{"data":"Barricade","floor":23,"key":"SMITH"},{"floor":30,"key":"REST"},{"floor":32,"key":"REST"},{"floor":40,"key":"REST"},{"floor":42,"key":"REST"},{"data":"Double Tap","floor":46,"key":"SMITH"},{"floor":49,"key":"REST"}],"neow_cost":"NONE","seed_source_timestamp":521097754550600,"circlet_count":0,"master_deck":["Strike_R+1","Strike_R+1","Strike_R","Defend_R","Defend_R","Bash+1","Whirlwind","Bloodletting+1","Shrug It Off","Power Through","Disarm","Iron Wave+1","Barricade+1","Infernal Blade+1","Cleave+1","Blood for Blood+1","Cleave+1","Battle Trance+1","Corruption","Armaments","Feel No Pain","Power Through","Necronomicurse","Double Tap+1","Parasite","Body Slam+1","Purity","Parasite","Iron Wave+1"],"relics":["Burning Blood","Bag of Marbles","Whetstone","Molten Egg 2","Sozu","Potion Belt","Anchor","Membership Card","Necronomicon","Mark of Pain","Gremlin Horn","Champion Belt","Bottled Tornado"],"potions_floor_usage":[6,33,35],"damage_taken":[{"damage":9,"enemies":"2 Louse","floor":1,"turns":3},{"damage":1,"enemies":"Cultist","floor":2,"turns":3},{"damage":35,"enemies":"3 Sentries","floor":6,"turns":7},{"damage":0,"enemies":"Small Slimes","floor":10,"turns":2},{"damage":0,"enemies":"2 Fungi Beasts","floor":13,"turns":2},{"damage":6,"enemies":"3 Louse","floor":14,"turns":4},{"damage":72,"enemies":"Hexaghost","floor":16,"turns":13},{"damage":22,"enemies":"2 Thieves","floor":18,"turns":4},{"damage":6,"enemies":"Spheric Guardian","floor":21,"turns":4},{"damage":32,"enemies":"Slavers","floor":24,"turns":5},{"damage":0,"enemies":"3 Cultists","floor":25,"turns":5},{"damage":6,"enemies":"Snecko","floor":27,"turns":3},{"damage":7,"enemies":"Snake Plant","floor":28,"turns":3},{"damage":46,"enemies":"Collector","floor":33,"turns":10},{"damage":0,"enemies":"Orb Walker","floor":35,"turns":3},{"damage":3,"enemies":"3 Darklings","floor":36,"turns":3},{"damage":38,"enemies":"Writhing Mass","floor":38,"turns":7},{"damage":39,"enemies":"Transient","floor":39,"turns":5},{"damage":17,"enemies":"Mind Bloom Boss Battle","floor":41,"turns":7},{"damage":3,"enemies":"3 Darklings","floor":44,"turns":3},{"damage":3,"enemies":"4 Shapes","floor":45,"turns":2},{"damage":0,"enemies":"Writhing Mass","floor":48,"turns":3},{"damage":95,"enemies":"Donu and Deca","floor":50,"turns":7}],"seed_played":"-4733480587045432790","potions_obtained":[{"floor":1,"key":"LiquidBronze"},{"floor":14,"key":"GamblersBrew"},{"floor":16,"key":"SkillPotion"}],"is_trial":false,"path_per_floor":["M","M","?","?","$","E","$","R","T","M","?","?","M","M","R","B",null,"M","$","?","M","?","R","E","M","T","M","M","$","R","?","R","B",null,"M","M","$","M","M","R","?","R","T","M","M","R","?","M","R","B"],"character_chosen":"IRONCLAD","items_purchased":["Shrug It Off","Feel No Pain","Membership Card","Power Through","Gremlin Horn"],"campfire_rested":6,"item_purchase_floors":[7,29,29,29,37],"current_hp_per_floor":[77,80,55,55,55,26,26,50,50,56,80,73,79,79,79,13,80,64,64,64,64,64,64,38,44,44,44,43,43,67,51,75,35,80,80,80,80,48,15,39,28,52,52,55,58,58,58,64,80,0],"gold":191,"neow_bonus":"UPGRADE_CARD","is_prod":false,"is_daily":false,"chose_seed":false,"campfire_upgraded":3,"win_rate":0,"timestamp":1555891031,"path_taken":["M","M","?","?","$","E","$","R","T","?","?","?","M","M","R","BOSS","M","$","?","M","?","R","E","M","T","?","M","$","R","?","R","BOSS","M","M","$","M","M","R","?","R","T","M","M","R","?","M","R","BOSS"],"build_version":"2019-01-23","purchased_purges":1,"victory":false,"max_hp_per_floor":[80,80,80,80,80,80,80,80,80,80,80,80,80,80,80,80,80,80,80,80,80,80,80,80,80,80,80,80,80,80,80,80,80,80,80,80,80,80,80,80,80,80,80,80,80,80,80,80,80,80],"card_choices":[{"not_picked":["Whirlwind","Pommel Strike"],"picked":"Perfected Strike","floor":1},{"not_picked":["Warcry","Clothesline"],"picked":"Whirlwind","floor":2},{"not_picked":["Thunderclap","Wild Strike"],"picked":"Bloodletting","floor":6},{"not_picked":["Heavy Blade+1","Perfected Strike+1"],"picked":"Power Through","floor":10},{"not_picked":["Perfected Strike+1","Shrug It Off"],"picked":"Disarm","floor":13},{"not_picked":["Feel No Pain","Perfected Strike+1"],"picked":"Iron Wave+1","floor":14},{"not_picked":["Impervious","Bludgeon+1"],"picked":"Barricade","floor":16},{"not_picked":["Havoc","Thunderclap+1"],"picked":"Infernal Blade+1","floor":18},{"not_picked":["Wild Strike+1","True Grit","Clash+1"],"picked":"SKIP","floor":21},{"not_picked":["Sword Boomerang+1","Cleave+1","Clash+1"],"picked":"SKIP","floor":24},{"not_picked":["Dark Embrace","Second Wind+1"],"picked":"Battle Trance+1","floor":25},{"not_picked":["Clothesline+1","Clash+1"],"picked":"Corruption","floor":27},{"not_picked":["Warcry","Clothesline+1"],"picked":"Armaments","floor":28},{"not_picked":["Brutality","Reaper+1"],"picked":"Double Tap","floor":33},{"not_picked":["Sentinel","Whirlwind+1","Perfected Strike+1"],"picked":"SKIP","floor":35},{"not_picked":["Bloodletting","Pummel+1","Uppercut+1"],"picked":"SKIP","floor":36},{"not_picked":["Intimidate","Clothesline+1","Cleave+1"],"picked":"SKIP","floor":38},{"not_picked":["Cleave+1","Perfected Strike+1","Rupture"],"picked":"SKIP","floor":39},{"not_picked":["Headbutt+1","Dark Embrace"],"picked":"Body Slam+1","floor":44},{"not_picked":["Armaments","Heavy Blade+1","Clothesline+1"],"picked":"SKIP","floor":45},{"not_picked":["Apotheosis","Madness"],"picked":"Purity","floor":47},{"not_picked":["Headbutt+1","Iron Wave+1","Twin Strike+1"],"picked":"SKIP","floor":48},{"not_picked":["Headbutt+1","Twin Strike+1"],"picked":"Iron Wave+1","floor":48}],"player_experience":204511,"relics_obtained":[{"floor":6,"key":"Whetstone"},{"floor":9,"key":"Molten Egg 2"},{"floor":24,"key":"Potion Belt"},{"floor":26,"key":"Anchor"},{"floor":31,"key":"Necronomicon"},{"floor":41,"key":"Champion Belt"},{"floor":43,"key":"Bottled Tornado"}],"event_choices":[{"damage_healed":0,"gold_gain":0,"player_choice":"Success","damage_taken":25,"relics_obtained":["Bag of Marbles"],"max_hp_gain":0,"max_hp_loss":0,"event_name":"Scrap Ooze","floor":3,"gold_loss":0},{"damage_healed":0,"gold_gain":0,"player_choice":"Ignored","damage_taken":0,"max_hp_gain":0,"max_hp_loss":0,"event_name":"NoteForYourself","floor":4,"gold_loss":0},{"damage_healed":26,"gold_gain":0,"player_choice":"Banana","damage_taken":0,"max_hp_gain":0,"max_hp_loss":0,"event_name":"Big Fish","floor":11,"gold_loss":0},{"cards_removed":["Defend_R"],"damage_healed":0,"gold_gain":0,"player_choice":"Card Removal","damage_taken":7,"max_hp_gain":0,"max_hp_loss":0,"event_name":"Golden Wing","floor":12,"gold_loss":0},{"damage_healed":0,"gold_gain":0,"cards_transformed":["Strike_R","Defend_R"],"player_choice":"Became Test Subject","damage_taken":0,"max_hp_gain":0,"max_hp_loss":0,"event_name":"Drug Dealer","floor":20,"gold_loss":0,"cards_obtained":["Cleave","Blood for Blood"]},{"damage_healed":0,"gold_gain":0,"cards_transformed":["Perfected Strike"],"player_choice":"Transformed","damage_taken":0,"max_hp_gain":0,"max_hp_loss":0,"event_name":"Transmorgrifier","floor":22,"gold_loss":0,"cards_obtained":["Cleave"]},{"damage_healed":0,"gold_gain":0,"player_choice":"Obtained Book","damage_taken":16,"max_hp_gain":0,"max_hp_loss":0,"event_name":"Cursed Tome","floor":31,"gold_loss":0},{"damage_healed":0,"gold_gain":0,"player_choice":"Fight","damage_taken":0,"max_hp_gain":0,"max_hp_loss":0,"event_name":"MindBloom","floor":41,"gold_loss":0},{"damage_healed":0,"gold_gain":0,"player_choice":"Memory 1","damage_taken":0,"max_hp_gain":0,"max_hp_loss":0,"event_name":"SensoryStone","floor":47,"gold_loss":0}],"is_beta":false,"boss_relics":[{"not_picked":["Black Blood","Ectoplasm"],"picked":"Sozu"},{"not_picked":["White Beast Statue","Eternal Feather"],"picked":"Mark of Pain"}],"items_purged_floors":[5],"is_endless":false,"potions_floor_spawned":[1,14,16,18,24,27,44,45,48],"killed_by":"Donu and Deca","ascension_level":0}