{"gold_per_floor":[216,216,216,230,308,308,341,364,444,460,453,453,497,48,48,171,171,111,111,111,111],"floor_reached":21,"playtime":3378,"items_purged":["Strike_G"],"score":187,"play_id":"2a4ebfa3-d147-407d-adeb-366c897079b9","local_time":"20181225172823","is_ascension_mode":false,"campfire_choices":[{"data":"Neutralize","floor":6,"key":"SMITH"},{"data":"Caltrops","floor":12,"key":"SMITH"},{"data":"Tools of the Trade","floor":15,"key":"SMITH"}],"neow_cost":"NONE","seed_source_timestamp":667681270044910,"circlet_count":0,"master_deck":["Defend_G","Defend_G","Defend_G","Defend_G","Defend_G","Strike_G+1","Strike_G+1","Strike_G","Strike_G","Survivor","Neutralize+1","Backflip","Leg Sweep","Caltrops+1","Backflip","Tools of the Trade+1","Corpse Explosion","Malaise","Caltrops+1","Catalyst"],"relics":["Ring of the Snake","Golden Idol","Tiny Chest","Meat on the Bone","Pen Nib","Centennial Puzzle","Ectoplasm","Red Mask"],"potions_floor_usage":[7,13,21],"damage_taken":[{"damage":3,"enemies":"2 Louse","floor":1,"turns":5},{"damage":0,"enemies":"Small Slimes","floor":4,"turns":4},{"damage":28,"enemies":"Gremlin Nob","floor":7,"turns":6},{"damage":0,"enemies":"Jaw Worm","floor":8,"turns":5},{"damage":0,"enemies":"Blue Slaver","floor":10,"turns":5},{"damage":2,"enemies":"Exordium Thugs","floor":11,"turns":6},{"damage":10,"enemies":"3 Sentries","floor":13,"turns":11},{"damage":24,"enemies":"Hexaghost","floor":16,"turns":11},{"damage":2,"enemies":"2 Thieves","floor":18,"turns":4},{"damage":46,"enemies":"Masked Bandits","floor":20,"turns":4},{"damage":6,"enemies":"Colosseum Slavers","floor":21,"turns":3},{"damage":51,"enemies":"Colosseum Nobs","floor":21,"turns":4}],"seed_played":"4337047187335688135","potions_obtained":[{"floor":4,"key":"GamblersBrew"},{"floor":8,"key":"Ancient Potion"},{"floor":10,"key":"Block Potion"}],"is_trial":false,"path_per_floor":["M","?","?","M","T","R","E","M","T","M","M","R","E","$","R","B",null,"M","?","?","?"],"character_chosen":"THE_SILENT","items_purchased":["Centennial Puzzle","Tools of the Trade","Corpse Explosion"],"campfire_rested":0,"item_purchase_floors":[14,14,14],"current_hp_per_floor":[67,53,36,36,36,36,8,20,20,32,42,42,44,44,44,32,70,68,68,34,0],"gold":111,"neow_bonus":"HUNDRED_GOLD","is_prod":false,"is_daily":false,"chose_seed":false,"campfire_upgraded":3,"win_rate":0,"timestamp":1545776903,"path_taken":["M","?","?","M","?","R","E","M","T","M","M","R","E","?","R","BOSS","M","?","?","?"],"build_version":"2018-12-20","purchased_purges":1,"victory":false,"max_hp_per_floor":[70,70,70,70,70,70,70,70,70,70,70,70,70,70,70,70,70,70,70,70,70],"card_choices":[{"not_picked":["Deadly Poison","Slice","Poisoned Stab"],"picked":"SKIP","floor":1},{"not_picked":["Choke","Dodge and Roll","Slice"],"picked":"SKIP","floor":4},{"not_picked":["Blade Dance","Dagger Throw"],"picked":"Backflip","floor":7},{"not_picked":["Masterful Stab","Quick Slash","Endless Agony"],"picked":"SKIP","floor":8},{"not_picked":["Backflip","Predator"],"picked":"Leg Sweep","floor":10},{"not_picked":["Calculated Gamble","Dagger Throw"],"picked":"Caltrops","floor":11},{"not_picked":["PiercingWail","Outmaneuver"],"picked":"Backflip","floor":13},{"not_picked":["Wraith Form v2","A Thousand Cuts"],"picked":"Malaise","floor":16},{"not_picked":["Dagger Spray","Slice"],"picked":"Caltrops+1","floor":18},{"not_picked":["Underhanded Strike","Deflect"],"picked":"Catalyst","floor":20}],"player_experience":539601,"relics_obtained":[{"floor":5,"key":"Tiny Chest"},{"floor":7,"key":"Meat on the Bone"},{"floor":13,"key":"Pen Nib"},{"floor":20,"key":"Red Mask"}],"event_choices":[{"damage_healed":0,"gold_gain":0,"player_choice":"Entered Light","damage_taken":14,"max_hp_gain":0,"max_hp_loss":0,"event_name":"Shining Light","floor":2,"gold_loss":0,"cards_upgraded":["Strike_G","Strike_G"]},{"damage_healed":0,"gold_gain":0,"player_choice":"Take Damage","damage_taken":17,"relics_obtained":["Golden Idol"],"max_hp_gain":0,"max_hp_loss":0,"event_name":"Golden Idol","floor":3,"gold_loss":0},{"damage_healed":0,"gold_gain":0,"player_choice":"Ignored","damage_taken":0,"max_hp_gain":0,"max_hp_loss":0,"event_name":"The Mausoleum","floor":19,"gold_loss":0},{"damage_healed":0,"gold_gain":0,"player_choice":"Fought Bandits","damage_taken":0,"max_hp_gain":0,"max_hp_loss":0,"event_name":"Masked Bandits","floor":20,"gold_loss":0},{"damage_healed":0,"gold_gain":0,"player_choice":"Fight","damage_taken":0,"max_hp_gain":0,"max_hp_loss":0,"event_name":"Colosseum","floor":21,"gold_loss":0},{"damage_healed":0,"gold_gain":0,"player_choice":"Fought Nobs","damage_taken":0,"max_hp_gain":0,"max_hp_loss":0,"event_name":"Colosseum","floor":21,"gold_loss":0}],"is_beta":false,"boss_relics":[{"not_picked":["Orrery","Lizard Tail"],"picked":"Ectoplasm"}],"items_purged_floors":[14],"is_endless":false,"potions_floor_spawned":[4,8,10],"killed_by":"Colosseum Nobs","ascension_level":0}