{"gold_per_floor":[112,36,36,55,73,73,103,103,103,103,135,135,105,105,105,203,203,222,222,237,264,264,264,274,291,315,315,330,49,49,59,59,157,157,169,182,257,257,257],"floor_reached":39,"playtime":4372,"items_purged":[],"score":387,"play_id":"de7560b1-3ab2-49e2-9811-1dcad4dd1973","local_time":"20190401224953","is_ascension_mode":false,"campfire_choices":[{"data":"Flame Barrier","floor":6,"key":"SMITH"},{"data":"Iron Wave","floor":8,"key":"SMITH"},{"floor":12,"key":"REST"},{"data":"Barricade","floor":15,"key":"SMITH"},{"floor":23,"key":"REST"},{"floor":27,"key":"REST"},{"floor":32,"key":"REST"}],"neow_cost":"NONE","seed_source_timestamp":350863615885354,"circlet_count":0,"master_deck":["Strike_R","Strike_R","Strike_R+1","Strike_R","Strike_R","Defend_R+1","Defend_R","Defend_R","Defend_R","Bash","Armaments","Iron Wave+1","Flame Barrier+1","Flex","Infernal Blade","Barricade+1","Parasite","Infernal Blade","Rage","Barricade","Cleave","Writhe","Sword Boomerang","Bludgeon","Iron Wave","Secret Technique","Good Instincts","J.A.X.","Armaments","Double Tap","Panacea","Trip"],"relics":["Burning Blood","Torii","Anchor","Mark of Pain","Ice Cream","Juzu Bracelet","Strawberry","Black Star"],"potions_floor_usage":[16,16,16,33,33,33,39],"damage_taken":[{"damage":4,"enemies":"Small Slimes","floor":1,"turns":4},{"damage":0,"enemies":"Jaw Worm","floor":4,"turns":5},{"damage":0,"enemies":"2 Louse","floor":5,"turns":3},{"damage":12,"enemies":"3 Sentries","floor":7,"turns":9},{"damage":52,"enemies":"Gremlin Nob","floor":11,"turns":7},{"damage":0,"enemies":"Looter","floor":13,"turns":4},{"damage":26,"enemies":"Hexaghost","floor":16,"turns":7},{"damage":0,"enemies":"3 Byrds","floor":18,"turns":7},{"damage":9,"enemies":"Shell Parasite","floor":20,"turns":6},{"damage":16,"enemies":"Cultist and Chosen","floor":24,"turns":9},{"damage":36,"enemies":"Centurion and Healer","floor":25,"turns":9},{"damage":22,"enemies":"Snecko","floor":28,"turns":5},{"damage":19,"enemies":"Snake Plant","floor":31,"turns":5},{"damage":65,"enemies":"Champ","floor":33,"turns":15},{"damage":6,"enemies":"3 Shapes","floor":35,"turns":7},{"damage":20,"enemies":"Orb Walker","floor":36,"turns":5},{"damage":74,"enemies":"Writhing Mass","floor":39,"turns":8}],"seed_played":"-4666227541771810670","potions_obtained":[{"floor":1,"key":"Poison Potion"},{"floor":7,"key":"PowerPotion"},{"floor":11,"key":"Fire Potion"},{"floor":18,"key":"Swift Potion"},{"floor":20,"key":"Block Potion"},{"floor":24,"key":"Regen Potion"},{"floor":33,"key":"Explosive Potion"},{"floor":36,"key":"SpeedPotion"}],"is_trial":false,"path_per_floor":["M","$","?","M","M","R","E","R","T","?","E","R","M","?","R","B",null,"M","?","M","T","?","R","M","M","T","R","M","$","?","M","R","B",null,"M","M","?","?","M"],"character_chosen":"IRONCLAD","items_purchased":["Flame Barrier","Secret Technique","Good Instincts"],"campfire_rested":4,"item_purchase_floors":[2,29,29],"current_hp_per_floor":[80,80,64,70,76,76,70,70,70,80,34,58,64,64,64,44,80,80,80,77,77,62,85,75,45,52,79,63,63,63,50,77,33,92,92,78,69,64,0],"gold":257,"neow_bonus":"THREE_CARDS","is_prod":false,"is_daily":false,"chose_seed":false,"campfire_upgraded":3,"win_rate":0.0,"timestamp":1554173393,"path_taken":["M","$","?","M","M","R","E","R","T","?","E","R","M","?","R","BOSS","M","?","M","?","?","R","M","M","T","R","M","$","?","M","R","BOSS","M","M","?","?","M"],"build_version":"2019-01-23","purchased_purges":0,"victory":false,"max_hp_per_floor":[80,80,80,80,80,80,80,80,80,80,80,80,80,80,80,80,80,80,80,80,80,85,85,85,85,92,92,92,92,92,92,92,92,92,92,92,92,92,92],"card_choices":[{"not_picked":["Shrug It Off","Body Slam"],"picked":"Armaments","floor":0},{"not_picked":["Pummel","Bloodletting"],"picked":"Iron Wave","floor":1},{"not_picked":["Pommel Strike","Twin Strike"],"picked":"Flex","floor":4},{"not_picked":["Rampage","Uppercut"],"picked":"Infernal Blade","floor":5},{"not_picked":["Warcry","Sword Boomerang"],"picked":"Barricade","floor":7},{"not_picked":["Hemokinesis","Clothesline"],"picked":"Infernal Blade","floor":11},{"not_picked":["Perfected Strike","Infernal Blade"],"picked":"Rage","floor":13},{"not_picked":["Brutality","Feed"],"picked":"Barricade","floor":16},{"not_picked":["Warcry","Headbutt"],"picked":"Cleave","floor":18},{"not_picked":["Iron Wave+1","Rage"],"picked":"Sword Boomerang","floor":20},{"not_picked":["Iron Wave+1","Pommel Strike"],"picked":"Bludgeon","floor":24},{"not_picked":["Clothesline+1","Fire Breathing"],"picked":"Iron Wave","floor":25},{"not_picked":["Shrug It Off+1","Body Slam","Shockwave"],"picked":"SKIP","floor":28},{"not_picked":["Perfected Strike+1","Blood for Blood"],"picked":"Armaments","floor":31},{"not_picked":["Brutality","Bludgeon"],"picked":"Double Tap","floor":33},{"not_picked":["Sword Boomerang","Iron Wave+1","Headbutt+1"],"picked":"SKIP","floor":35},{"not_picked":["Burning Pact+1","Armaments","Twin Strike"],"picked":"SKIP","floor":36},{"not_picked":["Secret Technique","Trip"],"picked":"Panacea","floor":38},{"not_picked":["Madness","Deep Breath"],"picked":"Trip","floor":38}],"player_experience":2375,"relics_obtained":[{"floor":7,"key":"Torii"},{"floor":11,"key":"Anchor"},{"floor":21,"key":"Juzu Bracelet"},{"floor":26,"key":"Strawberry"}],"event_choices":[{"damage_healed":0,"gold_gain":0,"player_choice":"Entered Light","damage_taken":16,"max_hp_gain":0,"max_hp_loss":0,"event_name":"Shining Light","floor":3,"gold_loss":0,"cards_upgraded":["Strike_R","Defend_R"]},{"damage_healed":20,"gold_gain":0,"player_choice":"Healed and dodged fight","damage_taken":0,"max_hp_gain":0,"max_hp_loss":0,"event_name":"Mushrooms","floor":10,"gold_loss":0,"cards_obtained":["Parasite"]},{"damage_healed":0,"gold_gain":0,"player_choice":"Ignored","damage_taken":0,"max_hp_gain":0,"max_hp_loss":0,"event_name":"Liars Game","floor":14,"gold_loss":0},{"damage_healed":0,"gold_gain":0,"player_choice":"Opened","damage_taken":0,"relics_obtained":["Ice Cream"],"max_hp_gain":0,"max_hp_loss":0,"event_name":"The Mausoleum","floor":19,"gold_loss":0,"cards_obtained":["Writhe"]},{"damage_healed":0,"gold_gain":0,"player_choice":"Shed Blood","damage_taken":20,"max_hp_gain":5,"max_hp_loss":0,"event_name":"Forgotten Altar","floor":22,"gold_loss":0},{"damage_healed":0,"gold_gain":0,"player_choice":"Obtain J.A.X.","damage_taken":0,"max_hp_gain":0,"max_hp_loss":0,"event_name":"Drug Dealer","floor":30,"gold_loss":0,"cards_obtained":["J.A.X."]},{"damage_healed":0,"gold_gain":75,"player_choice":"Touch","damage_taken":9,"max_hp_gain":0,"max_hp_loss":0,"event_name":"FaceTrader","floor":37,"gold_loss":0},{"damage_healed":0,"gold_gain":0,"player_choice":"Memory 2","damage_taken":5,"max_hp_gain":0,"max_hp_loss":0,"event_name":"SensoryStone","floor":38,"gold_loss":0}],"is_beta":false,"boss_relics":[{"not_picked":["Eternal Feather","Empty Cage"],"picked":"Mark of Pain"},{"not_picked":["Runic Dome","Calling Bell"],"picked":"Black Star"}],"items_purged_floors":[],"is_endless":false,"potions_floor_spawned":[1,7,11,18,20,24,33,36],"killed_by":"Writhing Mass","ascension_level":0}