{"gold_per_floor":[119,119,139,158,168,168,185,195,195,213,213,17,46,58,58,159,159,172,172,184,39,39,39,49,49,49,74,87,98,114,144,144,248,248,264,264,275,329,150,150,150,150,201,201,76,76,76,90,90,90],"floor_reached":51,"playtime":18711,"items_purged":["Strike_B","Strike_B","Defend_B"],"score":639,"play_id":"7530e45c-42ed-4d76-942c-deedb70a9a76","local_time":"20181224162251","is_ascension_mode":false,"campfire_choices":[{"data":"Chill","floor":6,"key":"SMITH"},{"data":"Zap","floor":11,"key":"SMITH"},{"data":"Double Energy","floor":15,"key":"SMITH"},{"floor":23,"key":"REST"},{"floor":25,"key":"REST"},{"floor":32,"key":"REST"},{"data":"Defend_B","floor":40,"key":"PURGE"},{"data":"Defend_B","floor":42,"key":"PURGE"},{"data":"Strike_B","floor":44,"key":"PURGE"},{"data":"Strike_B","floor":46,"key":"PURGE"},{"floor":49,"key":"REST"}],"neow_cost":"NONE","seed_source_timestamp":596734357494355,"circlet_count":0,"master_deck":["Defend_B","Zap+1","Dualcast","Beam Cell","Undo","Chill+1","Beam Cell","Glacier","Capacitor","Go for the Eyes","Electrodynamics","Rebound","RitualDagger","Barrage+1","Self Repair","Cold Snap","Leap+1","Glacier","Hologram+1","Buffer","Leap+1","Recycle+1","Blizzard","Sunder","Madness","Madness","Doubt","Go for the Eyes+1"],"relics":["Cracked Core","NeowsBlessing","Blue Candle","Runic Capacitor","Regal Pillow","Fusion Hammer","Symbiotic Virus","Oddly Smooth Stone","WingedGreaves","Cursed Key","Peace Pipe","Centennial Puzzle"],"potions_floor_usage":[13,16,16,18,30,33,38,48,50],"damage_taken":[{"damage":0,"enemies":"2 Louse","floor":1,"turns":1},{"damage":0,"enemies":"Cultist","floor":3,"turns":1},{"damage":0,"enemies":"Jaw Worm","floor":4,"turns":1},{"damage":0,"enemies":"2 Fungi Beasts","floor":5,"turns":4},{"damage":0,"enemies":"Lots of Slimes","floor":7,"turns":5},{"damage":0,"enemies":"Exordium Thugs","floor":8,"turns":5},{"damage":0,"enemies":"3 Louse","floor":10,"turns":3},{"damage":36,"enemies":"Gremlin Nob","floor":13,"turns":6},{"damage":0,"enemies":"Large Slime","floor":14,"turns":8},{"damage":18,"enemies":"Slime Boss","floor":16,"turns":13},{"damage":0,"enemies":"3 Byrds","floor":18,"turns":5},{"damage":4,"enemies":"2 Thieves","floor":20,"turns":3},{"damage":1,"enemies":"Cultist and Chosen","floor":24,"turns":5},{"damage":17,"enemies":"Book of Stabbing","floor":27,"turns":5},{"damage":8,"enemies":"Chosen and Byrds","floor":28,"turns":5},{"damage":0,"enemies":"3 Cultists","floor":29,"turns":5},{"damage":0,"enemies":"Snake Plant","floor":30,"turns":3},{"damage":8,"enemies":"Gremlin Leader","floor":31,"turns":6},{"damage":12,"enemies":"Champ","floor":33,"turns":11},{"damage":18,"enemies":"3 Shapes","floor":35,"turns":8},{"damage":7,"enemies":"Orb Walker","floor":37,"turns":3},{"damage":33,"enemies":"2 Orb Walkers","floor":38,"turns":9},{"damage":1,"enemies":"Transient","floor":48,"turns":5},{"damage":6,"enemies":"Awakened One","floor":50,"turns":16}],"seed_played":"-887359024102028166","potions_obtained":[{"floor":3,"key":"EssenceOfSteel"},{"floor":5,"key":"Strength Potion"},{"floor":10,"key":"Energy Potion"},{"floor":16,"key":"Explosive Potion"},{"floor":18,"key":"SpeedPotion"},{"floor":20,"key":"Fire Potion"},{"floor":29,"key":"PowerPotion"},{"floor":30,"key":"Energy Potion"},{"floor":35,"key":"Energy Potion"},{"floor":37,"key":"GamblersBrew"}],"is_trial":false,"path_per_floor":["M","?","M","M","M","R","M","M","T","M","R","$","E","M","R","B",null,"M","?","M","$","?","R","M","R","T","E","M","M","M","E","R","B",null,"M","?","M","?","$","R","?","R","T","R","$","R","?","M","R","B",null],"character_chosen":"DEFECT","items_purchased":["Runic Capacitor","Self Repair","Sunder"],"campfire_rested":4,"item_purchase_floors":[12,21,39],"current_hp_per_floor":[75,75,75,75,75,75,75,75,75,75,75,75,39,39,39,21,75,75,69,65,65,75,75,75,75,75,65,57,64,71,63,75,70,75,64,64,64,38,38,38,29,29,29,29,29,29,29,35,72,73],"gold":90,"neow_bonus":"THREE_ENEMY_KILL","is_prod":false,"is_daily":false,"chose_seed":false,"campfire_upgraded":3,"win_rate":0,"timestamp":1545686571,"path_taken":["M","?","?","M","M","R","M","M","T","M","R","$","E","M","R","BOSS","M","?","M","$","?","R","?","R","T","E","M","M","M","E","R","BOSS","M","?","M","?","$","R","?","R","T","R","?","R","?","?","R","BOSS"],"build_version":"2018-12-20","purchased_purges":3,"victory":true,"max_hp_per_floor":[75,75,75,75,75,75,75,75,75,75,75,75,75,75,75,75,75,75,75,75,75,75,75,75,75,75,75,75,75,75,75,75,75,75,75,75,75,75,75,75,75,75,75,75,75,75,75,75,75,75],"card_choices":[{"not_picked":["Turbo","Hologram"],"picked":"Beam Cell","floor":1},{"not_picked":["Conserve Battery","Streamline"],"picked":"Undo","floor":3},{"not_picked":["Steam Power","Barrage"],"picked":"Chill","floor":4},{"not_picked":["All For One","Skim"],"picked":"Beam Cell","floor":5},{"not_picked":["Auto Shields","Sweeping Beam"],"picked":"Cold Snap","floor":7},{"not_picked":["Stack","Leap"],"picked":"Glacier","floor":8},{"not_picked":["Ball Lightning","Gash"],"picked":"Capacitor","floor":10},{"not_picked":["Hello World","Sweeping Beam"],"picked":"Go for the Eyes","floor":13},{"not_picked":["Gash","Undo"],"picked":"Double Energy","floor":14},{"not_picked":["Hyperbeam","Machine Learning"],"picked":"Electrodynamics","floor":16},{"not_picked":["Beam Cell","Scrape+1"],"picked":"Rebound","floor":18},{"not_picked":["Recycle","Loop"],"picked":"Barrage+1","floor":20},{"not_picked":["Barrage","Compile Driver+1"],"picked":"Cold Snap","floor":24},{"not_picked":["Hyperbeam","Stack"],"picked":"Leap+1","floor":27},{"not_picked":["Stack","Compile Driver"],"picked":"Glacier","floor":28},{"not_picked":["Rip and Tear","Compile Driver"],"picked":"Hologram+1","floor":29},{"not_picked":["Scrape","Stack","Sweeping Beam"],"picked":"SKIP","floor":30},{"not_picked":["Leap","Aggregate","Rebound"],"picked":"SKIP","floor":31},{"not_picked":["Meteor Strike","Multi-Cast"],"picked":"Buffer","floor":33},{"not_picked":["Turbo+1","Steam"],"picked":"Leap+1","floor":35},{"not_picked":["Double Energy+1","Hologram"],"picked":"Recycle+1","floor":37},{"not_picked":["Steam","Double Energy+1"],"picked":"Blizzard","floor":38},{"not_picked":["Leap","Steam"],"picked":"Go for the Eyes+1","floor":48}],"player_experience":471176,"relics_obtained":[{"floor":9,"key":"Blue Candle"},{"floor":13,"key":"Regal Pillow"},{"floor":26,"key":"Symbiotic Virus"},{"floor":27,"key":"Oddly Smooth Stone"},{"floor":31,"key":"WingedGreaves"},{"floor":38,"key":"Peace Pipe"},{"floor":43,"key":"Centennial Puzzle"}],"event_choices":[{"damage_healed":0,"gold_gain":0,"player_choice":"Full Heal","damage_taken":0,"max_hp_gain":0,"max_hp_loss":0,"event_name":"Wheel of Change","floor":2,"gold_loss":0},{"damage_healed":0,"gold_gain":0,"player_choice":"Joined the Cult","damage_taken":6,"max_hp_gain":0,"max_hp_loss":0,"event_name":"Nest","floor":19,"gold_loss":0,"cards_obtained":["RitualDagger"]},{"cards_removed":["Double Energy"],"damage_healed":10,"gold_gain":0,"player_choice":"Offered Uncommon","damage_taken":0,"max_hp_gain":0,"max_hp_loss":0,"event_name":"Bonfire Elementals","floor":22,"gold_loss":0},{"cards_removed":["Cold Snap"],"damage_healed":0,"gold_gain":0,"player_choice":"Removed Attack","damage_taken":0,"max_hp_gain":0,"max_hp_loss":0,"event_name":"Falling","floor":36,"gold_loss":0},{"damage_healed":0,"gold_gain":0,"player_choice":"Fight","damage_taken":0,"max_hp_gain":0,"max_hp_loss":0,"event_name":"Mysterious Sphere","floor":38,"gold_loss":0},{"damage_healed":0,"gold_gain":0,"player_choice":"Embrace Madness","damage_taken":9,"max_hp_gain":0,"max_hp_loss":0,"event_name":"Winding Halls","floor":41,"gold_loss":0,"cards_obtained":["Madness","Madness"]},{"damage_healed":0,"gold_gain":0,"player_choice":"Ignored","damage_taken":0,"max_hp_gain":0,"max_hp_loss":0,"event_name":"SecretPortal","floor":47,"gold_loss":0}],"is_beta":false,"boss_relics":[{"not_picked":["White Beast Statue","Eternal Feather"],"picked":"Fusion Hammer"},{"not_picked":["Velvet Choker","Runic Pyramid"],"picked":"Cursed Key"}],"items_purged_floors":[21,39,45],"is_endless":false,"potions_floor_spawned":[3,5,10,16,18,20,29,30,35,37],"ascension_level":0}