{"gold_per_floor":[216,216,166,14,30,30,60,71,71,83,1,20,53,53,53,156,156,175,188,202,72,72,72,97,147,199,211,223,248,260,287,299,411,423,450,480,492],"floor_reached":37,"playtime":1641,"items_purged":["Strike_B"],"score":541,"play_id":"bc9276f2-6d81-40f4-8e1a-1667205236c0","local_time":"20190425221955","is_ascension_mode":true,"campfire_choices":[{"data":"Zap","floor":6,"key":"SMITH"},{"floor":15,"key":"REST"},{"data":"Storm","floor":23,"key":"SMITH"},{"floor":27,"key":"REST"},{"data":"Defragment","floor":32,"key":"SMITH"}],"neow_cost":"NONE","seed_source_timestamp":14897566872054,"circlet_count":0,"master_deck":["Strike_B","Strike_B","Defend_B","Defend_B","Defend_B","Defend_B","Zap+1","Dualcast","Compile Driver","Ball Lightning","Coolheaded","Auto Shields","Defragment+1","Ball Lightning","Capacitor","Doom and Gloom","Storm+1","Seek","Machine Learning","Hologram","Barrage","Glacier","Coolheaded","Defragment+1","Genetic Algorithm","Self Repair","Core Surge","Conserve Battery+1","Go for the Eyes+1"],"relics":["Cracked Core","Cables","Pantograph","Orichalcum","Black Star","Mango","Thread and Needle","MawBank","Nuclear Battery"],"potions_floor_usage":[13,24,36,37],"damage_taken":[{"damage":7,"enemies":"Small Slimes","floor":1,"turns":3},{"damage":0,"enemies":"Jaw Worm","floor":5,"turns":4},{"damage":9,"enemies":"3 Sentries","floor":7,"turns":8},{"damage":0,"enemies":"2 Louse","floor":8,"turns":2},{"damage":14,"enemies":"Lots of Slimes","floor":10,"turns":3},{"damage":4,"enemies":"Large Slime","floor":12,"turns":6},{"damage":14,"enemies":"Lagavulin","floor":13,"turns":4},{"damage":0,"enemies":"Slime Boss","floor":16,"turns":5},{"damage":5,"enemies":"Shell Parasite","floor":18,"turns":6},{"damage":19,"enemies":"Spheric Guardian","floor":19,"turns":4},{"damage":23,"enemies":"Snake Plant","floor":20,"turns":4},{"damage":40,"enemies":"Gremlin Leader","floor":24,"turns":6},{"damage":5,"enemies":"3 Cultists","floor":29,"turns":5},{"damage":0,"enemies":"Snecko","floor":31,"turns":5},{"damage":71,"enemies":"Collector","floor":33,"turns":14},{"damage":1,"enemies":"3 Shapes","floor":35,"turns":3},{"damage":18,"enemies":"3 Darklings","floor":36,"turns":6},{"damage":86,"enemies":"2 Orb Walkers","floor":37,"turns":5}],"seed_played":"-5372387348812895930","potions_obtained":[{"floor":5,"key":"Strength Potion"},{"floor":7,"key":"Weak Potion"},{"floor":12,"key":"Fire Potion"},{"floor":16,"key":"SmokeBomb"},{"floor":18,"key":"GamblersBrew"},{"floor":31,"key":"Energy Potion"},{"floor":36,"key":"Fire Potion"}],"is_trial":false,"path_per_floor":["?","?","$","M","?","M","?","?","M","?","M","?"],"character_chosen":"DEFECT","items_purchased":["Ball Lightning","Coolheaded","Doom and Gloom","Glacier","Coolheaded"],"campfire_rested":2,"item_purchase_floors":[4,4,11,21,21],"current_hp_per_floor":[68,73,73,73,73,73,64,64,64,50,50,46,32,32,56,80,80,75,56,33,33,59,59,33,33,33,61,61,56,56,56,56,17,94,94,83,0],"gold":492,"neow_bonus":"HUNDRED_GOLD","is_prod":false,"is_daily":false,"chose_seed":false,"campfire_upgraded":3,"win_rate":0,"timestamp":1556205595,"path_taken":["M","?","?","?","M","R","E","M","T","M","$","?","E","?","R","BOSS","M","?","M","$","?","R","E","?","T","R","$","?","?","?","R","BOSS","M","M","?"],"build_version":"2019-01-23","purchased_purges":1,"victory":false,"max_hp_per_floor":[75,80,80,80,80,80,80,80,80,80,80,80,80,80,80,80,80,80,80,80,80,80,80,94,94,94,94,94,94,94,94,94,94,94,94,94,94],"card_choices":[{"not_picked":["Coolheaded","Hologram"],"picked":"Compile Driver","floor":1},{"not_picked":["Coolheaded","Force Field"],"picked":"Auto Shields","floor":5},{"not_picked":["Sunder","Scrape"],"picked":"Defragment","floor":7},{"not_picked":["Rip and Tear","Barrage"],"picked":"Ball Lightning","floor":8},{"not_picked":["Coolheaded","Hologram"],"picked":"Capacitor","floor":10},{"not_picked":["Barrage","Steam"],"picked":"Storm","floor":12},{"not_picked":["Compile Driver","Hologram"],"picked":"Seek","floor":13},{"not_picked":["Thunder Strike","Reboot"],"picked":"Machine Learning","floor":16},{"not_picked":["Leap","Redo"],"picked":"Hologram","floor":18},{"not_picked":["Beam Cell","Stack","Reprogram"],"picked":"SKIP","floor":19},{"not_picked":["Gash","Reprogram"],"picked":"Barrage","floor":20},{"not_picked":["Lockon","Double Energy"],"picked":"Defragment","floor":24},{"not_picked":["BootSequence","Darkness"],"picked":"Genetic Algorithm","floor":29},{"not_picked":["Barrage","FTL"],"picked":"Self Repair","floor":31},{"not_picked":["Machine Learning","Rainbow"],"picked":"Core Surge","floor":33},{"not_picked":["Redo+1","Go for the Eyes"],"picked":"Conserve Battery+1","floor":35},{"not_picked":["Stack+1","Ball Lightning+1"],"picked":"Go for the Eyes+1","floor":36}],"player_experience":47782,"relics_obtained":[{"floor":7,"key":"Cables"},{"floor":9,"key":"Pantograph"},{"floor":13,"key":"Orichalcum"},{"floor":24,"key":"Mango"},{"floor":24,"key":"Thread and Needle"},{"floor":26,"key":"MawBank"}],"event_choices":[{"damage_healed":0,"gold_gain":0,"player_choice":"Donut","damage_taken":0,"max_hp_gain":5,"max_hp_loss":0,"event_name":"Big Fish","floor":2,"gold_loss":0},{"cards_removed":["Strike_B"],"damage_healed":0,"gold_gain":0,"player_choice":"Card Removal","damage_taken":0,"max_hp_gain":0,"max_hp_loss":0,"event_name":"The Cleric","floor":3,"gold_loss":50},{"damage_healed":0,"gold_gain":0,"player_choice":"Forge","damage_taken":0,"max_hp_gain":0,"max_hp_loss":0,"event_name":"Accursed Blacksmith","floor":14,"gold_loss":0,"cards_upgraded":["Defragment"]},{"damage_healed":26,"gold_gain":0,"player_choice":"Heal","damage_taken":0,"max_hp_gain":0,"max_hp_loss":0,"event_name":"The Library","floor":22,"gold_loss":0},{"damage_healed":0,"gold_gain":100,"player_choice":"Bet on Murderer","damage_taken":0,"max_hp_gain":0,"max_hp_loss":0,"event_name":"The Joust","floor":25,"gold_loss":50},{"damage_healed":0,"gold_gain":0,"player_choice":"Bought 0 Potions","damage_taken":0,"max_hp_gain":0,"max_hp_loss":0,"event_name":"The Woman in Blue","floor":30,"gold_loss":0},{"damage_healed":0,"gold_gain":0,"player_choice":"Fight","damage_taken":0,"max_hp_gain":0,"max_hp_loss":0,"event_name":"Mysterious Sphere","floor":37,"gold_loss":0}],"is_beta":false,"boss_relics":[{"not_picked":["White Beast Statue","Fusion Hammer"],"picked":"Black Star"},{"not_picked":["Empty Cage","Snecko Eye"],"picked":"Nuclear Battery"}],"items_purged_floors":[4],"is_endless":false,"potions_floor_spawned":[5,7,12,16,18,31,36],"killed_by":"2 Orb Walkers","ascension_level":3}