{"gold_per_floor":[111,124,140,19,19,52,25,25,25,25,39,14,32,46,46,169,169,182,182,11,42,66,66,89,114,141,141,154,154,179,192,192,318,318,332,353,413,436,436,436,2,21,21,146,170,170,211,61,61,61],"floor_reached":50,"playtime":2670,"items_purged":["Strike_B","Strike_B","Strike_B","Strike_B"],"score":526,"play_id":"4fc33762-5e8e-4583-9373-2e26362a1079","local_time":"20190424174845","is_ascension_mode":false,"campfire_choices":[{"floor":8,"key":"REST"},{"floor":15,"key":"REST"},{"floor":23,"key":"REST"},{"floor":27,"key":"REST"},{"data":"Zap","floor":29,"key":"SMITH"},{"data":"Fission","floor":32,"key":"SMITH"},{"floor":40,"key":"REST"},{"floor":46,"key":"RECALL"},{"floor":49,"key":"REST"}],"neow_cost":"NONE","seed_source_timestamp":19217188861133,"circlet_count":0,"master_deck":["Defend_B","Defend_B","Defend_B","Defend_B","Zap+1","Dualcast","Reinforced Body","Cold Snap","Compile Driver","Leap","Cold Snap+1","Fission+1","Sweeping Beam+1","Cold Snap+1","Ball Lightning+1","Core Surge+1","Lockon+1","Melter+1","Conserve Battery+1","Undo","Doom and Gloom+1","Defragment+1","Echo Form","Turbo","Go for the Eyes+1","Redo","Self Repair+1","Recycle","Coolheaded","Coolheaded+1"],"relics":["Cracked Core","Golden Idol","Molten Egg 2","Shuriken","Runic Pyramid","FaceOfCleric","Red Mask","Bag of Marbles","Fusion Hammer","Unceasing Top","Pantograph","Ginger","Gremlin Horn"],"potions_floor_usage":[6,6,16,16],"damage_taken":[{"damage":1,"enemies":"Cultist","floor":1,"turns":3},{"damage":2,"enemies":"2 Louse","floor":2,"turns":2},{"damage":0,"enemies":"Small Slimes","floor":3,"turns":2},{"damage":68,"enemies":"Gremlin Nob","floor":6,"turns":7},{"damage":0,"enemies":"Exordium Thugs","floor":11,"turns":5},{"damage":0,"enemies":"2 Fungi Beasts","floor":13,"turns":3},{"damage":0,"enemies":"Large Slime","floor":14,"turns":4},{"damage":0,"enemies":"Slime Boss","floor":16,"turns":4},{"damage":16,"enemies":"3 Byrds","floor":18,"turns":5},{"damage":21,"enemies":"Masked Bandits","floor":21,"turns":4},{"damage":0,"enemies":"Chosen","floor":22,"turns":4},{"damage":20,"enemies":"Shelled Parasite and Fungi","floor":24,"turns":6},{"damage":0,"enemies":"Centurion and Healer","floor":25,"turns":9},{"damage":1,"enemies":"3 Cultists","floor":28,"turns":4},{"damage":0,"enemies":"Chosen and Byrds","floor":30,"turns":5},{"damage":6,"enemies":"Centurion and Healer","floor":31,"turns":6},{"damage":31,"enemies":"Champ","floor":33,"turns":12},{"damage":0,"enemies":"3 Shapes","floor":35,"turns":2},{"damage":1,"enemies":"3 Darklings","floor":36,"turns":5},{"damage":38,"enemies":"2 Orb Walkers","floor":37,"turns":4},{"damage":9,"enemies":"Maw","floor":38,"turns":8},{"damage":8,"enemies":"Sphere and 2 Shapes","floor":42,"turns":3},{"damage":18,"enemies":"Mind Bloom Boss Battle","floor":44,"turns":6},{"damage":3,"enemies":"3 Darklings","floor":45,"turns":5},{"damage":31,"enemies":"Giant Head","floor":47,"turns":10},{"damage":88,"enemies":"Time Eater","floor":50,"turns":12}],"seed_played":"-7485617801131290836","potions_obtained":[{"floor":0,"key":"Weak Potion"},{"floor":0,"key":"SneckoOil"},{"floor":0,"key":"FairyPotion"},{"floor":2,"key":"EssenceOfSteel"},{"floor":11,"key":"SkillPotion"},{"floor":13,"key":"FocusPotion"},{"floor":16,"key":"SpeedPotion"},{"floor":21,"key":"SpeedPotion"},{"floor":22,"key":"Dexterity Potion"},{"floor":35,"key":"Block Potion"},{"floor":38,"key":"LiquidBronze"},{"floor":45,"key":"Fruit Juice"}],"is_trial":false,"path_per_floor":["M","$","?","?","M","?","$","?","?","?","?"],"character_chosen":"DEFECT","items_purchased":["Compile Driver","Cold Snap+1","Sweeping Beam+1","Melter+1","Redo","Pantograph"],"campfire_rested":6,"item_purchase_floors":[4,7,12,20,41,41],"current_hp_per_floor":[74,72,72,72,69,1,1,21,21,21,21,21,21,21,41,41,69,53,53,53,33,34,55,36,37,37,58,58,58,59,54,54,24,77,78,78,41,33,33,57,57,50,50,78,84,84,64,64,85,0],"gold":61,"neow_bonus":"THREE_SMALL_POTIONS","is_prod":false,"is_daily":false,"chose_seed":false,"campfire_upgraded":2,"win_rate":0,"timestamp":1556102925,"path_taken":["M","?","M","?","?","E","$","R","T","?","?","$","M","M","R","BOSS","M","?","?","?","M","R","M","M","T","R","M","R","M","M","R","BOSS","M","M","?","M","?","R","$","M","T","?","M","R","E","$","R","BOSS"],"build_version":"2019-01-23","purchased_purges":4,"victory":false,"max_hp_per_floor":[75,75,75,75,69,69,69,69,69,69,69,69,69,69,69,69,69,69,69,69,70,71,71,72,73,73,73,74,74,75,76,76,77,77,78,79,80,81,81,81,81,82,82,83,84,84,85,85,85,85],"card_choices":[{"not_picked":["Redo","Fusion"],"picked":"Reinforced Body","floor":1},{"not_picked":["Heatsinks","Steam","Scrape"],"picked":"SKIP","floor":2},{"not_picked":["Redo","Self Repair"],"picked":"Cold Snap","floor":3},{"not_picked":["Hologram","Chaos"],"picked":"Leap","floor":6},{"not_picked":["Stack","Recycle"],"picked":"Fission","floor":11},{"not_picked":["Loop","Compile Driver+1"],"picked":"Cold Snap+1","floor":13},{"not_picked":["Lockon+1","Barrage+1"],"picked":"Ball Lightning+1","floor":14},{"not_picked":["Machine Learning","All For One+1"],"picked":"Core Surge+1","floor":16},{"not_picked":["Steam Power","Hello World"],"picked":"Lockon+1","floor":18},{"not_picked":["Lockon+1","Beam Cell+1"],"picked":"Conserve Battery+1","floor":21},{"not_picked":["Rip and Tear+1","Sweeping Beam+1"],"picked":"Undo","floor":22},{"not_picked":["Recycle","Steam"],"picked":"Doom and Gloom+1","floor":24},{"not_picked":["Force Field+1","Compile Driver+1","Skim+1"],"picked":"SKIP","floor":25},{"not_picked":["Steam Power","Skim","Stack"],"picked":"SKIP","floor":28},{"not_picked":["Hello World","Gash+1","Consume"],"picked":"SKIP","floor":30},{"not_picked":["Go for the Eyes+1","Cold Snap+1"],"picked":"Defragment+1","floor":31},{"not_picked":["Amplify","Multi-Cast"],"picked":"Echo Form","floor":33},{"not_picked":["Rip and Tear+1","Streamline+1"],"picked":"Static Discharge","floor":35},{"not_picked":["Cold Snap+1","Aggregate+1"],"picked":"Turbo","floor":36},{"not_picked":["Heatsinks","Darkness"],"picked":"Go for the Eyes+1","floor":38},{"not_picked":["Turbo","Genetic Algorithm"],"picked":"Self Repair+1","floor":42},{"not_picked":["Doom and Gloom+1","Steam+1"],"picked":"Recycle","floor":44},{"not_picked":["Self Repair+1","Barrage+1"],"picked":"Coolheaded","floor":45},{"not_picked":["Rebound+1","Beam Cell+1"],"picked":"Coolheaded+1","floor":47}],"player_experience":32436,"relics_obtained":[{"floor":6,"key":"Molten Egg 2"},{"floor":9,"key":"Shuriken"},{"floor":21,"key":"Red Mask"},{"floor":26,"key":"Bag of Marbles"},{"floor":37,"key":"Unceasing Top"},{"floor":44,"key":"Ginger"},{"floor":47,"key":"Gremlin Horn"}],"event_choices":[{"damage_healed":0,"gold_gain":0,"player_choice":"Lose Max HP","damage_taken":0,"relics_obtained":["Golden Idol"],"max_hp_gain":0,"max_hp_loss":6,"event_name":"Golden Idol","floor":5,"gold_loss":0},{"damage_healed":0,"gold_gain":0,"player_choice":"Fled","damage_taken":0,"max_hp_gain":0,"max_hp_loss":0,"event_name":"Scrap Ooze","floor":10,"gold_loss":0},{"damage_healed":0,"gold_gain":0,"player_choice":"Trade","damage_taken":0,"relics_obtained":["FaceOfCleric"],"max_hp_gain":0,"max_hp_loss":0,"event_name":"FaceTrader","floor":19,"gold_loss":0},{"damage_healed":0,"gold_gain":0,"player_choice":"Fought Bandits","damage_taken":0,"max_hp_gain":0,"max_hp_loss":0,"event_name":"Masked Bandits","floor":21,"gold_loss":0},{"damage_healed":0,"gold_gain":0,"player_choice":"Fight","damage_taken":0,"max_hp_gain":0,"max_hp_loss":0,"event_name":"Mysterious Sphere","floor":37,"gold_loss":0},{"cards_removed":["Static Discharge"],"damage_healed":0,"gold_gain":0,"player_choice":"Removed Power","damage_taken":0,"max_hp_gain":0,"max_hp_loss":0,"event_name":"Falling","floor":39,"gold_loss":0},{"damage_healed":0,"gold_gain":0,"player_choice":"Fight","damage_taken":0,"max_hp_gain":0,"max_hp_loss":0,"event_name":"MindBloom","floor":44,"gold_loss":0}],"is_beta":false,"boss_relics":[{"not_picked":["Philosopher\u0027s Stone","Tiny House"],"picked":"Runic Pyramid"},{"not_picked":["Velvet Choker","Inserter"],"picked":"Fusion Hammer"}],"items_purged_floors":[4,20,41,48],"is_endless":false,"potions_floor_spawned":[2,3,11,13,16,21,22,30,31,35,36,38,45,47],"killed_by":"Time Eater","ascension_level":0}