{"gold_per_floor":[117,129,143,143,125,125,153,118,118,137,150,183,183,195,195,297,297,311,411,411,428,438,469,483,499,526,200,200,219,246,262,262,361,361,376,376,390,410,79,79,79,79,79,79,98,110,73,85,85,85],"floor_reached":51,"playtime":3739,"items_purged":["Strike_G"],"score":755,"play_id":"226403f8-211d-4b91-8b2f-c2cd98c0066a","local_time":"20190410200241","is_ascension_mode":false,"campfire_choices":[{"floor":6.0,"key":"REST"},{"floor":13.0,"key":"REST"},{"data":"Riddle With Holes","floor":15.0,"key":"SMITH"},{"floor":28,"key":"REST"},{"floor":32,"key":"REST"},{"floor":40,"key":"REST"},{"floor":42,"key":"REST"},{"data":"Survivor","floor":44,"key":"SMITH"},{"floor":49,"key":"REST"}],"neow_cost":"PERCENT_DAMAGE","seed_source_timestamp":84147244842158,"circlet_count":0,"master_deck":["Defend_G","Defend_G","Defend_G","Defend_G","Strike_G","Strike_G","Strike_G","Survivor+1","Neutralize","PiercingWail","Infinite Blades","Endless Agony","Bouncing Flask","Deflect","Riddle With Holes+1","Corpse Explosion","Quick Slash","Deadly Poison+1","Catalyst+1","PiercingWail+1","Cloak And Dagger+1","Flying Knee+1","Dodge and Roll+1","Endless Agony+1","Normality","Backstab+1","Catalyst+1","Backflip+1","PiercingWail+1","Adrenaline+1","Cloak And Dagger+1","PiercingWail+1","Pain","Skewer+1","Deadly Poison+1","Skewer+1"],"special_seed":0,"relics":["Ring of the Snake","Potion Belt","Pantograph","Ancient Tea Set","Lantern","Cursed Key","Du-Vu Doll","Toxic Egg 2","Molten Egg 2","Happy Flower","Ice Cream","Tingsha","HoveringKite","Nunchaku","Bottled Flame","Frozen Egg 2"],"potions_floor_usage":[22,22,33,33,33,45,50],"damage_taken":[{"damage":0.0,"enemies":"Small Slimes","floor":1.0,"turns":4.0},{"damage":0.0,"enemies":"2 Louse","floor":2.0,"turns":4.0},{"damage":0.0,"enemies":"Jaw Worm","floor":3.0,"turns":5.0},{"damage":6.0,"enemies":"Exordium Thugs","floor":5.0,"turns":4.0},{"damage":20.0,"enemies":"Gremlin Nob","floor":7.0,"turns":5.0},{"damage":3.0,"enemies":"Red Slaver","floor":10.0,"turns":3.0},{"damage":1.0,"enemies":"Blue Slaver","floor":11.0,"turns":4.0},{"damage":19.0,"enemies":"3 Sentries","floor":12.0,"turns":8.0},{"damage":0.0,"enemies":"Lots of Slimes","floor":14.0,"turns":3.0},{"damage":26.0,"enemies":"Slime Boss","floor":16.0,"turns":12.0},{"damage":15.0,"enemies":"Spheric Guardian","floor":18.0,"turns":4.0},{"damage":11,"enemies":"Colosseum Slavers","floor":19,"turns":2},{"damage":5,"enemies":"Colosseum Nobs","floor":19,"turns":2},{"damage":11,"enemies":"2 Thieves","floor":21,"turns":3},{"damage":6,"enemies":"Snecko","floor":22,"turns":3},{"damage":0,"enemies":"Gremlin Leader","floor":23,"turns":5},{"damage":0,"enemies":"Snake Plant","floor":24,"turns":4},{"damage":19,"enemies":"Shelled Parasite and Fungi","floor":25,"turns":4},{"damage":10,"enemies":"Centurion and Healer","floor":29,"turns":5},{"damage":35,"enemies":"Book of Stabbing","floor":30,"turns":6},{"damage":14,"enemies":"Snake Plant","floor":31,"turns":3},{"damage":52,"enemies":"Collector","floor":33,"turns":8},{"damage":9,"enemies":"3 Shapes","floor":35,"turns":2},{"damage":0,"enemies":"Orb Walker","floor":37,"turns":3},{"damage":53,"enemies":"Sphere and 2 Shapes","floor":38,"turns":5},{"damage":9,"enemies":"3 Darklings","floor":45,"turns":6},{"damage":7,"enemies":"Transient","floor":46,"turns":5},{"damage":10,"enemies":"Writhing Mass","floor":48,"turns":3},{"damage":23,"enemies":"Time Eater","floor":50,"turns":8}],"seed_played":"-6475977001835786132","potions_obtained":[{"floor":2.0,"key":"Block Potion"},{"floor":5.0,"key":"EssenceOfSteel"},{"floor":10.0,"key":"LiquidBronze"},{"floor":11.0,"key":"Energy Potion"},{"floor":19,"key":"PowerPotion"},{"floor":21,"key":"EssenceOfSteel"},{"floor":23,"key":"Ancient Potion"},{"floor":30,"key":"Fire Potion"},{"floor":31,"key":"Strength Potion"},{"floor":35,"key":"SpeedPotion"},{"floor":37,"key":"SpeedPotion"},{"floor":46,"key":"SteroidPotion"},{"floor":48,"key":"Explosive Potion"}],"is_trial":false,"path_per_floor":["M","M","M","?","M","R","E","?","T","M","M","E","R","M","R","B",null,"M","?","?","M","M","E","M","M","T","$","R","M","E","M","R","B",null,"M","?","M","M","$","R","?","R","T","R","M","M","$","M","R","B",null],"character_chosen":"THE_SILENT","items_purchased":["Ice Cream","Backstab+1","Bottled Flame","Skewer+1"],"campfire_rested":7,"item_purchase_floors":[27,27,39,47],"current_hp_per_floor":[49,49,49,31,25,46,26,43,43,40,39,20,41,41,41,40,70,55,39,80,69,63,63,63,44,44,44,68,58,23,9,33,6,80,71,71,71,18,18,42,42,66,66,66,57,50,50,40,64,57],"gold":85,"neow_bonus":"REMOVE_TWO","is_prod":false,"is_daily":false,"chose_seed":false,"campfire_upgraded":2,"win_rate":0.0,"timestamp":1554940961,"path_taken":["M","M","M","?","M","R","E","?","T","M","M","E","R","M","R","BOSS","M","?","?","M","M","E","M","?","T","$","R","M","E","M","R","BOSS","M","?","?","M","$","R","?","R","T","R","M","?","$","M","R","BOSS"],"build_version":"2019-01-23","purchased_purges":1,"victory":true,"max_hp_per_floor":[70,70,70,70,70,70,70,70,70,70,70,70,70,70,70,70,70,70,70,80,80,80,80,80,80,80,80,80,80,80,80,80,80,80,80,80,80,80,80,80,80,80,80,80,80,80,80,80,80,80],"card_choices":[{"not_picked":["Slice","Deadly Poison"],"picked":"PiercingWail","floor":1.0},{"not_picked":["Dagger Throw","Dagger Spray"],"picked":"Slice","floor":2.0},{"not_picked":["Skewer","Flying Knee"],"picked":"Infinite Blades","floor":3.0},{"not_picked":["Underhanded Strike","Dodge and Roll"],"picked":"Endless Agony","floor":5.0},{"not_picked":["Poisoned Stab","Prepared"],"picked":"Bouncing Flask","floor":7.0},{"not_picked":["Flying Knee","Prepared"],"picked":"Deflect","floor":10.0},{"not_picked":["Dagger Spray","Dodge and Roll"],"picked":"Riddle With Holes","floor":11.0},{"not_picked":["Tactician","Blade Dance"],"picked":"Corpse Explosion","floor":12.0},{"not_picked":["Acrobatics","Escape Plan"],"picked":"Quick Slash","floor":14.0},{"not_picked":["Glass Knife","Burst"],"picked":"Corpse Explosion","floor":16.0},{"not_picked":["Prepared+1","Outmaneuver"],"picked":"Deadly Poison+1","floor":18},{"not_picked":["Deadly Poison+1","Quick Slash"],"picked":"Catalyst+1","floor":19},{"not_picked":["Deflect+1","Noxious Fumes"],"picked":"PiercingWail+1","floor":21},{"not_picked":["Bane","Acrobatics+1"],"picked":"Cloak And Dagger+1","floor":22},{"not_picked":["After Image","Quick Slash+1"],"picked":"Flying Knee","floor":23},{"not_picked":["Underhanded Strike+1","Well Laid Plans"],"picked":"Dodge and Roll+1","floor":24},{"not_picked":["Choke+1","Acrobatics+1"],"picked":"Endless Agony+1","floor":25},{"not_picked":["Backflip+1","Footwork"],"picked":"Catalyst+1","floor":29},{"not_picked":["Flechettes+1","Dodge and Roll+1"],"picked":"Backflip+1","floor":30},{"not_picked":["Cloak And Dagger+1","Outmaneuver+1"],"picked":"PiercingWail+1","floor":31},{"not_picked":["Doppelganger+1","Bullet Time+1"],"picked":"Adrenaline+1","floor":33},{"not_picked":["Distraction+1","Acrobatics+1"],"picked":"Cloak And Dagger+1","floor":35},{"not_picked":["Prepared+1","Reflex+1"],"picked":"PiercingWail+1","floor":37},{"not_picked":["Escape Plan+1","Slice+1","Backstab+1"],"picked":"SKIP","floor":38},{"not_picked":["Reflex+1","Sucker Punch+1"],"picked":"Skewer+1","floor":45},{"not_picked":["Catalyst+1","Escape Plan+1"],"picked":"Deadly Poison+1","floor":46},{"not_picked":["Bane+1","Slice+1","Tactician+1"],"picked":"SKIP","floor":48}],"player_experience":100967,"relics_obtained":[{"floor":7.0,"key":"Pantograph"},{"floor":9.0,"key":"Ancient Tea Set"},{"floor":12.0,"key":"Lantern"},{"floor":19,"key":"Du-Vu Doll"},{"floor":19,"key":"Toxic Egg 2"},{"floor":23,"key":"Molten Egg 2"},{"floor":26,"key":"Happy Flower"},{"floor":30,"key":"Tingsha"},{"floor":43,"key":"Frozen Egg 2"}],"event_choices":[{"damage_healed":0.0,"max_hp_gain":0.0,"max_hp_loss":0.0,"gold_gain":0.0,"event_name":"Scrap Ooze","player_choice":"Success","floor":4.0,"gold_loss":0.0,"damage_taken":18.0,"relics_obtained":["Potion Belt"]},{"damage_healed":17.0,"max_hp_gain":0.0,"max_hp_loss":0.0,"gold_gain":0.0,"event_name":"The Cleric","player_choice":"Healed","floor":8.0,"gold_loss":35.0,"damage_taken":0.0},{"damage_healed":0,"gold_gain":0,"player_choice":"Fight","damage_taken":0,"max_hp_gain":0,"max_hp_loss":0,"event_name":"Colosseum","floor":19,"gold_loss":0},{"damage_healed":0,"gold_gain":0,"player_choice":"Fought Nobs","damage_taken":0,"max_hp_gain":0,"max_hp_loss":0,"event_name":"Colosseum","floor":19,"gold_loss":0},{"cards_removed":["Corpse Explosion"],"damage_healed":31,"gold_gain":0,"player_choice":"Offered Rare","damage_taken":0,"max_hp_gain":10,"max_hp_loss":0,"event_name":"Bonfire Elementals","floor":20,"gold_loss":0},{"damage_healed":0,"gold_gain":0,"player_choice":"Gave Potion","damage_taken":0,"relics_obtained":["Nunchaku"],"max_hp_gain":0,"max_hp_loss":0,"event_name":"WeMeetAgain","floor":36,"gold_loss":0},{"cards_removed":["Slice"],"damage_healed":0,"gold_gain":0,"player_choice":"Purged","damage_taken":0,"max_hp_gain":0,"max_hp_loss":0,"event_name":"Purifier","floor":41,"gold_loss":0}],"is_beta":false,"boss_relics":[{"not_picked":["Orrery","Black Star"],"picked":"Cursed Key"},{"not_picked":["Astrolabe","Tiny House"],"picked":"HoveringKite"}],"items_purged_floors":[39],"is_endless":false,"potions_floor_spawned":[2,5,10,11,19,19,21,23,30,31,35,37,46,48],"ascension_level":0}