{"gold_per_floor":[119,129,129,129,140,165,265,265,265,285,210,229,29,46,46,144,144,159,38,58,73,73,73,108,108,108,108,108,134,34,0,0,0],"floor_reached":33,"playtime":1694,"items_purged":["Pain","Strike_G"],"score":283,"play_id":"2a05ee39-4af0-4f3a-b7b4-bd1121a2b096","local_time":"20190414102155","is_ascension_mode":false,"campfire_choices":[{"data":"Bouncing Flask","floor":8,"key":"SMITH"},{"floor":15,"key":"REST"},{"data":"Catalyst","floor":23,"key":"SMITH"},{"floor":25,"key":"REST"},{"floor":32,"key":"REST"}],"neow_cost":"NONE","seed_source_timestamp":1855424776300,"circlet_count":0,"master_deck":["Defend_G","Defend_G","Defend_G","Defend_G","Strike_G+1","Strike_G+1","Strike_G","Survivor","Neutralize","Dramatic Entrance","Bouncing Flask+1","Bane+1","Flying Knee","Backflip","Dagger Spray","Headbutt","Doppelganger","Catalyst+1","Bane","Poisoned Stab","Noxious Fumes","RitualDagger","Footwork","Bullet Time"],"relics":["Ring of the Snake","WarpedTongs","Tingsha","WingedGreaves","PrismaticShard","Black Star","Ginger","Torii","Ninja Scroll","Whetstone","Toxic Egg 2"],"potions_floor_usage":[6,18,21,21,24,29],"damage_taken":[{"damage":0,"enemies":"2 Louse","floor":1,"turns":2},{"damage":0,"enemies":"Cultist","floor":2,"turns":3},{"damage":3,"enemies":"Small Slimes","floor":5,"turns":2},{"damage":14,"enemies":"3 Sentries","floor":6,"turns":9},{"damage":2,"enemies":"Gremlin Gang","floor":10,"turns":3},{"damage":0,"enemies":"Exordium Thugs","floor":12,"turns":3},{"damage":0,"enemies":"Lots of Slimes","floor":14,"turns":2},{"damage":28,"enemies":"The Guardian","floor":16,"turns":8},{"damage":5,"enemies":"Shell Parasite","floor":18,"turns":5},{"damage":0,"enemies":"3 Byrds","floor":20,"turns":5},{"damage":3,"enemies":"Centurion and Healer","floor":21,"turns":4},{"damage":32,"enemies":"Slavers","floor":24,"turns":6},{"damage":7,"enemies":"Gremlin Leader","floor":29,"turns":6},{"damage":65,"enemies":"Champ","floor":33,"turns":8}],"seed_played":"7456781070557181569","potions_obtained":[{"floor":1,"key":"Energy Potion"},{"floor":2,"key":"GhostInAJar"},{"floor":6,"key":"Fire Potion"},{"floor":10,"key":"Fire Potion"},{"floor":20,"key":"Energy Potion"},{"floor":21,"key":"Swift Potion"}],"is_trial":false,"path_per_floor":["M","M","?","?","M","E","?","R","T","M","$","M","$","M","R","B",null,"M","$","M","M","?","R","E","R","T","?","?","E","$","?","R","B"],"character_chosen":"THE_SILENT","items_purchased":["PrismaticShard","Catalyst","Bane"],"campfire_rested":3,"item_purchase_floors":[13,19,19],"current_hp_per_floor":[70,70,70,70,67,53,53,53,53,51,51,51,51,51,70,42,70,65,65,65,62,62,62,30,51,51,45,45,38,38,38,59,0],"gold":0,"neow_bonus":"RANDOM_COLORLESS","is_prod":false,"is_daily":false,"chose_seed":false,"campfire_upgraded":2,"win_rate":0,"timestamp":1555262515,"path_taken":["M","M","?","?","?","E","?","R","T","?","$","M","?","M","R","BOSS","M","?","M","M","?","R","E","R","T","?","?","E","$","?","R","BOSS"],"build_version":"2019-01-23","purchased_purges":2,"victory":false,"max_hp_per_floor":[70,70,70,70,70,70,70,70,70,70,70,70,70,70,70,70,70,70,70,70,70,70,70,70,70,70,70,70,70,70,70,70,70],"card_choices":[{"not_picked":["Calculated Gamble","Dodge and Roll"],"picked":"Bouncing Flask","floor":1},{"not_picked":["Dash","Sucker Punch"],"picked":"Bane","floor":2},{"not_picked":["Cloak And Dagger","Slice"],"picked":"Flying Knee","floor":5},{"not_picked":["Reflex","Dodge and Roll","Heel Hook"],"picked":"SKIP","floor":6},{"not_picked":["Choke","Masterful Stab"],"picked":"Backflip","floor":10},{"not_picked":["Backflip","Outmaneuver"],"picked":"Dagger Spray","floor":12},{"not_picked":["Barrage","Deep Breath"],"picked":"Headbutt","floor":14},{"not_picked":["A Thousand Cuts","Fiend Fire"],"picked":"Doppelganger","floor":16},{"not_picked":["Warcry+1","Sever Soul","Shockwave+1"],"picked":"SKIP","floor":18},{"not_picked":["Beam Cell","Sword Boomerang"],"picked":"Poisoned Stab","floor":20},{"not_picked":["Cold Snap","Iron Wave","Eviscerate"],"picked":"SKIP","floor":21},{"not_picked":["Concentrate","Steam","Multi-Cast"],"picked":"SKIP","floor":24},{"not_picked":["Whirlwind","Poisoned Stab","Prepared+1"],"picked":"SKIP","floor":29}],"player_experience":135987,"relics_obtained":[{"floor":6,"key":"Tingsha"},{"floor":9,"key":"WingedGreaves"},{"floor":24,"key":"Ginger"},{"floor":24,"key":"Torii"},{"floor":26,"key":"Ninja Scroll"},{"floor":29,"key":"Whetstone"},{"floor":29,"key":"Toxic Egg 2"}],"event_choices":[{"damage_healed":0,"gold_gain":0,"player_choice":"Grow","damage_taken":0,"max_hp_gain":0,"max_hp_loss":0,"event_name":"Living Wall","floor":3,"gold_loss":0,"cards_upgraded":["Bane"]},{"damage_healed":0,"gold_gain":0,"player_choice":"Rummage","damage_taken":0,"relics_obtained":["WarpedTongs"],"max_hp_gain":0,"max_hp_loss":0,"event_name":"Accursed Blacksmith","floor":4,"gold_loss":0,"cards_obtained":["Pain"]},{"damage_healed":0,"gold_gain":100,"player_choice":"Gold","damage_taken":0,"max_hp_gain":0,"max_hp_loss":0,"event_name":"Wheel of Change","floor":7,"gold_loss":0},{"damage_healed":0,"gold_gain":0,"player_choice":"Read","damage_taken":0,"max_hp_gain":0,"max_hp_loss":0,"event_name":"The Library","floor":22,"gold_loss":0,"cards_obtained":["Noxious Fumes"]},{"damage_healed":0,"gold_gain":0,"player_choice":"Joined the Cult","damage_taken":6,"max_hp_gain":0,"max_hp_loss":0,"event_name":"Nest","floor":27,"gold_loss":0,"cards_obtained":["RitualDagger"]},{"damage_healed":0,"gold_gain":0,"cards_transformed":["Defend_G","Strike_G"],"player_choice":"Became Test Subject","damage_taken":0,"max_hp_gain":0,"max_hp_loss":0,"event_name":"Drug Dealer","floor":28,"gold_loss":0,"cards_obtained":["Footwork","Bullet Time"]},{"damage_healed":0,"gold_gain":0,"player_choice":"Paid Fearfully","damage_taken":0,"max_hp_gain":0,"max_hp_loss":0,"event_name":"Masked Bandits","floor":31,"gold_loss":34}],"is_beta":false,"boss_relics":[{"not_picked":["Busted Crown","WristBlade"],"picked":"Black Star"}],"items_purged_floors":[11,30],"is_endless":false,"potions_floor_spawned":[1,2,6,10,20,21],"killed_by":"Champ","ascension_level":0}