{"gold_per_floor":[118,118,131,81,92,92,17,17,44,44,64,64,28,39,39,137,137,148,48,48,63,81,81],"floor_reached":23,"playtime":1477,"items_purged":["Defend_B","Defend_B"],"score":281,"play_id":"2b151e03-6860-4bc5-ac3d-fa1b4274111d","local_time":"20190225223129","is_ascension_mode":true,"campfire_choices":[{"data":"Defragment","floor":6,"key":"SMITH"},{"data":"Fission","floor":8,"key":"SMITH"},{"data":"Sunder","floor":10,"key":"SMITH"},{"data":"Rainbow","floor":12,"key":"SMITH"},{"floor":15,"key":"REST"}],"neow_cost":"TEN_PERCENT_HP_LOSS","seed_source_timestamp":751315876013615,"circlet_count":0,"master_deck":["AscendersBane","Defend_B","Zap","Dualcast","Fission+1","Static Discharge","Defragment+1","Sunder+1","Rainbow+1","FTL","Buffer","Defragment","Cold Snap+1"],"relics":["Cracked Core","Art of War","Velvet Choker"],"potions_floor_usage":[5,14,18,23,23],"damage_taken":[{"damage":9,"enemies":"Jaw Worm","floor":1,"turns":4},{"damage":8,"enemies":"2 Louse","floor":3,"turns":3},{"damage":0,"enemies":"Small Slimes","floor":5,"turns":3},{"damage":6,"enemies":"Looter","floor":11,"turns":2},{"damage":0,"enemies":"Lots of Slimes","floor":14,"turns":3},{"damage":19,"enemies":"Hexaghost","floor":16,"turns":6},{"damage":8,"enemies":"3 Byrds","floor":18,"turns":3},{"damage":7,"enemies":"Chosen","floor":21,"turns":3},{"damage":29,"enemies":"Snake Plant","floor":22,"turns":3},{"damage":17,"enemies":"Gremlin Leader","floor":23,"turns":2}],"seed_played":"-220520103939557697","potions_obtained":[{"floor":3,"key":"Weak Potion"},{"floor":5,"key":"Energy Potion"},{"floor":16,"key":"AttackPotion"},{"floor":21,"key":"SteroidPotion"},{"floor":22,"key":"FearPotion"}],"is_trial":false,"path_per_floor":["M","?","M","?","M","R","$","R","T","R","M","R","$","M","R","B",null,"M","$","?","M","M","E"],"character_chosen":"DEFECT","items_purchased":["FTL"],"campfire_rested":1,"item_purchase_floors":[13],"current_hp_per_floor":[59,52,44,44,44,44,44,44,44,44,38,38,38,38,58,39,61,53,53,53,46,17,0],"gold":81,"neow_bonus":"TRANSFORM_TWO_CARDS","is_prod":false,"is_daily":false,"chose_seed":false,"campfire_upgraded":4,"win_rate":0,"timestamp":1551130289,"path_taken":["M","?","M","?","M","R","$","R","T","R","M","R","$","M","R","BOSS","M","$","?","M","M","E"],"build_version":"2019-01-23","purchased_purges":2,"victory":false,"max_hp_per_floor":[68,68,68,68,68,68,68,68,68,68,68,68,68,68,68,68,68,68,68,68,68,68,68],"card_choices":[{"not_picked":["Rebound","Scrape"],"picked":"Defragment","floor":1},{"not_picked":["Static Discharge","Redo"],"picked":"Sunder","floor":3},{"not_picked":["Compile Driver","Hologram","Barrage"],"picked":"SKIP","floor":5},{"not_picked":["Sweeping Beam","Doom and Gloom"],"picked":"Rainbow","floor":11},{"not_picked":["Blizzard","Barrage","Redo"],"picked":"SKIP","floor":14},{"not_picked":["Thunder Strike","Biased Cognition"],"picked":"Buffer","floor":16},{"not_picked":["Darkness","Ball Lightning"],"picked":"Defragment","floor":18},{"not_picked":["Rebound","Redo"],"picked":"Cold Snap+1","floor":21},{"not_picked":["Amplify","Redo","Heatsinks+1"],"picked":"SKIP","floor":22}],"player_experience":708480,"relics_obtained":[{"floor":9,"key":"Art of War"}],"event_choices":[{"cards_removed":["Strike_B"],"damage_healed":0,"gold_gain":0,"player_choice":"Card Removal","damage_taken":7,"max_hp_gain":0,"max_hp_loss":0,"event_name":"Golden Wing","floor":2,"gold_loss":0},{"cards_removed":["Strike_B"],"damage_healed":0,"gold_gain":0,"player_choice":"Card Removal","damage_taken":0,"max_hp_gain":0,"max_hp_loss":0,"event_name":"The Cleric","floor":4,"gold_loss":50},{"cards_removed":["Defend_B"],"damage_healed":0,"gold_gain":0,"player_choice":"Elegance","damage_taken":0,"max_hp_gain":0,"max_hp_loss":0,"event_name":"Back to Basics","floor":20,"gold_loss":0}],"is_beta":false,"boss_relics":[{"not_picked":["Astrolabe","Empty Cage"],"picked":"Velvet Choker"}],"items_purged_floors":[7,19],"is_endless":false,"potions_floor_spawned":[3,5,16,21,22],"killed_by":"Gremlin Leader","ascension_level":11}