{"gold_per_floor":[115,132,132,146,71,71,101,101,101,101,117,117,133,149,149,224,224,238,238,148,148,148,148,148],"floor_reached":24,"playtime":2558,"items_purged":["Strike_B"],"score":349,"play_id":"57c1803c-5f3b-4bad-8859-9884e404f2fc","local_time":"20190426113807","is_ascension_mode":true,"campfire_choices":[{"data":"Undo","floor":6,"key":"SMITH"},{"data":"Conserve Battery","floor":8,"key":"SMITH"},{"data":"Dualcast","floor":10,"key":"SMITH"},{"data":"1","floor":12,"key":"LIFT"},{"floor":15,"key":"REST"},{"data":"Reinforced Body","floor":23,"key":"SMITH"}],"neow_cost":"NONE","seed_source_timestamp":12975829859117,"circlet_count":0,"master_deck":["AscendersBane","Defend_B","Zap+1","Dualcast+1","Undo+1","Conserve Battery+1","Machine Learning","Reinforced Body+1","Cold Snap","Machine Learning","Redo+1","Stack+1","Undo+1","Coolheaded","Fusion","Redo"],"relics":["Cracked Core","Girya","Calipers","Astrolabe"],"potions_floor_usage":[7,16,24,24],"damage_taken":[{"damage":0,"enemies":"Cultist","floor":1,"turns":4},{"damage":2,"enemies":"Jaw Worm","floor":2,"turns":3},{"damage":6,"enemies":"2 Louse","floor":4,"turns":2},{"damage":14,"enemies":"Lagavulin","floor":7,"turns":9},{"damage":6,"enemies":"Exordium Thugs","floor":11,"turns":5},{"damage":0,"enemies":"Looter","floor":13,"turns":3},{"damage":0,"enemies":"Blue Slaver","floor":14,"turns":4},{"damage":35,"enemies":"Slime Boss","floor":16,"turns":19},{"damage":0,"enemies":"Spheric Guardian","floor":18,"turns":6},{"damage":7,"enemies":"2 Thieves","floor":20,"turns":5},{"damage":53,"enemies":"Gremlin Leader","floor":24,"turns":5}],"seed_played":"-5397224309976290196","potions_obtained":[{"floor":1,"key":"AttackPotion"},{"floor":2,"key":"LiquidBronze"},{"floor":11,"key":"Energy Potion"},{"floor":18,"key":"Dexterity Potion"}],"is_trial":false,"path_per_floor":["M","M","?","M","$","R","E","R","T","R","M","R","M","M","R","B",null,"M","?","M","?","?","R","E"],"character_chosen":"DEFECT","items_purchased":[],"campfire_rested":1,"item_purchase_floors":[],"current_hp_per_floor":[64,62,62,56,56,56,42,42,42,42,36,36,36,36,57,22,59,59,59,52,52,52,52,0],"gold":148,"neow_bonus":"UPGRADE_CARD","is_prod":false,"is_daily":false,"chose_seed":false,"campfire_upgraded":4,"win_rate":0,"timestamp":1556293087,"path_taken":["M","M","?","?","$","R","E","R","T","R","M","R","M","M","R","BOSS","M","?","M","?","?","R","E"],"build_version":"2019-01-23","purchased_purges":1,"victory":false,"max_hp_per_floor":[71,71,71,71,71,71,71,71,71,71,71,71,71,71,71,71,71,71,71,71,71,71,71,71],"card_choices":[{"not_picked":["Consume","Chaos","Barrage"],"picked":"SKIP","floor":1},{"not_picked":["Force Field","Go for the Eyes","Double Energy"],"picked":"SKIP","floor":2},{"not_picked":["Leap","Static Discharge","Barrage"],"picked":"SKIP","floor":4},{"not_picked":["Recycle","Fusion"],"picked":"Conserve Battery","floor":7},{"not_picked":["Cold Snap","Consume"],"picked":"Machine Learning","floor":11},{"not_picked":["Conserve Battery","Doom and Gloom"],"picked":"Reinforced Body","floor":13},{"not_picked":["Barrage","Double Energy"],"picked":"Cold Snap","floor":14},{"not_picked":["Reboot","Multi-Cast"],"picked":"Machine Learning","floor":16},{"not_picked":["Compile Driver","Barrage","Steam"],"picked":"SKIP","floor":18},{"not_picked":["Sweeping Beam","Stack"],"picked":"Coolheaded","floor":20}],"player_experience":942832,"relics_obtained":[{"floor":7,"key":"Girya"},{"floor":9,"key":"Calipers"}],"event_choices":[{"damage_healed":0,"gold_gain":0,"cards_transformed":["Strike_B"],"player_choice":"Transformed","damage_taken":0,"max_hp_gain":0,"max_hp_loss":0,"event_name":"Transmorgrifier","floor":3,"gold_loss":0,"cards_obtained":["Undo"]},{"damage_healed":0,"gold_gain":0,"player_choice":"Ignored","damage_taken":0,"max_hp_gain":0,"max_hp_loss":0,"event_name":"The Mausoleum","floor":19,"gold_loss":0},{"damage_healed":0,"gold_gain":0,"cards_transformed":["Defend_B","Defend_B"],"player_choice":"Became Test Subject","damage_taken":0,"max_hp_gain":0,"max_hp_loss":0,"event_name":"Drug Dealer","floor":21,"gold_loss":0,"cards_obtained":["Fusion","Redo"]},{"damage_healed":0,"gold_gain":0,"player_choice":"Ignored","damage_taken":0,"max_hp_gain":0,"max_hp_loss":0,"event_name":"Ghosts","floor":22,"gold_loss":0}],"is_beta":false,"boss_relics":[{"not_picked":["Black Star","Tiny House"],"picked":"Astrolabe"}],"items_purged_floors":[5],"is_endless":false,"potions_floor_spawned":[1,2,11,13,18],"killed_by":"Gremlin Leader","ascension_level":16}