{"gold_per_floor":[114,134,59,59,72,103,103,135,162,162,162,197,3,3,3,99,99,114,124,124,36,50,50,50,79,103,118,132,35,35,88,88,192,192,210,227,243,465,17,17,17,49,49,63,63,83,111,111,111,111],"floor_reached":51,"playtime":5756,"items_purged":["Strike_G","Defend_G"],"score":730,"play_id":"778569e0-c34e-46e2-b87a-b4bef9dd8ff3","local_time":"20190426214303","is_ascension_mode":true,"campfire_choices":[{"floor":7,"key":"REST"},{"floor":10,"key":"REST"},{"floor":15,"key":"REST"},{"data":"Neutralize","floor":23,"key":"SMITH"},{"floor":30,"key":"REST"},{"data":"After Image","floor":32,"key":"SMITH"},{"data":"1","floor":40,"key":"LIFT"},{"data":"2","floor":45,"key":"LIFT"},{"floor":49,"key":"REST"}],"neow_cost":"NONE","seed_source_timestamp":4517761911800,"circlet_count":0,"master_deck":["Defend_G","Defend_G","Defend_G","Defend_G","Strike_G","Strike_G","Strike_G","Survivor","Neutralize+1","Predator","Crippling Poison","Quick Slash","Bouncing Flask","Well Laid Plans","Noxious Fumes","Corpse Explosion","Dash+1","Endless Agony+1","Poisoned Stab+1","PiercingWail","Endless Agony+1","After Image+1","Cloak And Dagger+1","Bullet Time","Dagger Throw+1","Poisoned Stab+1","Blade Dance+1","Trip","Noxious Fumes","Blade Dance+1","Backflip+1","Dagger Spray+1","Cloak And Dagger+1","Violence","Infinite Blades+1"],"relics":["Ring of the Snake","NeowsBlessing","Boot","Omamori","Anchor","Molten Egg 2","Membership Card","Kunai","White Beast Statue","Vajra","Red Mask","Dream Catcher","TwistedFunnel","Lantern","Fusion Hammer","Toy Ornithopter","Girya","Blood Vial","Dodecahedron","Question Card","Bag of Preparation"],"potions_floor_usage":[12,22,33,37,42,46,47,47,47,47,50],"damage_taken":[{"damage":0,"enemies":"Cultist","floor":1,"turns":1},{"damage":0,"enemies":"Jaw Worm","floor":2,"turns":1},{"damage":0,"enemies":"2 Louse","floor":5,"turns":1},{"damage":28,"enemies":"3 Sentries","floor":6,"turns":10},{"damage":22,"enemies":"Gremlin Nob","floor":8,"turns":5},{"damage":32,"enemies":"3 Sentries","floor":12,"turns":8},{"damage":21,"enemies":"Hexaghost","floor":16,"turns":8},{"damage":14,"enemies":"Shell Parasite","floor":18,"turns":6},{"damage":0,"enemies":"3 Byrds","floor":19,"turns":3},{"damage":1,"enemies":"3 Cultists","floor":22,"turns":3},{"damage":0,"enemies":"Masked Bandits","floor":25,"turns":3},{"damage":9,"enemies":"Snake Plant","floor":27,"turns":4},{"damage":2,"enemies":"Cultist and Chosen","floor":28,"turns":4},{"damage":34,"enemies":"Collector","floor":33,"turns":8},{"damage":0,"enemies":"Orb Walker","floor":35,"turns":4},{"damage":0,"enemies":"3 Darklings","floor":36,"turns":3},{"damage":10,"enemies":"Jaw Worm Horde","floor":37,"turns":4},{"damage":7,"enemies":"Reptomancer","floor":42,"turns":5},{"damage":0,"enemies":"4 Shapes","floor":44,"turns":2},{"damage":8,"enemies":"Writhing Mass","floor":46,"turns":4},{"damage":55,"enemies":"Nemesis","floor":47,"turns":6},{"damage":38,"enemies":"Awakened One","floor":50,"turns":10}],"seed_played":"427280560949861979","potions_obtained":[{"floor":1,"key":"SteroidPotion"},{"floor":2,"key":"Dexterity Potion"},{"floor":6,"key":"SkillPotion"},{"floor":18,"key":"EssenceOfSteel"},{"floor":22,"key":"Strength Potion"},{"floor":33,"key":"Dexterity Potion"},{"floor":36,"key":"SpeedPotion"},{"floor":37,"key":"Explosive Potion"},{"floor":42,"key":"FearPotion"},{"floor":44,"key":"Fire Potion"},{"floor":46,"key":"EntropicBrew"},{"floor":47,"key":"Fire Potion"}],"is_trial":false,"path_per_floor":["M","M","$","?","M","E","R","E","T","R","?","E","$","T","R","B",null,"M","M","?","$","M","R","?","?","T","M","M","$","R","T","R","B",null,"M","M","M","?","$","R","?","E","T","M","R","M","E","?","R","B",null],"character_chosen":"THE_SILENT","items_purchased":["Membership Card","Vajra","Poisoned Stab+1","TwistedFunnel","Toy Ornithopter","Girya","Blood Vial","Trip","Noxious Fumes"],"campfire_rested":5,"item_purchase_floors":[13,21,21,29,39,39,39,39,39],"current_hp_per_floor":[70,70,70,70,70,42,63,41,41,62,62,30,30,30,51,30,70,56,56,56,56,55,55,55,55,55,46,44,44,65,65,65,31,70,70,70,60,60,60,60,60,59,59,61,61,60,26,26,45,14],"gold":111,"neow_bonus":"THREE_ENEMY_KILL","is_prod":false,"is_daily":false,"chose_seed":false,"campfire_upgraded":2,"win_rate":0,"timestamp":1556307783,"path_taken":["M","M","?","?","?","E","R","E","T","R","?","E","$","?","R","BOSS","M","M","?","$","M","R","?","?","T","M","M","$","R","?","R","BOSS","M","M","M","?","$","R","?","E","T","M","R","M","E","?","R","BOSS"],"build_version":"2019-01-23","purchased_purges":2,"victory":true,"max_hp_per_floor":[70,70,70,70,70,70,70,70,70,70,70,70,70,70,70,70,70,70,70,70,70,70,70,70,70,70,70,70,70,70,70,70,70,70,70,70,70,70,70,70,66,66,66,66,66,66,66,66,66,66],"card_choices":[{"not_picked":["Outmaneuver","Masterful Stab"],"picked":"Predator","floor":1},{"not_picked":["Tactician","Deflect"],"picked":"Crippling Poison","floor":2},{"not_picked":["Cloak And Dagger","Infinite Blades"],"picked":"Quick Slash","floor":5},{"not_picked":["Cloak And Dagger","Acrobatics"],"picked":"Bouncing Flask","floor":6},{"not_picked":["Deflect","Poisoned Stab"],"picked":"Well Laid Plans","floor":8},{"not_picked":["Dagger Spray","Caltrops"],"picked":"Noxious Fumes","floor":12},{"not_picked":["Unload+1","Venomology"],"picked":"Corpse Explosion","floor":16},{"not_picked":["Poisoned Stab+1","Quick Slash+1"],"picked":"Dash+1","floor":18},{"not_picked":["Outmaneuver+1","Masterful Stab+1"],"picked":"Endless Agony+1","floor":19},{"not_picked":["Prepared","Eviscerate+1"],"picked":"PiercingWail","floor":22},{"not_picked":["Sucker Punch+1","Quick Slash+1"],"picked":"Endless Agony+1","floor":27},{"not_picked":["Reflex","Caltrops"],"picked":"After Image","floor":28},{"not_picked":["Footwork","Finisher+1"],"picked":"Cloak And Dagger+1","floor":30},{"not_picked":["Venomology","After Image"],"picked":"Bullet Time","floor":33},{"not_picked":["Prepared","Deflect+1"],"picked":"Dagger Throw+1","floor":35},{"not_picked":["Slice+1","Underhanded Strike+1"],"picked":"Poisoned Stab+1","floor":36},{"not_picked":["Dagger Throw+1","PiercingWail"],"picked":"Blade Dance+1","floor":37},{"not_picked":["Acrobatics+1","Crippling Poison"],"picked":"Blade Dance+1","floor":42},{"not_picked":["Expertise","Cloak And Dagger+1","Underhanded Strike+1"],"picked":"Backflip+1","floor":44},{"not_picked":["Flying Knee+1","Distraction+1","Unload+1"],"picked":"Dagger Spray+1","floor":46},{"not_picked":["Caltrops","Backflip","Deadly Poison"],"picked":"Cloak And Dagger+1","floor":47},{"not_picked":["Purity","Deep Breath","Good Instincts"],"picked":"Violence","floor":48},{"not_picked":["Prepared","Reflex","Terror"],"picked":"Infinite Blades+1","floor":49}],"player_experience":138188,"relics_obtained":[{"floor":6,"key":"Boot"},{"floor":8,"key":"Omamori"},{"floor":9,"key":"Anchor"},{"floor":12,"key":"Molten Egg 2"},{"floor":14,"key":"Kunai"},{"floor":25,"key":"Red Mask"},{"floor":26,"key":"Dream Catcher"},{"floor":31,"key":"Lantern"},{"floor":42,"key":"Dodecahedron"},{"floor":43,"key":"Question Card"},{"floor":47,"key":"Bag of Preparation"}],"event_choices":[{"damage_healed":0,"gold_gain":0,"player_choice":"Bought 0 Potions","damage_taken":0,"max_hp_gain":0,"max_hp_loss":0,"event_name":"The Woman in Blue","floor":4,"gold_loss":0},{"cards_removed":["Strike_G"],"damage_healed":0,"gold_gain":0,"player_choice":"Purged","damage_taken":0,"max_hp_gain":0,"max_hp_loss":0,"event_name":"Purifier","floor":11,"gold_loss":0},{"damage_healed":0,"gold_gain":0,"player_choice":"Ignored","damage_taken":0,"max_hp_gain":0,"max_hp_loss":0,"event_name":"Beggar","floor":20,"gold_loss":0},{"damage_healed":0,"gold_gain":0,"player_choice":"Ignored","damage_taken":0,"max_hp_gain":0,"max_hp_loss":0,"event_name":"Ghosts","floor":24,"gold_loss":0},{"damage_healed":0,"gold_gain":0,"player_choice":"Fought Bandits","damage_taken":0,"max_hp_gain":0,"max_hp_loss":0,"event_name":"Masked Bandits","floor":25,"gold_loss":0},{"damage_healed":0,"gold_gain":222,"player_choice":"Wore Mask","damage_taken":0,"max_hp_gain":0,"max_hp_loss":0,"event_name":"Tomb of Lord Red Mask","floor":38,"gold_loss":0},{"damage_healed":0,"gold_gain":0,"player_choice":"Max HP","damage_taken":0,"max_hp_gain":0,"max_hp_loss":4,"event_name":"Winding Halls","floor":41,"gold_loss":0},{"damage_healed":0,"gold_gain":0,"player_choice":"Memory 1","damage_taken":0,"max_hp_gain":0,"max_hp_loss":0,"event_name":"SensoryStone","floor":48,"gold_loss":0}],"is_beta":false,"boss_relics":[{"not_picked":["Astrolabe","Ectoplasm"],"picked":"White Beast Statue"},{"not_picked":["WristBlade","Orrery"],"picked":"Fusion Hammer"}],"items_purged_floors":[3,39],"is_endless":false,"potions_floor_spawned":[1,2,6,8,18,19,22,25,27,28,33,35,36,37,42,44,46,47],"ascension_level":1}