{"gold_per_floor":[14,14,33,48,348,367,367,393,474,491,506,506,506,516,516,618,618,633,222,240,250,267,267,267,267,290,321,333,367,384,399,399,399],"floor_reached":33,"playtime":1823,"items_purged":["Strike_B"],"score":318,"play_id":"4521cb06-0bb2-4038-bf4a-e8964ec28ccc","local_time":"20190424122042","is_ascension_mode":false,"campfire_choices":[{"data":"Zap","floor":7,"key":"SMITH"},{"floor":12,"key":"REST"},{"floor":15,"key":"REST"},{"floor":24,"key":"REST"},{"data":"Defragment","floor":32,"key":"SMITH"}],"neow_cost":"NO_GOLD","seed_source_timestamp":381166409503,"circlet_count":0,"master_deck":["Strike_B","Strike_B","Strike_B","Defend_B","Defend_B","Defend_B","Defend_B","Zap+1","Dualcast","Defragment+1","Leap","Hologram","Sunder","Doom and Gloom","Auto Shields","Genetic Algorithm","Cold Snap","Hologram","Creative AI","Coolheaded","Coolheaded","Capacitor","Storm","Heatsinks+1","Redo+1","Buffer","Self Repair","Chill+1","Undo+1","Compile Driver+1","Seek","Ball Lightning+1"],"relics":["Cracked Core","Du-Vu Doll","Old Coin","PreservedInsect","Letter Opener","Prayer Wheel","Snecko Eye","Mercury Hourglass","Centennial Puzzle","Mango","Lantern"],"potions_floor_usage":[16,16,23,28,29],"damage_taken":[{"damage":1,"enemies":"Cultist","floor":1,"turns":3},{"damage":3,"enemies":"Small Slimes","floor":3,"turns":4},{"damage":0,"enemies":"2 Louse","floor":4,"turns":1},{"damage":7,"enemies":"2 Fungi Beasts","floor":6,"turns":3},{"damage":41,"enemies":"Lagavulin","floor":8,"turns":8},{"damage":6,"enemies":"Large Slime","floor":10,"turns":5},{"damage":4,"enemies":"Blue Slaver","floor":11,"turns":3},{"damage":0,"enemies":"3 Louse","floor":14,"turns":2},{"damage":9,"enemies":"Slime Boss","floor":16,"turns":8},{"damage":13,"enemies":"3 Byrds","floor":18,"turns":4},{"damage":3,"enemies":"Shell Parasite","floor":20,"turns":5},{"damage":3,"enemies":"Snecko","floor":21,"turns":5},{"damage":13,"enemies":"Snake Plant","floor":22,"turns":3},{"damage":32,"enemies":"Colosseum Slavers","floor":23,"turns":4},{"damage":0,"enemies":"Gremlin Leader","floor":27,"turns":3},{"damage":18,"enemies":"Chosen and Byrds","floor":28,"turns":5},{"damage":26,"enemies":"Book of Stabbing","floor":29,"turns":5},{"damage":3,"enemies":"Cultist and Chosen","floor":30,"turns":4},{"damage":11,"enemies":"Snake Plant","floor":31,"turns":3},{"damage":61,"enemies":"Collector","floor":33,"turns":7}],"seed_played":"3258886514131959379","potions_obtained":[{"floor":1,"key":"Block Potion"},{"floor":3,"key":"SneckoOil"},{"floor":8,"key":"Dexterity Potion"},{"floor":14,"key":"Poison Potion"},{"floor":20,"key":"LiquidBronze"},{"floor":22,"key":"Explosive Potion"},{"floor":28,"key":"Regen Potion"},{"floor":31,"key":"Fire Potion"}],"is_trial":false,"path_per_floor":["?","M","T","?","?","?"],"character_chosen":"DEFECT","items_purchased":["Capacitor","Mercury Hourglass","PowerPotion"],"campfire_rested":3,"item_purchase_floors":[19,19,19],"current_hp_per_floor":[74,75,72,72,72,65,65,24,24,18,14,36,18,18,40,31,75,62,62,59,56,43,11,33,58,58,72,61,56,60,56,56,0],"gold":399,"neow_bonus":"ONE_RARE_RELIC","is_prod":false,"is_daily":false,"chose_seed":false,"campfire_upgraded":2,"win_rate":0,"timestamp":1556083242,"path_taken":["M","?","?","M","?","M","R","E","T","M","M","R","?","M","R","BOSS","M","$","M","M","M","?","R","?","T","E","M","E","M","M","R","BOSS"],"build_version":"2019-01-23","purchased_purges":1,"victory":false,"max_hp_per_floor":[75,75,75,75,75,75,75,75,75,75,75,75,75,75,75,75,75,75,75,75,75,75,75,75,75,75,89,89,89,89,89,89,89],"card_choices":[{"not_picked":["Rebound","Turbo"],"picked":"Defragment","floor":1},{"not_picked":["Redo","Beam Cell"],"picked":"Leap","floor":3},{"not_picked":["Aggregate","Reprogram"],"picked":"Hologram","floor":4},{"not_picked":["Go for the Eyes","Rebound"],"picked":"Sunder","floor":6},{"not_picked":["Go for the Eyes","Hyperbeam"],"picked":"Doom and Gloom","floor":8},{"not_picked":["Fusion","Hologram"],"picked":"Auto Shields","floor":10},{"not_picked":["Loop","Undo"],"picked":"Genetic Algorithm","floor":11},{"not_picked":["Beam Cell","Static Discharge"],"picked":"Cold Snap","floor":14},{"not_picked":["Double Energy","Auto Shields"],"picked":"Hologram","floor":14},{"not_picked":["Multi-Cast","Buffer"],"picked":"Creative AI","floor":16},{"not_picked":["Compile Driver","Sunder+1"],"picked":"Coolheaded","floor":18},{"not_picked":["Streamline","Ball Lightning"],"picked":"Coolheaded","floor":18},{"not_picked":["Heatsinks","Auto Shields"],"picked":"Storm","floor":20},{"not_picked":["Leap","Hologram","Gash+1"],"picked":"SKIP","floor":20},{"not_picked":["Conserve Battery","Gash"],"picked":"Heatsinks+1","floor":21},{"not_picked":["Chaos","Doom and Gloom"],"picked":"Redo+1","floor":21},{"not_picked":["Skim","Doom and Gloom"],"picked":"Buffer","floor":22},{"not_picked":["Sunder","Gash","Compile Driver+1"],"picked":"SKIP","floor":22},{"not_picked":["Stack+1","Beam Cell"],"picked":"Self Repair","floor":27},{"not_picked":["Blizzard","Redo"],"picked":"Chill+1","floor":28},{"not_picked":["Aggregate+1","Ball Lightning+1","Go for the Eyes"],"picked":"SKIP","floor":28},{"not_picked":["Heatsinks","Chill+1"],"picked":"Undo+1","floor":29},{"not_picked":["Go for the Eyes","Barrage"],"picked":"Compile Driver+1","floor":30},{"not_picked":["Cold Snap","Turbo","Rebound"],"picked":"SKIP","floor":30},{"not_picked":["Self Repair+1","Cold Snap"],"picked":"Seek","floor":31},{"not_picked":["Rebound","Hologram"],"picked":"Ball Lightning+1","floor":31}],"player_experience":21560,"relics_obtained":[{"floor":5,"key":"Old Coin"},{"floor":8,"key":"PreservedInsect"},{"floor":9,"key":"Letter Opener"},{"floor":26,"key":"Centennial Puzzle"},{"floor":27,"key":"Mango"},{"floor":29,"key":"Lantern"}],"event_choices":[{"damage_healed":1,"gold_gain":0,"player_choice":"Full Heal","damage_taken":0,"max_hp_gain":0,"max_hp_loss":0,"event_name":"Wheel of Change","floor":2,"gold_loss":0},{"damage_healed":0,"gold_gain":0,"player_choice":"Success","damage_taken":18,"relics_obtained":["Prayer Wheel"],"max_hp_gain":0,"max_hp_loss":0,"event_name":"Scrap Ooze","floor":13,"gold_loss":0},{"damage_healed":0,"gold_gain":0,"player_choice":"Fight","damage_taken":0,"max_hp_gain":0,"max_hp_loss":0,"event_name":"Colosseum","floor":23,"gold_loss":0},{"damage_healed":0,"gold_gain":0,"player_choice":"Fled From Nobs","damage_taken":0,"max_hp_gain":0,"max_hp_loss":0,"event_name":"Colosseum","floor":23,"gold_loss":0},{"damage_healed":25,"gold_gain":0,"player_choice":"Heal","damage_taken":0,"max_hp_gain":0,"max_hp_loss":0,"event_name":"The Library","floor":25,"gold_loss":0}],"is_beta":false,"boss_relics":[{"not_picked":["Tiny House","Black Star"],"picked":"Snecko Eye"}],"items_purged_floors":[19],"is_endless":false,"potions_floor_spawned":[1,3,8,14,20,22,23,28,31],"killed_by":"Collector","ascension_level":0}