{"gold_per_floor":[112,62,62,77,77,77,121,167,167,182,182,197,197,216,216,337,337,350,339,68,167,188,188,211,234,257,292,292,323,323,348,348,479,479,503,528,350,375,64,64,88,103,127,141,166,166],"floor_reached":46,"playtime":6893,"items_purged":["Strike_G","Defend_G"],"score":608,"play_id":"291fb43c-68f7-400e-958f-3a6502b96204","local_time":"20190424191954","is_ascension_mode":true,"campfire_choices":[{"floor":11.0,"key":"REST"},{"data":"Dash","floor":13.0,"key":"SMITH"},{"data":"Backflip","floor":15.0,"key":"SMITH"},{"floor":23.0,"key":"REST"},{"floor":28,"key":"REST"},{"floor":32,"key":"REST"},{"floor":40,"key":"REST"}],"neow_cost":"TEN_PERCENT_HP_LOSS","seed_source_timestamp":50547942878183,"circlet_count":0,"master_deck":["Defend_G","Defend_G","Strike_G","Survivor","Neutralize","Dash+1","Terror","Escape Plan","Backflip+1","Predator","Malaise","Backflip+1","Apotheosis","Flechettes","Setup","Doppelganger","Noxious Fumes+1","Infinite Blades","Malaise","Leg Sweep+1","Noxious Fumes","Infinite Blades","Noxious Fumes","Cloak And Dagger+1","Noxious Fumes+1","Caltrops+1","A Thousand Cuts"],"special_seed":0,"relics":["Ring of the Serpent","Ancient Tea Set","Golden Idol","Darkstone Periapt","Art of War","Question Card","Fusion Hammer","Regal Pillow","Kunai","Mummified Hand","Bottled Tornado","Blood Vial"],"potions_floor_usage":[27,29],"damage_taken":[{"damage":1.0,"enemies":"Jaw Worm","floor":1.0,"turns":9.0},{"damage":0.0,"enemies":"2 Louse","floor":4.0,"turns":3.0},{"damage":13.0,"enemies":"Lagavulin","floor":7.0,"turns":9.0},{"damage":0.0,"enemies":"Small Slimes","floor":10.0,"turns":3.0},{"damage":0.0,"enemies":"Red Slaver","floor":12.0,"turns":2.0},{"damage":0.0,"enemies":"2 Fungi Beasts","floor":14.0,"turns":3.0},{"damage":11.0,"enemies":"Hexaghost","floor":16.0,"turns":11.0},{"damage":2.0,"enemies":"3 Byrds","floor":18.0,"turns":7.0},{"damage":1.0,"enemies":"2 Thieves","floor":19.0,"turns":4.0},{"damage":0.0,"enemies":"Snecko","floor":22.0,"turns":5.0},{"damage":0.0,"enemies":"Snake Plant","floor":24.0,"turns":5.0},{"damage":2.0,"enemies":"Shelled Parasite and Fungi","floor":25.0,"turns":5.0},{"damage":19,"enemies":"Slavers","floor":27,"turns":4},{"damage":17,"enemies":"Gremlin Leader","floor":29,"turns":5},{"damage":2,"enemies":"Sentry and Sphere","floor":31,"turns":5},{"damage":12,"enemies":"Champ","floor":33,"turns":10},{"damage":0,"enemies":"3 Shapes","floor":35,"turns":8},{"damage":0,"enemies":"Orb Walker","floor":36,"turns":6},{"damage":6,"enemies":"Jaw Worm Horde","floor":38,"turns":6},{"damage":22,"enemies":"Sphere and 2 Shapes","floor":41,"turns":5},{"damage":23,"enemies":"4 Shapes","floor":42,"turns":8},{"damage":13,"enemies":"3 Darklings","floor":44,"turns":4},{"damage":23,"enemies":"Transient","floor":45,"turns":5},{"damage":17,"enemies":"Jaw Worm Horde","floor":46,"turns":1}],"seed_played":"-5622476782247078696","potions_obtained":[{"floor":12.0,"key":"Dexterity Potion"},{"floor":16.0,"key":"FairyPotion"},{"floor":22.0,"key":"Strength Potion"},{"floor":24.0,"key":"Energy Potion"},{"floor":27,"key":"LiquidBronze"},{"floor":41,"key":"Ancient Potion"}],"is_trial":false,"path_per_floor":["M","?","?","M","?","?","E","T","T","M","R","M","R","M","R","B",null,"M","M","$","?","M","R","M","M","T","E","R","E","?","M","R","B",null,"M","M","$","M","$","R","M","M","T","M","M","M"],"character_chosen":"THE_SILENT","items_purchased":["Apotheosis","Noxious Fumes","Bottled Tornado","Noxious Fumes"],"campfire_rested":5,"item_purchase_floors":[20,37,39,39],"current_hp_per_floor":[62,62,55,55,40,33,20,20,20,20,38,38,38,38,38,27,54,52,51,51,51,51,63,63,61,61,42,63,46,46,44,63,51,60,60,60,60,54,54,63,41,18,18,7,6,0],"gold":166,"neow_bonus":"REMOVE_TWO","is_prod":false,"is_daily":false,"chose_seed":false,"campfire_upgraded":2,"win_rate":0,"timestamp":1556147994,"path_taken":["M","?","?","M","?","?","E","?","T","M","R","?","R","M","R","BOSS","M","M","$","?","M","R","M","M","T","E","R","E","?","M","R","BOSS","M","M","$","M","$","R","M","M","T","M","M","?"],"build_version":"2019-01-23","purchased_purges":2,"victory":false,"max_hp_per_floor":[63,63,63,63,63,63,63,63,63,63,63,63,63,63,63,63,63,63,63,63,63,63,63,63,63,63,63,63,63,63,63,63,63,63,63,63,63,63,63,63,63,63,63,63,63,63],"card_choices":[{"not_picked":["Deadly Poison","PiercingWail"],"picked":"Dash","floor":1.0},{"not_picked":["Flying Knee","Slice"],"picked":"Terror","floor":4.0},{"not_picked":["Outmaneuver","Dagger Spray","Slice"],"picked":"SKIP","floor":7.0},{"not_picked":["Prepared","Dagger Spray","Dodge and Roll"],"picked":"Escape Plan","floor":10.0},{"not_picked":["Venomology","Underhanded Strike","Blade Dance"],"picked":"Backflip","floor":12.0},{"not_picked":["Prepared","Dodge and Roll","Expertise"],"picked":"Predator","floor":14.0},{"not_picked":["Night Terror","Phantasmal Killer","A Thousand Cuts"],"picked":"Malaise","floor":16.0},{"not_picked":["Deadly Poison+1","Dodge and Roll+1","Deflect","Acrobatics"],"picked":"SKIP","floor":18.0},{"not_picked":["Sucker Punch","Bane","Outmaneuver"],"picked":"Backflip+1","floor":19.0},{"not_picked":["Underhanded Strike","Skewer","Reflex+1"],"picked":"Flechettes","floor":22.0},{"not_picked":["Catalyst+1","Backflip","Predator"],"picked":"Setup","floor":24.0},{"not_picked":["PiercingWail","Backflip+1","Flying Knee"],"picked":"Doppelganger","floor":25.0},{"not_picked":["Setup","Underhanded Strike+1","Night Terror"],"picked":"Noxious Fumes+1","floor":27},{"not_picked":["Poisoned Stab","Backflip","Concentrate","Bane"],"picked":"SKIP","floor":29},{"not_picked":["Prepared+1","Concentrate+1","Poisoned Stab"],"picked":"Infinite Blades","floor":31},{"not_picked":["Bullet Time","Phantasmal Killer","Venomology"],"picked":"Malaise","floor":33},{"not_picked":["Poisoned Stab+1","Blade Dance","Outmaneuver+1"],"picked":"Leg Sweep+1","floor":35},{"not_picked":["Skewer+1","Dagger Throw","Slice+1","Underhanded Strike+1"],"picked":"SKIP","floor":36},{"not_picked":["Tactician","Predator","Dagger Throw"],"picked":"Infinite Blades","floor":38},{"not_picked":["PiercingWail","Catalyst+1","Masterful Stab+1"],"picked":"Cloak And Dagger+1","floor":41},{"not_picked":["Leg Sweep","Underhanded Strike","Flying Knee+1"],"picked":"Noxious Fumes+1","floor":42},{"not_picked":["Cloak And Dagger","PiercingWail+1","Slice+1"],"picked":"Caltrops+1","floor":44},{"not_picked":["Dagger Throw+1","Quick Slash+1","Blade Dance"],"picked":"A Thousand Cuts","floor":45}],"player_experience":916251,"relics_obtained":[{"floor":7.0,"key":"Darkstone Periapt"},{"floor":8.0,"key":"Art of War"},{"floor":9.0,"key":"Question Card"},{"floor":26.0,"key":"Regal Pillow"},{"floor":27,"key":"Kunai"},{"floor":29,"key":"Mummified Hand"},{"floor":43,"key":"Blood Vial"}],"event_choices":[{"cards_removed":["Defend_G"],"damage_healed":0.0,"max_hp_gain":0.0,"max_hp_loss":0.0,"gold_gain":0.0,"event_name":"The Cleric","player_choice":"Card Removal","floor":2.0,"gold_loss":50.0,"damage_taken":0.0},{"damage_healed":0.0,"max_hp_gain":0.0,"max_hp_loss":0.0,"gold_gain":0.0,"event_name":"Scrap Ooze","player_choice":"Success","floor":3.0,"gold_loss":0.0,"damage_taken":7.0,"relics_obtained":["Ancient Tea Set"]},{"damage_healed":0.0,"max_hp_gain":0.0,"max_hp_loss":0.0,"gold_gain":0.0,"event_name":"Golden Idol","player_choice":"Take Damage","floor":5.0,"gold_loss":0.0,"damage_taken":15.0,"relics_obtained":["Golden Idol"]},{"cards_removed":["Defend_G"],"damage_healed":0.0,"max_hp_gain":0.0,"max_hp_loss":0.0,"gold_gain":0.0,"event_name":"Golden Wing","player_choice":"Card Removal","floor":6.0,"gold_loss":0.0,"damage_taken":7.0},{"damage_healed":0.0,"max_hp_gain":0.0,"max_hp_loss":0.0,"gold_gain":99.0,"event_name":"Nest","player_choice":"Stole From Cult","floor":21.0,"gold_loss":0.0,"damage_taken":0.0},{"cards_removed":["Strike_G"],"damage_healed":0,"gold_gain":0,"player_choice":"Offered Basic","damage_taken":0,"max_hp_gain":0,"max_hp_loss":0,"event_name":"Bonfire Elementals","floor":30,"gold_loss":0}],"is_beta":false,"boss_relics":[{"not_picked":["Calling Bell","Orrery"],"picked":"Fusion Hammer"},{"not_picked":["Eternal Feather","Black Star"],"picked":"Ring of the Serpent"}],"items_purged_floors":[20,37],"is_endless":false,"potions_floor_spawned":[12,16,22,24,27,41],"killed_by":"Jaw Worm Horde","ascension_level":5}