{"gold_per_floor":[215,226,226,151,169,213,213,253,277,242,280,280,280,303,303,424,424,447,460,166,146,166,166],"floor_reached":23,"playtime":982,"items_purged":["Strike_R","Doubt"],"score":219,"play_id":"8ce2e3fd-bc70-4454-b90a-51251d152c46","local_time":"20190410150731","is_ascension_mode":true,"campfire_choices":[{"floor":7,"key":"REST"},{"floor":12,"key":"REST"},{"data":"Armaments","floor":15,"key":"SMITH"}],"neow_cost":"NONE","seed_source_timestamp":71278695440179,"circlet_count":0,"master_deck":["Strike_R","Strike_R","Strike_R","Defend_R","Defend_R","Defend_R","Defend_R","Bash","Flex","Uppercut","Carnage","Armaments+1","Wild Strike","Iron Wave","Spot Weakness","Reaper","Carnage","Pommel Strike+1","Whirlwind","Cleave"],"relics":["Burning Blood","Golden Idol","Bag of Marbles","Orichalcum","Anchor","Omamori","Calling Bell","Pen Nib","Gremlin Horn","Nunchaku","Membership Card"],"potions_floor_usage":[8,16,19,22,23],"damage_taken":[{"damage":1,"enemies":"Cultist","floor":1,"turns":3},{"damage":3,"enemies":"Jaw Worm","floor":2,"turns":3},{"damage":0,"enemies":"2 Louse","floor":5,"turns":2},{"damage":35,"enemies":"Lagavulin","floor":6,"turns":7},{"damage":27,"enemies":"3 Sentries","floor":8,"turns":8},{"damage":21,"enemies":"Gremlin Nob","floor":11,"turns":4},{"damage":0,"enemies":"Exordium Wildlife","floor":14,"turns":2},{"damage":47,"enemies":"The Guardian","floor":16,"turns":12},{"damage":39,"enemies":"Spheric Guardian","floor":18,"turns":6},{"damage":19,"enemies":"Shell Parasite","floor":19,"turns":6},{"damage":28,"enemies":"Sentry and Sphere","floor":22,"turns":6},{"damage":19,"enemies":"Book of Stabbing","floor":23,"turns":4}],"seed_played":"2866080526889626157","potions_obtained":[{"floor":5,"key":"Energy Potion"},{"floor":8,"key":"Dexterity Potion"},{"floor":16,"key":"SkillPotion"},{"floor":18,"key":"Explosive Potion"},{"floor":21,"key":"Block Potion"},{"floor":22,"key":"PowerPotion"}],"is_trial":false,"path_per_floor":["M","M","?","$","M","E","R","E","T","?","E","R","?","M","R","B",null,"M","M","$","?","M","E"],"character_chosen":"IRONCLAD","items_purchased":["Membership Card","Whirlwind"],"campfire_rested":2,"item_purchase_floors":[20,20],"current_hp_per_floor":[80,80,74,74,74,45,67,46,46,64,49,71,71,74,74,33,74,45,32,32,32,10,0],"gold":166,"neow_bonus":"HUNDRED_GOLD","is_prod":false,"is_daily":false,"chose_seed":false,"campfire_upgraded":1,"win_rate":0,"timestamp":1554923251,"path_taken":["M","?","?","$","M","E","R","E","T","?","E","R","?","M","R","BOSS","M","M","$","?","?","E"],"build_version":"2019-01-23","purchased_purges":2,"victory":false,"max_hp_per_floor":[80,80,74,74,74,74,74,74,74,74,74,74,74,74,74,74,74,74,74,74,74,74,74],"card_choices":[{"not_picked":["Havoc","Burning Pact"],"picked":"Flex","floor":1},{"not_picked":["Rampage","Sword Boomerang"],"picked":"Uppercut","floor":2},{"not_picked":["True Grit","Pommel Strike"],"picked":"Carnage","floor":5},{"not_picked":["Ghostly Armor","Hemokinesis"],"picked":"Armaments","floor":6},{"not_picked":["Dual Wield","Perfected Strike","Sever Soul"],"picked":"SKIP","floor":8},{"not_picked":["Disarm","Iron Wave"],"picked":"Wild Strike","floor":11},{"not_picked":["Shockwave","Clash"],"picked":"Spot Weakness","floor":14},{"not_picked":["Offering","Bludgeon"],"picked":"Reaper","floor":16},{"not_picked":["Sword Boomerang","Dual Wield"],"picked":"Carnage","floor":18},{"not_picked":["Second Wind+1","Sword Boomerang"],"picked":"Pommel Strike+1","floor":19},{"not_picked":["Heavy Blade","Corruption"],"picked":"Cleave","floor":22}],"player_experience":98715,"relics_obtained":[{"floor":6,"key":"Bag of Marbles"},{"floor":8,"key":"Orichalcum"},{"floor":9,"key":"Anchor"},{"floor":11,"key":"Omamori"},{"floor":17,"key":"Pen Nib"},{"floor":17,"key":"Gremlin Horn"},{"floor":17,"key":"Nunchaku"}],"event_choices":[{"damage_healed":0,"gold_gain":0,"player_choice":"Lose Max HP","damage_taken":0,"relics_obtained":["Golden Idol"],"max_hp_gain":0,"max_hp_loss":6,"event_name":"Golden Idol","floor":3,"gold_loss":0},{"damage_healed":18,"gold_gain":0,"player_choice":"Healed","damage_taken":0,"max_hp_gain":0,"max_hp_loss":0,"event_name":"The Cleric","floor":10,"gold_loss":35},{"damage_healed":0,"gold_gain":0,"cards_transformed":["Strike_R"],"player_choice":"Change","damage_taken":0,"max_hp_gain":0,"max_hp_loss":0,"event_name":"Living Wall","floor":13,"gold_loss":0,"cards_obtained":["Iron Wave"]},{"damage_healed":0,"gold_gain":0,"player_choice":"Bought 1 Potion","damage_taken":0,"max_hp_gain":0,"max_hp_loss":0,"event_name":"The Woman in Blue","floor":21,"gold_loss":0}],"is_beta":false,"boss_relics":[{"not_picked":["Snecko Eye","Empty Cage"],"picked":"Calling Bell"}],"items_purged_floors":[4,20],"is_endless":false,"potions_floor_spawned":[5,8,16,18,22],"killed_by":"Book of Stabbing","ascension_level":1}