{"gold_per_floor":[110,110,124,124,42,70,70,102,182,182,193,193,204,217,217,317,317,331,349,349],"floor_reached":20,"playtime":886,"items_purged":[],"score":212,"play_id":"79eeed2d-b73f-4fa7-9a88-dc189167f457","local_time":"20190426180532","is_ascension_mode":true,"campfire_choices":[{"floor":7,"key":"REST"},{"data":"Armaments","floor":10,"key":"SMITH"},{"data":"Bash","floor":12,"key":"SMITH"},{"data":"Thunderclap","floor":15,"key":"SMITH"}],"neow_cost":"NONE","seed_source_timestamp":947730220238600,"circlet_count":0,"master_deck":["Bash+1","Seeing Red","Anger","Pommel Strike","Battle Trance","Dropkick","Armaments+1","Anger","Headbutt","Thunderclap+1","Berserk","Clash","Heavy Blade","Feel No Pain","Shrug It Off","Blood for Blood","Spot Weakness","Limit Break","Uppercut","Armaments+1"],"relics":["Burning Blood","Oddly Smooth Stone","Ice Cream","The Courier","Pandora\u0027s Box"],"potions_floor_usage":[],"damage_taken":[{"damage":1,"enemies":"Small Slimes","floor":1,"turns":4},{"damage":4,"enemies":"Jaw Worm","floor":3,"turns":3},{"damage":35,"enemies":"Lagavulin","floor":6,"turns":5},{"damage":20,"enemies":"Gremlin Nob","floor":8,"turns":3},{"damage":0,"enemies":"Cultist","floor":11,"turns":3},{"damage":11,"enemies":"Looter","floor":13,"turns":3},{"damage":4,"enemies":"3 Louse","floor":14,"turns":3},{"damage":8,"enemies":"Slime Boss","floor":16,"turns":9},{"damage":6,"enemies":"Chosen","floor":18,"turns":3},{"damage":42,"enemies":"Spheric Guardian","floor":19,"turns":4},{"damage":45,"enemies":"Centurion and Healer","floor":20,"turns":4}],"seed_played":"-4497284434119915624","potions_obtained":[{"floor":3,"key":"FearPotion"},{"floor":11,"key":"Strength Potion"},{"floor":14,"key":"LiquidBronze"}],"is_trial":false,"path_per_floor":["M","?","M","?","$","E","R","E","T","R","M","R","M","M","R","B",null,"M","M","M"],"character_chosen":"IRONCLAD","items_purchased":["Dropkick"],"campfire_rested":1,"item_purchase_floors":[5],"current_hp_per_floor":[80,80,80,80,80,51,75,61,61,61,67,67,62,64,64,62,80,80,44,0],"gold":349,"neow_bonus":"TRANSFORM_CARD","is_prod":false,"is_daily":false,"chose_seed":false,"campfire_upgraded":3,"win_rate":0,"timestamp":1556316332,"path_taken":["M","?","M","?","$","E","R","E","T","R","M","R","M","M","R","BOSS","M","?","M"],"build_version":"2019-01-23","purchased_purges":0,"victory":false,"max_hp_per_floor":[80,80,80,80,80,80,80,80,80,80,80,80,80,80,80,80,80,80,80,80],"card_choices":[{"not_picked":["Havoc","Armaments"],"picked":"Anger","floor":1},{"not_picked":["Bloodletting","Heavy Blade"],"picked":"Pommel Strike","floor":3},{"not_picked":["Brutality","Corruption"],"picked":"Armaments","floor":6},{"not_picked":["Burning Pact","Armaments"],"picked":"Anger","floor":8},{"not_picked":["Heavy Blade","Pommel Strike"],"picked":"Headbutt","floor":11},{"not_picked":["Feel No Pain","Blood for Blood"],"picked":"Thunderclap","floor":13},{"not_picked":["Twin Strike","Pummel","Iron Wave"],"picked":"SKIP","floor":14},{"not_picked":["Dark Embrace","Barricade"],"picked":"Berserk","floor":16},{"not_picked":["Clothesline+1","Feel No Pain"],"picked":"Uppercut","floor":18},{"not_picked":["Havoc","Carnage"],"picked":"Armaments+1","floor":19}],"player_experience":254819,"relics_obtained":[{"floor":6,"key":"Oddly Smooth Stone"},{"floor":8,"key":"Ice Cream"},{"floor":9,"key":"The Courier"}],"event_choices":[{"damage_healed":0,"gold_gain":0,"player_choice":"Ignored","damage_taken":0,"max_hp_gain":0,"max_hp_loss":0,"event_name":"Liars Game","floor":2,"gold_loss":0},{"damage_healed":0,"gold_gain":0,"cards_transformed":["Strike_R"],"player_choice":"Transformed","damage_taken":0,"max_hp_gain":0,"max_hp_loss":0,"event_name":"Transmorgrifier","floor":4,"gold_loss":0,"cards_obtained":["Battle Trance"]}],"is_beta":false,"boss_relics":[{"not_picked":["Black Blood","Velvet Choker"],"picked":"Pandora\u0027s Box"}],"items_purged_floors":[],"is_endless":false,"potions_floor_spawned":[3,11,14,18,19],"killed_by":"Centurion and Healer","ascension_level":3}