{"gold_per_floor":[115,115,65,77,2,2,33,0,0,15,15,78,91,123,123,218,218,230,230,245,258,12,12,45,45,45,45,45,79,79,110,110,110],"floor_reached":33,"playtime":3387,"items_purged":["Strike_G","Strike_G"],"score":430,"play_id":"885665ce-0961-45ad-930a-82faa36e718d","local_time":"20190317144834","is_ascension_mode":true,"campfire_choices":[{"data":"Infinite Blades","floor":6,"key":"SMITH"},{"floor":11,"key":"REST"},{"floor":15,"key":"REST"},{"floor":23,"key":"REST"},{"data":"After Image","floor":25,"key":"SMITH"},{"floor":30,"key":"REST"},{"data":"After Image","floor":32,"key":"SMITH"}],"neow_cost":"NONE","seed_source_timestamp":1124893887215791,"circlet_count":0,"master_deck":["Defend_G","Defend_G","Defend_G","Defend_G","Strike_G","Strike_G","Survivor","Neutralize","Well Laid Plans","Infinite Blades+1","Cloak And Dagger","Cloak And Dagger","Tools of the Trade","Tools of the Trade","Poisoned Stab+1","Underhanded Strike+1","After Image+1","Cloak And Dagger+1","After Image+1"],"relics":["Ring of the Snake","Tingsha","Ninja Scroll","Tiny Chest","Gambling Chip","Sozu","Juzu Bracelet","Meat on the Bone","Dodecahedron","Vajra","Art of War"],"potions_floor_usage":[14,14,14,16],"damage_taken":[{"damage":4,"enemies":"Jaw Worm","floor":1,"turns":5},{"damage":1,"enemies":"Small Slimes","floor":4,"turns":5},{"damage":66,"enemies":"Gremlin Nob","floor":7,"turns":7},{"damage":0,"enemies":"Cultist","floor":10,"turns":4},{"damage":12,"enemies":"3 Sentries","floor":12,"turns":11},{"damage":0,"enemies":"Blue Slaver","floor":13,"turns":4},{"damage":16,"enemies":"Gremlin Nob","floor":14,"turns":4},{"damage":29,"enemies":"Hexaghost","floor":16,"turns":13},{"damage":13,"enemies":"Chosen","floor":18,"turns":5},{"damage":0,"enemies":"3 Byrds","floor":20,"turns":5},{"damage":27,"enemies":"Snake Plant","floor":21,"turns":5},{"damage":0,"enemies":"Gremlin Leader","floor":24,"turns":7},{"damage":65,"enemies":"Slavers","floor":29,"turns":9},{"damage":14,"enemies":"Gremlin Leader","floor":31,"turns":5},{"damage":48,"enemies":"Automaton","floor":33,"turns":6}],"seed_played":"797576242247795968","potions_obtained":[{"floor":1,"key":"Energy Potion"},{"floor":7,"key":"Swift Potion"},{"floor":13,"key":"Dexterity Potion"},{"floor":14,"key":"Weak Potion"}],"is_trial":false,"path_per_floor":["M","?","?","M","$","R","E","?","T","M","R","E","M","E","R","B",null,"M","T","M","M","$","R","E","R","T","?","?","E","R","E","R","B"],"character_chosen":"THE_SILENT","items_purchased":["After Image"],"campfire_rested":4,"item_purchase_floors":[22],"current_hp_per_floor":[73,78,78,77,77,77,11,11,11,11,35,23,23,7,31,2,62,49,49,49,22,22,46,46,46,46,46,73,20,44,42,42,0],"gold":110,"neow_bonus":"TEN_PERCENT_HP_BONUS","is_prod":false,"is_daily":false,"chose_seed":false,"campfire_upgraded":3,"win_rate":0,"timestamp":1552848514,"path_taken":["M","?","?","M","$","R","E","?","T","?","R","E","M","E","R","BOSS","M","?","M","M","$","R","E","R","T","?","?","E","R","E","R","BOSS"],"build_version":"2019-01-23","purchased_purges":2,"victory":false,"max_hp_per_floor":[77,82,82,82,82,82,82,82,82,82,82,82,82,82,82,82,82,82,82,82,82,82,82,82,82,82,82,82,82,82,82,82,82],"card_choices":[{"not_picked":["Escape Plan","Dodge and Roll"],"picked":"Well Laid Plans","floor":1},{"not_picked":["Dagger Spray","Flying Knee"],"picked":"Infinite Blades","floor":4},{"not_picked":["Deflect","Dodge and Roll","Slice"],"picked":"SKIP","floor":7},{"not_picked":["Acrobatics","Distraction"],"picked":"Cloak And Dagger","floor":10},{"not_picked":["Flying Knee","Bane","Blade Dance"],"picked":"SKIP","floor":12},{"not_picked":["Bane","Terror"],"picked":"Cloak And Dagger","floor":13},{"not_picked":["Bane","Outmaneuver"],"picked":"Tools of the Trade","floor":14},{"not_picked":["Die Die Die","Night Terror"],"picked":"Tools of the Trade","floor":16},{"not_picked":["PiercingWail","Flying Knee"],"picked":"Poisoned Stab+1","floor":18},{"not_picked":["Infinite Blades","Bane"],"picked":"Underhanded Strike+1","floor":20},{"not_picked":["Dagger Spray","Deflect+1","Deadly Poison"],"picked":"SKIP","floor":21},{"not_picked":["Prepared","Dagger Throw"],"picked":"Cloak And Dagger+1","floor":24},{"not_picked":["Predator","Sucker Punch"],"picked":"After Image","floor":29},{"not_picked":["Deadly Poison","Slice+1","Phantasmal Killer"],"picked":"SKIP","floor":31}],"player_experience":769622,"relics_obtained":[{"floor":7,"key":"Tingsha"},{"floor":9,"key":"Ninja Scroll"},{"floor":12,"key":"Tiny Chest"},{"floor":14,"key":"Gambling Chip"},{"floor":19,"key":"Juzu Bracelet"},{"floor":24,"key":"Meat on the Bone"},{"floor":26,"key":"Dodecahedron"},{"floor":29,"key":"Vajra"},{"floor":31,"key":"Art of War"}],"event_choices":[{"damage_healed":0,"gold_gain":0,"player_choice":"Donut","damage_taken":0,"max_hp_gain":5,"max_hp_loss":0,"event_name":"Big Fish","floor":2,"gold_loss":0},{"cards_removed":["Strike_G"],"damage_healed":0,"gold_gain":0,"player_choice":"Card Removal","damage_taken":0,"max_hp_gain":0,"max_hp_loss":0,"event_name":"The Cleric","floor":3,"gold_loss":50},{"damage_healed":0,"gold_gain":0,"player_choice":"Left Gold","damage_taken":0,"max_hp_gain":0,"max_hp_loss":0,"event_name":"World of Goop","floor":8,"gold_loss":33},{"cards_removed":["Defend_G"],"damage_healed":0,"gold_gain":0,"player_choice":"Offered Basic","damage_taken":0,"max_hp_gain":0,"max_hp_loss":0,"event_name":"Bonfire Elementals","floor":27,"gold_loss":0},{"damage_healed":27,"gold_gain":0,"player_choice":"Heal","damage_taken":0,"max_hp_gain":0,"max_hp_loss":0,"event_name":"The Library","floor":28,"gold_loss":0}],"is_beta":false,"boss_relics":[{"not_picked":["Astrolabe","Tiny House"],"picked":"Sozu"}],"items_purged_floors":[5,22],"is_endless":false,"potions_floor_spawned":[1,7,13,14,24,29,31],"killed_by":"Automaton","ascension_level":5}