{"gold_per_floor":[115,130,142,142,67,67,94,105,105,105,105,121,135,148,148,251,251,263,280,18,37,37,72,72,72,95,95,95,119,119,132,132,227,227,245,258,3,3,13,13,27,27,78,98,118,135,135],"floor_reached":47,"playtime":2147,"items_purged":["Regret","Clumsy"],"score":453,"play_id":"838e1772-37e3-4a2c-b93d-a61a6a35810c","local_time":"20190412121317","is_ascension_mode":false,"campfire_choices":[{"data":"Seeing Red","floor":6,"key":"SMITH"},{"data":"Body Slam","floor":10,"key":"SMITH"},{"data":"Anger","floor":15,"key":"SMITH"},{"floor":24,"key":"REST"},{"floor":30,"key":"REST"},{"data":"Limit Break","floor":32,"key":"SMITH"},{"floor":40,"key":"REST"}],"neow_cost":"NONE","seed_source_timestamp":100927517159356,"circlet_count":0,"master_deck":["Strike_R","Strike_R","Defend_R","Defend_R+1","Defend_R","Defend_R+1","Bash","Impatience","Flame Barrier","Body Slam+1","Seeing Red+1","Whirlwind","Inflame+1","Anger+1","Shrug It Off","Double Tap","Limit Break+1","Twin Strike","Blood for Blood","Flex","Brutality+1","Inflame+1","Flex","Heavy Blade+1","Doubt","Clumsy","Flex+1"],"relics":["Burning Blood","Frozen Egg 2","FossilizedHelix","Ginger","Cursed Key","Singing Bowl","Thread and Needle","War Paint","Blood Vial","Empty Cage","Orichalcum","Bronze Scales"],"potions_floor_usage":[16,16,19,27,36,36,41,46,47],"damage_taken":[{"damage":1,"enemies":"2 Louse","floor":1,"turns":4},{"damage":1,"enemies":"Cultist","floor":2,"turns":3},{"damage":5,"enemies":"Small Slimes","floor":3,"turns":4},{"damage":29,"enemies":"Lagavulin","floor":7,"turns":8},{"damage":0,"enemies":"3 Louse","floor":8,"turns":1},{"damage":2,"enemies":"Blue Slaver","floor":12,"turns":4},{"damage":0,"enemies":"Lots of Slimes","floor":13,"turns":1},{"damage":0,"enemies":"Large Slime","floor":14,"turns":3},{"damage":51,"enemies":"The Guardian","floor":16,"turns":12},{"damage":20,"enemies":"2 Thieves","floor":18,"turns":3},{"damage":0,"enemies":"Shell Parasite","floor":19,"turns":3},{"damage":24,"enemies":"Sentry and Sphere","floor":21,"turns":5},{"damage":19,"enemies":"Gremlin Leader","floor":23,"turns":6},{"damage":0,"enemies":"3 Cultists","floor":27,"turns":1},{"damage":3,"enemies":"Cultist and Chosen","floor":31,"turns":4},{"damage":27,"enemies":"Collector","floor":33,"turns":7},{"damage":41,"enemies":"3 Shapes","floor":35,"turns":4},{"damage":4,"enemies":"3 Darklings","floor":36,"turns":3},{"damage":34,"enemies":"Spire Growth","floor":39,"turns":5},{"damage":21,"enemies":"4 Shapes","floor":41,"turns":3},{"damage":4,"enemies":"Writhing Mass","floor":44,"turns":5},{"damage":35,"enemies":"Spire Growth","floor":45,"turns":4},{"damage":57,"enemies":"Transient","floor":46,"turns":5},{"damage":28,"enemies":"4 Shapes","floor":47,"turns":3}],"seed_played":"-532800328998405609","potions_obtained":[{"floor":1,"key":"Fire Potion"},{"floor":7,"key":"Dexterity Potion"},{"floor":8,"key":"SmokeBomb"},{"floor":16,"key":"AttackPotion"},{"floor":18,"key":"BloodPotion"},{"floor":21,"key":"Swift Potion"},{"floor":23,"key":"BloodPotion"},{"floor":35,"key":"Block Potion"},{"floor":39,"key":"Fire Potion"},{"floor":46,"key":"Weak Potion"}],"is_trial":false,"path_per_floor":["M","M","M","?","$","R","E","M","T","R","?","M","M","M","R","B",null,"M","M","$","M","?","E","R","$","T","M","?","T","R","M","R","B",null,"M","M","$","?","M","R","M","?","T","M","M","M","M"],"character_chosen":"IRONCLAD","items_purchased":["Singing Bowl","Orichalcum"],"campfire_rested":3,"item_purchase_floors":[20,37],"current_hp_per_floor":[80,80,80,80,80,80,57,63,63,63,63,67,73,79,79,34,80,66,72,72,54,54,43,67,67,67,73,57,57,83,87,87,66,87,52,64,64,64,38,64,53,89,89,89,62,24,0],"gold":135,"neow_bonus":"RANDOM_COLORLESS","is_prod":false,"is_daily":false,"chose_seed":false,"campfire_upgraded":4,"win_rate":0,"timestamp":1555085597,"path_taken":["M","M","M","?","$","R","E","M","T","R","?","M","M","M","R","BOSS","M","?","$","M","?","E","R","$","T","M","?","?","R","M","R","BOSS","M","M","$","?","M","R","M","?","T","M","M","M","M"],"build_version":"2019-01-23","purchased_purges":2,"victory":false,"max_hp_per_floor":[80,80,80,80,80,80,80,80,80,80,80,80,80,80,80,80,80,80,80,80,80,80,82,82,82,82,82,87,87,87,87,87,87,87,87,87,87,87,87,87,89,89,89,89,91,93,93],"card_choices":[{"not_picked":["Flex","Thunderclap"],"picked":"Flame Barrier","floor":1},{"not_picked":["Flame Barrier","Heavy Blade"],"picked":"Body Slam","floor":2},{"not_picked":["True Grit","Clash"],"picked":"Seeing Red","floor":3},{"not_picked":["Fire Breathing+1","Rampage"],"picked":"Whirlwind","floor":7},{"not_picked":["Searing Blow","Twin Strike"],"picked":"Inflame+1","floor":8},{"not_picked":["Sword Boomerang","Rampage"],"picked":"Anger","floor":12},{"not_picked":["Heavy Blade","Clothesline"],"picked":"Shrug It Off","floor":13},{"not_picked":["Pommel Strike","True Grit"],"picked":"Double Tap","floor":14},{"not_picked":["Reaper","Dark Embrace+1"],"picked":"Limit Break","floor":16},{"not_picked":["Body Slam","Thunderclap+1"],"picked":"Twin Strike","floor":18},{"not_picked":["Sword Boomerang+1","Bloodletting","True Grit"],"picked":"SKIP","floor":19},{"not_picked":["Havoc","Warcry"],"picked":"Blood for Blood","floor":21},{"not_picked":["Sentinel+1","Blood for Blood","Dark Embrace+1"],"picked":"Singing Bowl","floor":23},{"not_picked":["Pommel Strike","True Grit+1"],"picked":"Flex","floor":31},{"not_picked":["Dark Embrace+1","Barricade+1"],"picked":"Brutality+1","floor":33},{"not_picked":["Rupture+1","Rampage"],"picked":"Inflame+1","floor":35},{"not_picked":["Armaments","Sever Soul"],"picked":"Flex","floor":36},{"not_picked":["Fire Breathing+1","Pommel Strike"],"picked":"Heavy Blade+1","floor":39},{"not_picked":["Second Wind","Clothesline","Warcry"],"picked":"Singing Bowl","floor":41},{"not_picked":["Body Slam+1","Pommel Strike+1"],"picked":"Flex+1","floor":44},{"not_picked":["Pommel Strike","Brutality+1","Warcry"],"picked":"Singing Bowl","floor":45},{"not_picked":["Intimidate+1","Havoc+1","Clash+1"],"picked":"Singing Bowl","floor":46}],"player_experience":127368,"relics_obtained":[{"floor":7,"key":"FossilizedHelix"},{"floor":9,"key":"Ginger"},{"floor":23,"key":"Thread and Needle"},{"floor":26,"key":"War Paint"},{"floor":29,"key":"Blood Vial"},{"floor":43,"key":"Bronze Scales"}],"event_choices":[{"damage_healed":0,"gold_gain":0,"player_choice":"Box","damage_taken":0,"relics_obtained":["Frozen Egg 2"],"max_hp_gain":0,"max_hp_loss":0,"event_name":"Big Fish","floor":4,"gold_loss":0,"cards_obtained":["Regret"]},{"cards_removed":["Strike_R"],"damage_healed":0,"gold_gain":0,"player_choice":"Card Removal","damage_taken":0,"max_hp_gain":0,"max_hp_loss":0,"event_name":"Wheel of Change","floor":11,"gold_loss":0},{"damage_healed":0,"gold_gain":0,"player_choice":"Ignored","damage_taken":0,"max_hp_gain":0,"max_hp_loss":0,"event_name":"Beggar","floor":22,"gold_loss":0},{"damage_healed":0,"gold_gain":0,"player_choice":"Shed Blood","damage_taken":21,"max_hp_gain":5,"max_hp_loss":0,"event_name":"Forgotten Altar","floor":28,"gold_loss":0},{"cards_removed":["Strike_R"],"damage_healed":0,"gold_gain":0,"player_choice":"Removed Attack","damage_taken":0,"max_hp_gain":0,"max_hp_loss":0,"event_name":"Falling","floor":38,"gold_loss":0},{"damage_healed":36,"gold_gain":0,"player_choice":"Heal","damage_taken":0,"max_hp_gain":0,"max_hp_loss":0,"event_name":"MindBloom","floor":42,"gold_loss":0,"cards_obtained":["Doubt"]}],"is_beta":false,"boss_relics":[{"not_picked":["Tiny House","Ectoplasm"],"picked":"Cursed Key"},{"not_picked":["Fusion Hammer","Runic Pyramid"],"picked":"Empty Cage"}],"items_purged_floors":[5,37],"is_endless":false,"potions_floor_spawned":[1,7,8,14,16,18,21,23,35,39,46],"killed_by":"4 Shapes","ascension_level":0}