{"gold_per_floor":[113,132,132,149,68,68,80,80,80,80,111,130,143,160,160,265,265,280,291,304,324,339,339,339,339,392,410,145,160,160,180,180,275,325,340,340,355,355,368,368],"floor_reached":40,"playtime":2794,"items_purged":["Regret"],"score":639,"play_id":"c1fb68ff-7b4f-492b-b752-c66a1c2b3be0","local_time":"20190427093605","is_ascension_mode":true,"campfire_choices":[{"data":"Noxious Fumes","floor":6.0,"key":"SMITH"},{"data":"Cloak And Dagger","floor":8.0,"key":"SMITH"},{"data":"Backflip","floor":10.0,"key":"SMITH"},{"floor":15.0,"key":"REST"},{"floor":23.0,"key":"REST"},{"floor":30.0,"key":"REST"},{"floor":32.0,"key":"REST"}],"neow_cost":"NONE","seed_source_timestamp":0,"circlet_count":0,"master_deck":["AscendersBane","Defend_G","Defend_G+1","Defend_G","Defend_G","Defend_G","Strike_G","Strike_G","Strike_G","Strike_G","Strike_G","Survivor","Neutralize","Dagger Spray+1","Prepared","Backflip+1","Noxious Fumes+1","Cloak And Dagger+1","Backstab","Blade Dance","Blade Dance","Dash","A Thousand Cuts","Infinite Blades+1","Terror","Blur","Well Laid Plans+1","Sucker Punch","Backstab","After Image","Backflip","Dagger Throw","After Image","Cloak And Dagger+1","Leg Sweep+1","Dark Shackles","Caltrops+1"],"special_seed":0,"relics":["Ring of the Snake","Bag of Marbles","Shuriken","Art of War","Cursed Key","MutagenicStrength","Girya","Ancient Tea Set","Tiny House"],"potions_floor_usage":[40,40,40,40],"damage_taken":[{"damage":0.0,"enemies":"Small Slimes","floor":1.0,"turns":3.0},{"damage":3.0,"enemies":"2 Louse","floor":2.0,"turns":2.0},{"damage":0.0,"enemies":"Cultist","floor":4.0,"turns":3.0},{"damage":3.0,"enemies":"2 Fungi Beasts","floor":7.0,"turns":4.0},{"damage":13.0,"enemies":"3 Sentries","floor":11.0,"turns":6.0},{"damage":16.0,"enemies":"Large Slime","floor":12.0,"turns":4.0},{"damage":0.0,"enemies":"Lots of Slimes","floor":13.0,"turns":2.0},{"damage":0.0,"enemies":"3 Louse","floor":14.0,"turns":1.0},{"damage":13.0,"enemies":"The Guardian","floor":16.0,"turns":10.0},{"damage":5.0,"enemies":"2 Thieves","floor":18.0,"turns":3.0},{"damage":6.0,"enemies":"Chosen","floor":19.0,"turns":3.0},{"damage":7.0,"enemies":"Shelled Parasite and Fungi","floor":20.0,"turns":4.0},{"damage":6.0,"enemies":"Centurion and Healer","floor":21.0,"turns":5.0},{"damage":26.0,"enemies":"Snecko","floor":22.0,"turns":5.0},{"damage":22.0,"enemies":"Snake Plant","floor":27.0,"turns":4.0},{"damage":0.0,"enemies":"3 Cultists","floor":29.0,"turns":4.0},{"damage":3.0,"enemies":"Cultist and Chosen","floor":31.0,"turns":3.0},{"damage":17.0,"enemies":"Champ","floor":33.0,"turns":9.0},{"damage":3.0,"enemies":"Orb Walker","floor":35.0,"turns":3.0},{"damage":16.0,"enemies":"3 Darklings","floor":37.0,"turns":5.0},{"damage":33,"enemies":"Spire Growth","floor":39,"turns":6},{"damage":24,"enemies":"Reptomancer","floor":40,"turns":2}],"seed_played":"-7238646316655903819","potions_obtained":[{"floor":7.0,"key":"Weak Potion"},{"floor":13.0,"key":"Ancient Potion"},{"floor":14.0,"key":"EssenceOfSteel"},{"floor":27.0,"key":"Energy Potion"},{"floor":31.0,"key":"Block Potion"},{"floor":34.0,"key":"EntropicBrew"}],"is_trial":false,"path_per_floor":["M","M","?","M","$","R","M","R","T","R","E","M","M","M","R","B",null,"M","M","M","M","M","R","?","?","T","M","$","M","R","M","R","B",null,"M","?","M","?","M","E"],"character_chosen":"THE_SILENT","items_purchased":["Noxious Fumes","Backstab","After Image"],"campfire_rested":4,"item_purchase_floors":[5,28,28],"current_hp_per_floor":[63,60,60,60,60,60,57,57,57,57,44,28,28,28,49,36,62,57,51,44,38,12,33,33,33,33,11,11,11,32,29,50,33,66,63,63,47,47,14,0],"gold":368,"neow_bonus":"RANDOM_COMMON_RELIC","is_prod":false,"is_daily":false,"chose_seed":false,"campfire_upgraded":3,"win_rate":0,"timestamp":1556328965,"path_taken":["M","M","?","M","$","R","M","R","T","R","E","M","M","M","R","BOSS","M","M","M","M","M","R","?","?","T","?","$","M","R","M","R","BOSS","M","?","M","?","M","E"],"build_version":"2019-01-23","purchased_purges":1,"victory":false,"max_hp_per_floor":[70,70,70,70,70,70,70,70,70,70,70,70,70,70,70,70,70,70,70,70,70,70,70,70,70,70,70,70,70,70,70,70,70,75,75,75,75,75,75,75],"card_choices":[{"not_picked":["Prepared","Bane"],"picked":"Dagger Spray","floor":1.0},{"not_picked":["Outmaneuver","Underhanded Strike"],"picked":"Prepared","floor":2.0},{"not_picked":["Slice","Dodge and Roll"],"picked":"Backflip","floor":4.0},{"not_picked":["Quick Slash","Dodge and Roll"],"picked":"Cloak And Dagger","floor":7.0},{"not_picked":["Accuracy","Phantasmal Killer"],"picked":"Backstab","floor":11.0},{"not_picked":["Deflect","Underhanded Strike"],"picked":"Blade Dance","floor":12.0},{"not_picked":["Prepared","Dodge and Roll"],"picked":"Blade Dance","floor":13.0},{"not_picked":["Distraction","Slice"],"picked":"Dash","floor":14.0},{"not_picked":["Wraith Form v2","Unload"],"picked":"A Thousand Cuts","floor":16.0},{"not_picked":["Flechettes","Poisoned Stab"],"picked":"Infinite Blades+1","floor":18.0},{"not_picked":["Bane+1","Blade Dance"],"picked":"Terror","floor":19.0},{"not_picked":["Reflex","Bane"],"picked":"Blur","floor":20.0},{"not_picked":["Underhanded Strike","Choke","Slice"],"picked":"SKIP","floor":21.0},{"not_picked":["Quick Slash","Accuracy"],"picked":"Well Laid Plans+1","floor":22.0},{"not_picked":["Acrobatics","Terror"],"picked":"Sucker Punch","floor":27.0},{"not_picked":["Sucker Punch+1","Endless Agony"],"picked":"Backflip","floor":29.0},{"not_picked":["Backflip","Terror"],"picked":"Dagger Throw","floor":31.0},{"not_picked":["Envenom","Die Die Die"],"picked":"After Image","floor":33.0},{"not_picked":["Dagger Spray","Flying Knee+1"],"picked":"Cloak And Dagger+1","floor":34.0},{"not_picked":["Deflect+1","Prepared"],"picked":"Leg Sweep","floor":35.0},{"not_picked":["Deep Breath","PanicButton"],"picked":"Dark Shackles","floor":36.0},{"not_picked":["Bouncing Flask+1","Flying Knee"],"picked":"Caltrops+1","floor":37},{"not_picked":["Acrobatics+1","Slice","Dagger Throw+1"],"picked":"SKIP","floor":39}],"player_experience":717346,"relics_obtained":[{"floor":9.0,"key":"Shuriken"},{"floor":11.0,"key":"Art of War"},{"floor":26.0,"key":"Ancient Tea Set"}],"event_choices":[{"damage_healed":0.0,"max_hp_gain":0.0,"max_hp_loss":0.0,"gold_gain":0.0,"event_name":"Living Wall","player_choice":"Grow","floor":3.0,"gold_loss":0.0,"damage_taken":0.0,"cards_upgraded":["Dagger Spray"]},{"damage_healed":0.0,"max_hp_gain":0.0,"max_hp_loss":0.0,"gold_gain":0.0,"event_name":"Drug Dealer","player_choice":"Inject Mutagens","floor":24.0,"gold_loss":0.0,"damage_taken":0.0,"relics_obtained":["MutagenicStrength"]},{"damage_healed":0.0,"max_hp_gain":0.0,"max_hp_loss":0.0,"gold_gain":0.0,"event_name":"WeMeetAgain","player_choice":"Gave Potion","floor":25.0,"gold_loss":0.0,"damage_taken":0.0,"relics_obtained":["Girya"]},{"damage_healed":0.0,"max_hp_gain":0.0,"max_hp_loss":0.0,"gold_gain":0.0,"event_name":"SensoryStone","player_choice":"Memory 1","floor":36.0,"gold_loss":0.0,"damage_taken":0.0},{"damage_healed":0,"gold_gain":0,"player_choice":"Forge","damage_taken":0,"max_hp_gain":0,"max_hp_loss":0,"event_name":"Accursed Blacksmith","floor":38,"gold_loss":0,"cards_upgraded":["Leg Sweep"]}],"is_beta":false,"boss_relics":[{"not_picked":["Ectoplasm","Snecko Eye"],"picked":"Cursed Key"},{"not_picked":["Pandora\u0027s Box","White Beast Statue"],"picked":"Tiny House"}],"items_purged_floors":[28],"is_endless":false,"potions_floor_spawned":[7,13,14,16,18,19,27,31,35],"killed_by":"Reptomancer","ascension_level":11}