{"gold_per_floor":[116,136,136,136,136,170,187,187,187,200,58,58,83,102,102,197,197,207,242,242,26,45,45,45,45,45,58,68,68,81,92,92,196,196,208,223,68,139,139,139,149,149,197,212,222,23,34,34,34,34,34,34,34,34],"floor_reached":54,"playtime":2438,"items_purged":["Strike_R","Strike_R+1"],"score":724,"play_id":"9be4358f-61a1-4db9-ad35-add3568d2903","local_time":"20190424142547","is_ascension_mode":false,"campfire_choices":[{"data":"Bash","floor":8,"key":"SMITH"},{"data":"Flex","floor":12,"key":"SMITH"},{"floor":15,"key":"REST"},{"data":"Armaments","floor":23,"key":"SMITH"},{"data":"Entrench","floor":25,"key":"SMITH"},{"floor":29,"key":"REST"},{"floor":32,"key":"REST"},{"floor":40,"key":"RECALL"},{"floor":49,"key":"REST"},{"data":"Shrug It Off","floor":52,"key":"SMITH"}],"neow_cost":"NONE","seed_source_timestamp":760191786384100,"circlet_count":0,"master_deck":["Defend_R","Defend_R","Defend_R+1","Bash+1","Carnage","Inflame","Pommel Strike","Flex+1","Combust+1","Demon Form+1","Shrug It Off+1","Limit Break+1","Seeing Red+1","Second Wind+1","Barricade+1","Twin Strike","Cleave+1","Armaments+1","Entrench+1","Feed","Ghostly Armor+1","Reaper","Shrug It Off+1","Headbutt+1"],"relics":["Burning Blood","NeowsBlessing","Sundial","Frozen Egg 2","Bottled Tornado","Astrolabe","Red Mask","TheAbacus","Runic Cube","Omamori","Kunai","WarpedTongs","Potion Belt","Blue Candle"],"potions_floor_usage":[18,31,31,47,47,50,50,50],"damage_taken":[{"damage":0,"enemies":"Cultist","floor":1,"turns":1},{"damage":0,"enemies":"2 Louse","floor":2,"turns":1},{"damage":0,"enemies":"Gremlin Nob","floor":6,"turns":1},{"damage":5,"enemies":"Jaw Worm","floor":7,"turns":3},{"damage":2,"enemies":"Looter","floor":10,"turns":2},{"damage":38,"enemies":"Lagavulin","floor":13,"turns":4},{"damage":2,"enemies":"Gremlin Gang","floor":14,"turns":3},{"damage":57,"enemies":"Hexaghost","floor":16,"turns":8},{"damage":17,"enemies":"Shell Parasite","floor":18,"turns":5},{"damage":36,"enemies":"Masked Bandits","floor":19,"turns":4},{"damage":13,"enemies":"3 Byrds","floor":22,"turns":3},{"damage":26,"enemies":"Sentry and Sphere","floor":27,"turns":7},{"damage":16,"enemies":"Chosen and Byrds","floor":28,"turns":6},{"damage":19,"enemies":"Centurion and Healer","floor":30,"turns":5},{"damage":4,"enemies":"Cultist and Chosen","floor":31,"turns":5},{"damage":9,"enemies":"Champ","floor":33,"turns":9},{"damage":39,"enemies":"Orb Walker","floor":35,"turns":5},{"damage":16,"enemies":"3 Shapes","floor":36,"turns":4},{"damage":30,"enemies":"Spire Growth","floor":41,"turns":7},{"damage":20,"enemies":"4 Shapes","floor":44,"turns":4},{"damage":45,"enemies":"Jaw Worm Horde","floor":45,"turns":6},{"damage":47,"enemies":"Transient","floor":47,"turns":5},{"damage":74,"enemies":"Awakened One","floor":50,"turns":9},{"damage":107,"enemies":"Shield and Spear","floor":54,"turns":8}],"seed_played":"1666633639775794838","potions_obtained":[{"floor":1,"key":"Explosive Potion"},{"floor":14,"key":"BloodPotion"},{"floor":16,"key":"Weak Potion"},{"floor":18,"key":"Fire Potion"},{"floor":33,"key":"SpeedPotion"},{"floor":35,"key":"Swift Potion"},{"floor":47,"key":"Ancient Potion"}],"is_trial":false,"path_per_floor":["M","M","?","?","?","E","M","R","T","M","$","R","E","M","R","B",null,"M","?","?","$","M","R","?","R","T","M","M","R","M","M","R","B",null,"M","M","$","T","?","R","M","?","T","M","M","$","M","T","R","B",null,"R","$","E"],"character_chosen":"IRONCLAD","items_purchased":["Combust+1","TheAbacus","Armaments","Omamori","AttackPotion","PowerPotion"],"campfire_rested":4,"item_purchase_floors":[11,21,21,37,46,46],"current_hp_per_floor":[80,80,73,57,57,63,64,64,64,68,68,68,36,40,64,13,80,69,39,65,65,58,58,58,58,58,38,28,52,42,47,72,69,86,56,61,61,61,84,84,92,92,92,82,47,47,16,16,46,8,100,100,100,0],"gold":34,"neow_bonus":"THREE_ENEMY_KILL","is_prod":false,"is_daily":false,"chose_seed":false,"campfire_upgraded":5,"win_rate":0,"timestamp":1556130347,"path_taken":["M","?","?","?","?","E","M","R","T","M","$","R","E","?","R","BOSS","M","?","?","$","M","R","?","R","T","M","M","R","?","M","R","BOSS","M","M","?","?","?","R","?","?","T","?","M","$","M","?","R","BOSS","R","$","E"],"build_version":"2019-01-23","purchased_purges":2,"victory":false,"max_hp_per_floor":[80,80,80,80,80,80,80,80,80,80,80,80,80,80,80,80,80,80,80,80,80,80,80,80,80,80,80,80,80,83,86,86,86,86,89,92,92,92,92,92,92,92,92,96,100,100,100,100,100,100,100,100,100,100],"card_choices":[{"not_picked":["Bloodletting","Flex"],"picked":"Carnage","floor":1},{"not_picked":["Sentinel","Infernal Blade"],"picked":"Inflame","floor":2},{"not_picked":["Dark Embrace","Cleave"],"picked":"Pommel Strike","floor":6},{"not_picked":["Fire Breathing","Wild Strike","Sword Boomerang"],"picked":"SKIP","floor":7},{"not_picked":["Perfected Strike","Wild Strike"],"picked":"Flex","floor":10},{"not_picked":["Power Through","Cleave"],"picked":"Demon Form+1","floor":13},{"not_picked":["True Grit","Twin Strike"],"picked":"Shrug It Off","floor":14},{"not_picked":["Fiend Fire","Impervious"],"picked":"Limit Break","floor":16},{"not_picked":["Shockwave","Warcry+1"],"picked":"Twin Strike","floor":18},{"not_picked":["Clothesline","Perfected Strike"],"picked":"Cleave+1","floor":19},{"not_picked":["Warcry","Pommel Strike+1"],"picked":"Entrench","floor":22},{"not_picked":["Dropkick+1","Spot Weakness","Armaments+1"],"picked":"SKIP","floor":27},{"not_picked":["Metallicize+1","True Grit"],"picked":"Feed","floor":28},{"not_picked":["Anger","Feel No Pain+1"],"picked":"Ghostly Armor+1","floor":30},{"not_picked":["Warcry+1","Cleave","Shockwave"],"picked":"SKIP","floor":31},{"not_picked":["Immolate","Limit Break"],"picked":"Reaper","floor":33},{"not_picked":["Armaments","Clothesline"],"picked":"Shrug It Off+1","floor":35},{"not_picked":["Sword Boomerang+1","Perfected Strike","Feel No Pain+1"],"picked":"SKIP","floor":36},{"not_picked":["Shockwave+1","Anger+1","True Grit"],"picked":"SKIP","floor":41},{"not_picked":["Twin Strike","True Grit+1","Havoc+1"],"picked":"SKIP","floor":44},{"not_picked":["Immolate","Sword Boomerang+1","Armaments"],"picked":"SKIP","floor":45},{"not_picked":["Dropkick","Shockwave"],"picked":"Headbutt+1","floor":47}],"player_experience":231201,"relics_obtained":[{"floor":6,"key":"Sundial"},{"floor":9,"key":"Frozen Egg 2"},{"floor":13,"key":"Bottled Tornado"},{"floor":19,"key":"Red Mask"},{"floor":38,"key":"Kunai"},{"floor":43,"key":"Potion Belt"},{"floor":48,"key":"Blue Candle"}],"event_choices":[{"cards_removed":["Strike_R"],"damage_healed":0,"gold_gain":0,"player_choice":"Card Removal","damage_taken":7,"max_hp_gain":0,"max_hp_loss":0,"event_name":"Golden Wing","floor":3,"gold_loss":0},{"damage_healed":0,"gold_gain":0,"player_choice":"Entered Light","damage_taken":16,"max_hp_gain":0,"max_hp_loss":0,"event_name":"Shining Light","floor":4,"gold_loss":0,"cards_upgraded":["Defend_R","Strike_R"]},{"damage_healed":0,"gold_gain":0,"player_choice":"Ignored","damage_taken":0,"max_hp_gain":0,"max_hp_loss":0,"event_name":"NoteForYourself","floor":5,"gold_loss":0},{"damage_healed":0,"gold_gain":0,"player_choice":"Fought Bandits","damage_taken":0,"max_hp_gain":0,"max_hp_loss":0,"event_name":"Masked Bandits","floor":19,"gold_loss":0},{"damage_healed":26,"gold_gain":0,"player_choice":"Heal","damage_taken":0,"max_hp_gain":0,"max_hp_loss":0,"event_name":"The Library","floor":20,"gold_loss":0},{"damage_healed":0,"gold_gain":0,"player_choice":"Upgraded","damage_taken":0,"max_hp_gain":0,"max_hp_loss":0,"event_name":"Upgrade Shrine","floor":24,"gold_loss":0,"cards_upgraded":["Limit Break"]},{"damage_healed":23,"gold_gain":0,"player_choice":"Writhe","damage_taken":0,"max_hp_gain":0,"max_hp_loss":0,"event_name":"Winding Halls","floor":39,"gold_loss":0,"cards_obtained":["Writhe"]},{"damage_healed":0,"gold_gain":0,"player_choice":"Rummage","damage_taken":0,"relics_obtained":["WarpedTongs"],"max_hp_gain":0,"max_hp_loss":0,"event_name":"Accursed Blacksmith","floor":42,"gold_loss":0,"cards_obtained":["Pain"]}],"is_beta":false,"boss_relics":[{"not_picked":["Black Star","Philosopher\u0027s Stone"],"picked":"Astrolabe"},{"not_picked":["Orrery","Runic Pyramid"],"picked":"Runic Cube"}],"items_purged_floors":[11,46],"is_endless":false,"potions_floor_spawned":[1,14,16,18,30,33,35,47],"killed_by":"Shield and Spear","ascension_level":0}