{"gold_per_floor":[119,119,139,214,214,214,245,245,268,286,301,350,376,388,388,489,489,509,509,103,123,123,123,123,148,148,48,48],"floor_reached":28,"playtime":999,"items_purged":["Strike_G","Strike_G"],"score":309,"play_id":"8a03de9a-3f4e-4564-a97f-3789498ae8bf","local_time":"20190426115300","is_ascension_mode":true,"campfire_choices":[{"data":"Leg Sweep","floor":6,"key":"SMITH"},{"data":"Neutralize","floor":8,"key":"SMITH"},{"floor":15,"key":"REST"},{"data":"Endless Agony","floor":23,"key":"SMITH"}],"neow_cost":"NONE","seed_source_timestamp":64318399511448,"circlet_count":0,"master_deck":["Defend_G","Defend_G","Defend_G","Defend_G","Defend_G","Strike_G","Strike_G","Survivor","Neutralize+1","Finisher","Leg Sweep+1","Deadly Poison","Catalyst","Endless Agony+1","Blur","Envenom+1","Backflip","Blur","Backstab","Poisoned Stab","PiercingWail"],"relics":["Ring of the Snake","NeowsBlessing","Pantograph","PreservedInsect","Bag of Preparation","Juzu Bracelet","Runic Pyramid","Bottled Tornado","Pocketwatch","StoneCalendar"],"potions_floor_usage":[14,28,28],"damage_taken":[{"damage":0,"enemies":"Jaw Worm","floor":1,"turns":1},{"damage":0,"enemies":"Small Slimes","floor":3,"turns":1},{"damage":0,"enemies":"Lagavulin","floor":7,"turns":1},{"damage":0,"enemies":"2 Louse","floor":10,"turns":4},{"damage":6,"enemies":"Blue Slaver","floor":11,"turns":5},{"damage":24,"enemies":"3 Sentries","floor":13,"turns":13},{"damage":0,"enemies":"Gremlin Gang","floor":14,"turns":5},{"damage":4,"enemies":"The Guardian","floor":16,"turns":14},{"damage":19,"enemies":"3 Byrds","floor":18,"turns":8},{"damage":0,"enemies":"Chosen","floor":21,"turns":6},{"damage":38,"enemies":"Book of Stabbing","floor":25,"turns":6},{"damage":31,"enemies":"Slavers","floor":28,"turns":6}],"seed_played":"5432155310845660381","potions_obtained":[{"floor":1,"key":"SteroidPotion"},{"floor":7,"key":"SneckoOil"},{"floor":10,"key":"Strength Potion"},{"floor":13,"key":"Energy Potion"},{"floor":14,"key":"Regen Potion"},{"floor":18,"key":"PowerPotion"}],"is_trial":false,"path_per_floor":["?","?","?","T","?","?","T"],"character_chosen":"THE_SILENT","items_purchased":["Bottled Tornado","Backstab"],"campfire_rested":1,"item_purchase_floors":[20,20],"current_hp_per_floor":[70,63,63,52,52,52,52,52,52,52,46,46,22,22,43,64,70,51,51,51,51,51,51,51,13,13,13,0],"gold":48,"neow_bonus":"THREE_ENEMY_KILL","is_prod":false,"is_daily":false,"chose_seed":false,"campfire_upgraded":3,"win_rate":0,"timestamp":1556254380,"path_taken":["M","?","M","?","?","R","E","R","T","M","M","?","E","M","R","BOSS","M","?","$","M","?","R","?","E","T","$","E"],"build_version":"2019-01-23","purchased_purges":2,"victory":false,"max_hp_per_floor":[70,70,70,70,70,70,70,70,70,70,70,70,70,70,70,70,70,70,70,70,70,70,70,70,70,70,70,70],"card_choices":[{"not_picked":["Deflect","Dagger Throw"],"picked":"Finisher","floor":1},{"not_picked":["Predator","Masterful Stab"],"picked":"Leg Sweep","floor":3},{"not_picked":["Slice","Prepared","Outmaneuver"],"picked":"SKIP","floor":7},{"not_picked":["Sucker Punch","Wraith Form v2"],"picked":"Deadly Poison","floor":10},{"not_picked":["Blade Dance","Deadly Poison"],"picked":"Catalyst","floor":11},{"not_picked":["Riddle With Holes","Heel Hook"],"picked":"Endless Agony","floor":13},{"not_picked":["Bane","PiercingWail"],"picked":"Blur","floor":14},{"not_picked":["Tools of the Trade","Adrenaline"],"picked":"Envenom","floor":16},{"not_picked":["Heel Hook+1","Deflect"],"picked":"Backflip","floor":18},{"not_picked":["Dagger Throw","Burst"],"picked":"Poisoned Stab","floor":21},{"not_picked":["Flying Knee","Underhanded Strike"],"picked":"PiercingWail","floor":25}],"player_experience":94624,"relics_obtained":[{"floor":7,"key":"Pantograph"},{"floor":9,"key":"PreservedInsect"},{"floor":12,"key":"Bag of Preparation"},{"floor":13,"key":"Juzu Bracelet"},{"floor":25,"key":"Pocketwatch"},{"floor":26,"key":"StoneCalendar"}],"event_choices":[{"cards_removed":["Strike_G"],"damage_healed":0,"gold_gain":0,"player_choice":"Card Removal","damage_taken":7,"max_hp_gain":0,"max_hp_loss":0,"event_name":"Golden Wing","floor":2,"gold_loss":0},{"damage_healed":0,"gold_gain":75,"player_choice":"Gather Gold","damage_taken":11,"max_hp_gain":0,"max_hp_loss":0,"event_name":"World of Goop","floor":4,"gold_loss":0},{"damage_healed":0,"gold_gain":0,"player_choice":"Ignored","damage_taken":0,"max_hp_gain":0,"max_hp_loss":0,"event_name":"Liars Game","floor":5,"gold_loss":0},{"damage_healed":0,"gold_gain":0,"player_choice":"Copied","damage_taken":0,"max_hp_gain":0,"max_hp_loss":0,"event_name":"Duplicator","floor":19,"gold_loss":0,"cards_obtained":["Blur"]},{"damage_healed":0,"gold_gain":0,"player_choice":"Upgraded","damage_taken":0,"max_hp_gain":0,"max_hp_loss":0,"event_name":"Upgrade Shrine","floor":22,"gold_loss":0,"cards_upgraded":["Envenom"]}],"is_beta":false,"boss_relics":[{"not_picked":["Velvet Choker","Tiny House"],"picked":"Runic Pyramid"}],"items_purged_floors":[20,27],"is_endless":false,"potions_floor_spawned":[1,7,10,13,14,18],"killed_by":"Slavers","ascension_level":3}