{"gold_per_floor":[111,111,111,36,52,52,85,85,85,110,110],"floor_reached":11,"playtime":1214,"items_purged":["Strike_B"],"score":79,"play_id":"96045bb3-d894-43dd-8ef8-36d8b0b1efd2","local_time":"20181227112939","is_ascension_mode":false,"campfire_choices":[{"data":"Zap","floor":6,"key":"SMITH"},{"data":"Loop","floor":8,"key":"SMITH"}],"neow_cost":"PERCENT_DAMAGE","seed_source_timestamp":713547866246076,"circlet_count":0,"master_deck":["Strike_B","Strike_B","Defend_B","Defend_B","Defend_B","Defend_B","Zap+1","Dualcast","Loop+1","Consume"],"relics":["Cracked Core","Nunchaku","Kunai","Turnip"],"potions_floor_usage":[10,11],"damage_taken":[{"damage":0,"enemies":"Small Slimes","floor":1,"turns":3},{"damage":0,"enemies":"2 Louse","floor":5,"turns":3},{"damage":17,"enemies":"Lagavulin","floor":7,"turns":8},{"damage":32,"enemies":"3 Sentries","floor":10,"turns":9},{"damage":6,"enemies":"Jaw Worm","floor":11,"turns":1}],"seed_played":"-7521601757267814734","potions_obtained":[{"floor":7,"key":"Fire Potion"},{"floor":10,"key":"PowerPotion"}],"is_trial":false,"path_per_floor":["M","?","?","$","M","R","E","R","T","E","M"],"character_chosen":"DEFECT","items_purchased":[],"campfire_rested":0,"item_purchase_floors":[],"current_hp_per_floor":[54,54,54,54,54,54,37,37,37,5,0],"gold":110,"neow_bonus":"ONE_RARE_RELIC","is_prod":false,"is_daily":false,"chose_seed":false,"campfire_upgraded":2,"win_rate":0,"timestamp":1545928179,"path_taken":["M","?","?","?","?","R","E","R","T","E","M"],"build_version":"2018-12-20","purchased_purges":1,"victory":false,"max_hp_per_floor":[75,75,75,75,75,75,75,75,75,75,75],"card_choices":[{"not_picked":["Barrage","Hologram","Go for the Eyes"],"picked":"SKIP","floor":1},{"not_picked":["Barrage","Turbo","Go for the Eyes"],"picked":"SKIP","floor":5},{"not_picked":["Compile Driver","Doom and Gloom"],"picked":"Loop","floor":7},{"not_picked":["Melter","Beam Cell"],"picked":"Consume","floor":10}],"player_experience":582800,"relics_obtained":[{"floor":7,"key":"Kunai"},{"floor":10,"key":"Turnip"}],"event_choices":[{"damage_healed":0,"gold_gain":0,"player_choice":"Ignored","damage_taken":0,"max_hp_gain":0,"max_hp_loss":0,"event_name":"Liars Game","floor":2,"gold_loss":0},{"cards_removed":["Strike_B"],"damage_healed":0,"gold_gain":0,"player_choice":"Forget","damage_taken":0,"max_hp_gain":0,"max_hp_loss":0,"event_name":"Living Wall","floor":3,"gold_loss":0}],"is_beta":false,"boss_relics":[],"items_purged_floors":[4],"is_endless":false,"potions_floor_spawned":[7,10],"killed_by":"Jaw Worm","ascension_level":0}