{"gold_per_floor":[113,133,150,166,166,166,191,191,214,233,262,262,262,280,280,380,380,400,475,494,513,526,526,545,30,56,69,69],"floor_reached":28,"playtime":1887,"items_purged":["Wild Strike"],"score":306,"play_id":"718b53b6-6828-4112-aa93-e2e6f3c52eaa","local_time":"20180911215402","is_ascension_mode":true,"campfire_choices":[{"data":"Metallicize","floor":6,"key":"SMITH"},{"floor":8,"key":"REST"},{"floor":12,"key":"REST"},{"data":"Uppercut","floor":15,"key":"SMITH"},{"floor":23,"key":"REST"}],"neow_cost":"NONE","seed_source_timestamp":357342719775073,"circlet_count":0,"master_deck":["Bash+1","Twin Strike","Pommel Strike+1","Metallicize+1","Fire Breathing","Uppercut+1","Evolve","Shrug It Off+1","Carnage","Shrug It Off","Reaper","Armaments","Clothesline","Anger","Havoc","Shrug It Off","Wild Strike","Disarm","Heavy Blade","Pommel Strike","Warcry+1","True Grit","Purity","Shrug It Off"],"relics":["Burning Blood","Ancient Tea Set","Omamori","War Paint","Pandora\u0027s Box","Sling","Lantern"],"potions_floor_usage":[7,11,22,25,28,28],"damage_taken":[{"damage":8,"enemies":"Jaw Worm","floor":1,"turns":4},{"damage":6,"enemies":"2 Louse","floor":2,"turns":2},{"damage":0,"enemies":"Small Slimes","floor":3,"turns":3},{"damage":15,"enemies":"Blue Slaver","floor":4,"turns":6},{"damage":15,"enemies":"3 Sentries","floor":7,"turns":10},{"damage":29,"enemies":"Exordium Thugs","floor":10,"turns":5},{"damage":18,"enemies":"Gremlin Nob","floor":11,"turns":4},{"damage":11,"enemies":"Gremlin Gang","floor":14,"turns":5},{"damage":39,"enemies":"The Guardian","floor":16,"turns":14},{"damage":8,"enemies":"Shell Parasite","floor":18,"turns":9},{"damage":24,"enemies":"Spheric Guardian","floor":20,"turns":6},{"damage":13,"enemies":"Snake Plant","floor":21,"turns":4},{"damage":17,"enemies":"Centurion and Healer","floor":22,"turns":8},{"damage":23,"enemies":"Snecko","floor":24,"turns":6},{"damage":56,"enemies":"Sentry and Sphere","floor":27,"turns":8},{"damage":51,"enemies":"Cultist and Chosen","floor":28,"turns":8}],"seed_played":"7487825567223451286","potions_obtained":[{"floor":2,"key":"BloodPotion"},{"floor":4,"key":"SpeedPotion"},{"floor":10,"key":"PowerPotion"},{"floor":14,"key":"Energy Potion"},{"floor":22,"key":"Regen Potion"},{"floor":24,"key":"PowerPotion"},{"floor":27,"key":"SpeedPotion"}],"is_trial":false,"path_per_floor":["M","M","M","M","?","R","E","R","T","M","E","R","?","M","R","B",null,"M","?","M","M","M","R","M","$","T","M"],"character_chosen":"IRONCLAD","items_purchased":["Sling","True Grit","Fruit Juice","Purity"],"campfire_rested":3,"item_purchase_floors":[25,25,25,25],"current_hp_per_floor":[78,78,80,71,55,55,46,70,70,47,35,59,64,59,59,26,85,83,75,57,50,39,64,53,58,58,8,0],"gold":69,"neow_bonus":"THREE_CARDS","is_prod":false,"is_daily":false,"chose_seed":false,"campfire_upgraded":2,"win_rate":0,"timestamp":1536717242,"path_taken":["M","M","M","M","?","R","E","R","T","M","E","R","?","M","R","BOSS","M","?","M","M","?","R","M","$","T","M","M"],"build_version":"2018-09-06","purchased_purges":1,"victory":false,"max_hp_per_floor":[80,80,80,80,80,80,80,80,80,80,80,80,85,85,85,85,85,85,85,85,85,85,85,85,90,90,90,90],"card_choices":[{"not_picked":["Feel No Pain","Second Wind"],"picked":"Twin Strike","floor":0},{"not_picked":["Perfected Strike","Anger"],"picked":"Pommel Strike","floor":1},{"not_picked":["Second Wind","Combust"],"picked":"Metallicize","floor":2},{"not_picked":["Clash","Havoc"],"picked":"Fire Breathing","floor":3},{"not_picked":["Burning Pact","Heavy Blade"],"picked":"Uppercut","floor":4},{"not_picked":["Bloodletting","Intimidate"],"picked":"Evolve","floor":7},{"not_picked":["Body Slam","Rage"],"picked":"Shrug It Off","floor":10},{"not_picked":["Thunderclap","Perfected Strike"],"picked":"Carnage","floor":11},{"not_picked":["Cleave","Twin Strike"],"picked":"Shrug It Off","floor":14},{"not_picked":["Juggernaut","Impervious"],"picked":"Reaper","floor":16},{"not_picked":["Perfected Strike+1","Warcry","Bloodletting"],"picked":"SKIP","floor":18},{"not_picked":["Warcry","Perfected Strike+1","Cleave"],"picked":"SKIP","floor":20},{"not_picked":["Twin Strike","Evolve"],"picked":"Pommel Strike","floor":21},{"not_picked":["Thunderclap","Cleave","Body Slam"],"picked":"SKIP","floor":22},{"not_picked":["Sentinel","Havoc"],"picked":"Warcry+1","floor":24},{"not_picked":["Sever Soul","Sword Boomerang"],"picked":"Shrug It Off","floor":27}],"player_experience":106280,"relics_obtained":[{"floor":7,"key":"Ancient Tea Set"},{"floor":9,"key":"Omamori"},{"floor":11,"key":"War Paint"},{"floor":26,"key":"Lantern"}],"event_choices":[{"event_name":"Shining Light","player_choice":"Entered Light","floor":5,"damage_taken":0},{"event_name":"Big Fish","player_choice":"Donut","floor":13,"damage_taken":0},{"event_name":"FaceTrader","player_choice":"Touch","floor":19,"damage_taken":0}],"is_beta":false,"boss_relics":[{"not_picked":["Astrolabe","Philosopher\u0027s Stone"],"picked":"Pandora\u0027s Box"}],"items_purged_floors":[25],"is_endless":false,"potions_floor_spawned":[2,4,10,14,22,24,27],"killed_by":"Cultist and Chosen","ascension_level":4}