{"gold_per_floor":[217,392,408,421,433,433,65,65,91,107,107,7,7,7,7,130,130,149,199,175,175,56,56,56,56,133,133,56,79,115,133,133,258,258,283,189,202,202,202,202,216,216,242,242,258,298,298,317,317,317],"floor_reached":50,"playtime":2787,"items_purged":["Doubt","Injury"],"score":574,"play_id":"7af3b8c7-7098-4c71-98be-150513fdd87a","local_time":"20180906024144","is_ascension_mode":true,"campfire_choices":[{"data":"Backflip","floor":6.0,"key":"SMITH"},{"floor":8.0,"key":"REST"},{"data":"Noxious Fumes","floor":13.0,"key":"SMITH"},{"data":"Quick Slash","floor":15.0,"key":"SMITH"},{"data":"A Thousand Cuts","floor":23,"key":"SMITH"},{"floor":25,"key":"REST"},{"data":"RitualDagger","floor":27,"key":"SMITH"},{"floor":32,"key":"REST"},{"floor":40,"key":"REST"},{"floor":42,"key":"REST"},{"floor":44,"key":"REST"},{"floor":47,"key":"REST"},{"floor":49,"key":"REST"}],"neow_cost":"NONE","seed_source_timestamp":0,"circlet_count":0,"master_deck":["Survivor","Neutralize","PiercingWail","Quick Slash+1","PiercingWail","Backflip+1","Noxious Fumes+1","Die Die Die+1","Cloak And Dagger","A Thousand Cuts+1","Heel Hook","Dagger Throw","Catalyst","Blade Dance","Distraction","Sucker Punch","Reflex","Crippling Poison","Blur","Calculated Gamble+1","Deadly Poison","Backstab","Crippling Poison","RitualDagger+1","Noxious Fumes","Terror","Leg Sweep+1","Flechettes+1","Deadly Poison+1","Backstab","Sucker Punch","Poisoned Stab+1","Dodge and Roll+1","Apotheosis","Quick Slash+1","Backflip","Dagger Spray+1","Corpse Explosion"],"special_seed":0,"relics":["Ring of the Snake","Whetstone","Golden Idol","Omamori","Pandora\u0027s Box","Tiny Chest","Bag of Preparation","Cursed Key","Shovel","Vajra","The Courier"],"potions_floor_usage":[31,31,37,41,41,46,50,50],"damage_taken":[{"damage":3.0,"enemies":"Jaw Worm","floor":1.0,"turns":6.0},{"damage":2.0,"enemies":"2 Louse","floor":3.0,"turns":4.0},{"damage":5.0,"enemies":"Cultist","floor":4.0,"turns":5.0},{"damage":13.0,"enemies":"Gremlin Gang","floor":5.0,"turns":5.0},{"damage":0.0,"enemies":"2 Fungi Beasts","floor":10.0,"turns":3.0},{"damage":18.0,"enemies":"Slime Boss","floor":16.0,"turns":11.0},{"damage":12.0,"enemies":"Chosen","floor":18.0,"turns":6.0},{"damage":11,"enemies":"Shell Parasite","floor":29,"turns":5},{"damage":23,"enemies":"Gremlin Leader","floor":30,"turns":5},{"damage":6,"enemies":"Centurion and Healer","floor":31,"turns":6},{"damage":43,"enemies":"Collector","floor":33,"turns":7},{"damage":6,"enemies":"3 Shapes","floor":35,"turns":4},{"damage":35,"enemies":"3 Darklings","floor":37,"turns":4},{"damage":19,"enemies":"Mind Bloom Boss Battle","floor":38,"turns":5},{"damage":12,"enemies":"Maw","floor":41,"turns":4},{"damage":6,"enemies":"Reptomancer","floor":45,"turns":5},{"damage":48,"enemies":"Nemesis","floor":46,"turns":7},{"damage":10,"enemies":"Transient","floor":48,"turns":5},{"damage":59,"enemies":"Awakened One","floor":50,"turns":8}],"seed_played":"8571086241569018078","potions_obtained":[{"floor":10.0,"key":"Ancient Potion"},{"floor":16.0,"key":"Ancient Potion"},{"floor":29,"key":"SteroidPotion"},{"floor":33,"key":"SpeedPotion"},{"floor":38,"key":"SkillPotion"},{"floor":45,"key":"LiquidBronze"},{"floor":48,"key":"Regen Potion"}],"is_trial":false,"path_per_floor":["M","?","M","M","M","R","$","R","T","M","?","$","R","T","R","B",null,"M","?","$","?","$","R","?","R","T","R","$","M","E","M","R","B",null,"M","$","M","?","?","R","M","R","T","R","M","E","R","M","R"],"character_chosen":"THE_SILENT","items_purchased":["Noxious Fumes","Die Die Die","Cloak And Dagger","Fire Potion","Deadly Poison","Backstab","Crippling Poison","Noxious Fumes","Backstab","Sucker Punch"],"campfire_rested":8,"item_purchase_floors":[7,7,7,7,20,22,22,28,36,36],"current_hp_per_floor":[67,67,65,60,47,47,47,68,68,68,68,68,68,68,68,50,70,58,58,58,58,58,58,52,70,70,70,70,59,36,30,51,8,70,64,64,29,10,10,31,19,40,40,61,55,7,28,18,39,0],"gold":317,"neow_bonus":"HUNDRED_GOLD","is_prod":false,"is_daily":false,"chose_seed":false,"campfire_upgraded":5,"win_rate":0,"timestamp":1536216104,"path_taken":["M","?","?","M","M","R","$","R","T","?","?","$","R","?","R","BOSS","BOSS","M","?","?","?","?","R","?","R","T","R","?","M","E","M","R","BOSS","M","$","M","?","?","R","M","R","T","R","?","E","R","M","R","BOSS"],"build_version":"2018-08-30","purchased_purges":2,"victory":false,"max_hp_per_floor":[70,70,70,70,70,70,70,70,70,70,70,70,70,70,70,70,70,70,70,70,70,70,70,70,70,70,70,70,70,70,70,70,70,70,70,70,70,70,70,70,70,70,70,70,70,70,70,70,70,70],"card_choices":[{"not_picked":["Acrobatics","Distraction"],"picked":"PiercingWail","floor":1.0},{"not_picked":["Flying Knee","Blade Dance"],"picked":"Quick Slash","floor":3.0},{"not_picked":["Endless Agony","Outmaneuver"],"picked":"PiercingWail","floor":4.0},{"not_picked":["Poisoned Stab","Reflex"],"picked":"Backflip","floor":5.0},{"not_picked":["Prepared","Reflex","Blade Dance"],"picked":"SKIP","floor":10.0},{"not_picked":["Glass Knife","Venomology"],"picked":"A Thousand Cuts","floor":16.0},{"not_picked":["Deadly Poison","Poisoned Stab"],"picked":"Calculated Gamble+1","floor":18.0},{"not_picked":["Dodge and Roll","Backflip"],"picked":"Terror","floor":29},{"not_picked":["Flechettes","Deadly Poison+1"],"picked":"Leg Sweep+1","floor":30},{"not_picked":["Backflip","Deflect"],"picked":"Flechettes+1","floor":31},{"not_picked":["Dagger Spray","Dodge and Roll+1"],"picked":"Deadly Poison+1","floor":35},{"not_picked":["Footwork","Finisher"],"picked":"Poisoned Stab+1","floor":37},{"not_picked":["Cloak And Dagger","Underhanded Strike+1"],"picked":"Dodge and Roll+1","floor":38},{"not_picked":["Mind Blast","Sadistic Nature"],"picked":"Apotheosis","floor":39},{"not_picked":["Sucker Punch","Leg Sweep"],"picked":"Quick Slash+1","floor":41},{"not_picked":["Setup+1","Poisoned Stab"],"picked":"Backflip","floor":45},{"not_picked":["Dagger Throw","Sucker Punch"],"picked":"Dagger Spray+1","floor":46},{"not_picked":["Crippling Poison","Quick Slash+1"],"picked":"Corpse Explosion","floor":48}],"player_experience":70946,"relics_obtained":[{"floor":9.0,"key":"Whetstone"},{"floor":14.0,"key":"Omamori"},{"floor":26,"key":"Tiny Chest"},{"floor":30,"key":"Bag of Preparation"},{"floor":38,"key":"Shovel"},{"floor":43,"key":"Vajra"},{"floor":46,"key":"The Courier"}],"event_choices":[{"event_name":"Liars Game","player_choice":"agreed","floor":2.0,"damage_taken":0.0},{"event_name":"Golden Idol","player_choice":"Take Wound","floor":11.0,"damage_taken":0.0},{"event_name":"The Joust","player_choice":"Bet on Murderer","floor":19.0,"damage_taken":0.0},{"event_name":"Purifier","player_choice":"One Purge","floor":21,"damage_taken":0},{"event_name":"Nest","player_choice":"Joined the Cult","floor":24,"damage_taken":0},{"event_name":"MindBloom","player_choice":"Fight","floor":38,"damage_taken":0},{"event_name":"SensoryStone","player_choice":"Memory 1","floor":39,"damage_taken":0}],"is_beta":false,"boss_relics":[{"not_picked":["Ring of the Serpent","Astrolabe"],"picked":"Pandora\u0027s Box"},{"not_picked":["WristBlade","Philosopher\u0027s Stone"],"picked":"Cursed Key"}],"items_purged_floors":[7,12],"is_endless":false,"potions_floor_spawned":[10,16,29,30,33,38,45,48],"killed_by":"Awakened One","ascension_level":2}