{"gold_per_floor":[113,113,14,14,24,50,50,67,67,15,15,46,60,77,77,172,172,190,190,204,204,214,214,248,248,248,248,263,275,287,115,115,216,216,226,326,326,337,356,356,374,374,421,434,51,65,65,65,65,65,65,65,15,42,42],"floor_reached":55,"playtime":4576,"items_purged":["Regret","Defend_B","Strike_B"],"score":674,"play_id":"7253ba04-db58-4bcc-88fc-60120017ce71","local_time":"20190424133716","is_ascension_mode":false,"campfire_choices":[{"data":"Zap","floor":7,"key":"SMITH"},{"data":"Ball Lightning","floor":15,"key":"SMITH"},{"floor":23,"key":"REST"},{"floor":25,"key":"RECALL"},{"floor":32,"key":"REST"},{"floor":40,"key":"REST"},{"floor":42,"key":"REST"},{"floor":49,"key":"REST"},{"floor":52,"key":"REST"}],"neow_cost":"NONE","seed_source_timestamp":2219932911478,"circlet_count":0,"master_deck":["Strike_B","Defend_B","Defend_B","Defend_B","Zap+1","Dualcast","Glacier","Leap+1","Compile Driver","Reboot+1","Ball Lightning+1","Hologram+1","Self Repair","Seek+1","Genetic Algorithm+1","Echo Form+1","Loop","Genetic Algorithm+1","Coolheaded+1","Barrage","Self Repair+1","Conserve Battery+1","Static Discharge","Genetic Algorithm+1","Coolheaded+1","Redo+1","Heatsinks","Multi-Cast+1","Cold Snap","FTL+1","Blizzard","Barrage+1","Ball Lightning","Static Discharge+1","Doom and Gloom","Cold Snap","Swift Strike","Amplify+1","Capacitor+1"],"relics":["Cracked Core","Centennial Puzzle","Toxic Egg 2","Calipers","Regal Pillow","Omamori","Fusion Hammer","Pantograph","Prayer Wheel","Sundial","Nuclear Battery","Bird Faced Urn","Bottled Tornado","Incense Burner"],"potions_floor_usage":[6,28,28,30,50,54,54,55],"damage_taken":[{"damage":0,"enemies":"2 Louse","floor":1,"turns":3},{"damage":0,"enemies":"Jaw Worm","floor":5,"turns":4},{"damage":17,"enemies":"Lagavulin","floor":6,"turns":10},{"damage":0,"enemies":"Small Slimes","floor":8,"turns":2},{"damage":9,"enemies":"Gremlin Nob","floor":12,"turns":4},{"damage":0,"enemies":"Red Slaver","floor":13,"turns":5},{"damage":0,"enemies":"3 Louse","floor":14,"turns":4},{"damage":34,"enemies":"Hexaghost","floor":16,"turns":11},{"damage":23,"enemies":"Chosen","floor":18,"turns":5},{"damage":6,"enemies":"2 Thieves","floor":20,"turns":5},{"damage":13,"enemies":"Sentry and Sphere","floor":22,"turns":6},{"damage":16,"enemies":"Book of Stabbing","floor":24,"turns":8},{"damage":11,"enemies":"Cultist and Chosen","floor":28,"turns":7},{"damage":1,"enemies":"Snecko","floor":29,"turns":8},{"damage":5,"enemies":"3 Cultists","floor":30,"turns":5},{"damage":55,"enemies":"Champ","floor":33,"turns":15},{"damage":4,"enemies":"3 Shapes","floor":35,"turns":6},{"damage":10,"enemies":"Mind Bloom Boss Battle","floor":36,"turns":10},{"damage":2,"enemies":"3 Darklings","floor":38,"turns":9},{"damage":52,"enemies":"Writhing Mass","floor":39,"turns":10},{"damage":19,"enemies":"4 Shapes","floor":41,"turns":5},{"damage":4,"enemies":"Maw","floor":44,"turns":7},{"damage":0,"enemies":"Sphere and 2 Shapes","floor":46,"turns":8},{"damage":77,"enemies":"Donu and Deca","floor":50,"turns":13},{"damage":67,"enemies":"Shield and Spear","floor":54,"turns":10},{"damage":82,"enemies":"The Heart","floor":55,"turns":11}],"seed_played":"5859314535577500154","potions_obtained":[{"floor":1,"key":"Poison Potion"},{"floor":12,"key":"SkillPotion"},{"floor":20,"key":"Swift Potion"},{"floor":24,"key":"Explosive Potion"},{"floor":28,"key":"AttackPotion"},{"floor":29,"key":"FearPotion"},{"floor":30,"key":"FearPotion"},{"floor":35,"key":"Weak Potion"},{"floor":39,"key":"Dexterity Potion"},{"floor":41,"key":"SkillPotion"},{"floor":44,"key":"Swift Potion"}],"is_trial":false,"path_per_floor":["?","?","$","?","?","?","M","?","M","?","?","M","?","?"],"character_chosen":"DEFECT","items_purchased":["Leap+1","Hologram+1","Heatsinks","Bottled Tornado","SkillPotion"],"campfire_rested":6,"item_purchase_floors":[3,10,31,45,53],"current_hp_per_floor":[75,75,75,75,75,58,58,58,58,58,51,42,49,49,49,22,75,59,59,60,60,54,75,73,73,73,73,69,75,75,75,75,37,75,75,75,75,75,48,75,75,75,75,75,75,75,71,71,71,35,71,71,71,19,0],"gold":42,"neow_bonus":"RANDOM_COMMON_RELIC","is_prod":false,"is_daily":false,"chose_seed":false,"campfire_upgraded":2,"win_rate":0,"timestamp":1556087836,"path_taken":["M","?","$","?","M","E","R","M","T","?","?","E","M","M","R","BOSS","M","?","M","?","?","R","E","R","T","?","?","M","M","$","R","BOSS","M","?","?","M","M","R","M","R","T","?","$","M","?","?","R","BOSS","R","$","E","BOSS"],"build_version":"2019-01-23","purchased_purges":3,"victory":false,"max_hp_per_floor":[75,75,75,75,75,75,75,75,75,75,75,75,75,75,75,75,75,75,75,75,75,75,75,75,75,75,75,75,75,75,75,75,75,75,75,75,75,75,75,75,75,75,75,75,75,75,71,71,71,71,71,71,71,71,71],"card_choices":[{"not_picked":["Conserve Battery","Recycle"],"picked":"Glacier","floor":1},{"not_picked":["Tempest+1","Aggregate+1"],"picked":"Compile Driver","floor":5},{"not_picked":["Redo+1","FTL"],"picked":"Reboot+1","floor":6},{"not_picked":["Sweeping Beam","Stack+1"],"picked":"Ball Lightning","floor":8},{"not_picked":["Stack+1","Go for the Eyes"],"picked":"Self Repair","floor":12},{"not_picked":["Beam Cell","Cold Snap"],"picked":"Seek+1","floor":13},{"not_picked":["Doom and Gloom","Stack+1"],"picked":"Genetic Algorithm+1","floor":14},{"not_picked":["Rainbow+1","Thunder Strike"],"picked":"Echo Form","floor":16},{"not_picked":["Tempest+1","Compile Driver","Rip and Tear+1"],"picked":"SKIP","floor":18},{"not_picked":["Compile Driver","Stack+1"],"picked":"Loop","floor":20},{"not_picked":["Gash+1","BootSequence+1"],"picked":"Coolheaded+1","floor":22},{"not_picked":["Go for the Eyes","Stack+1"],"picked":"Barrage","floor":24},{"not_picked":["Reprogram+1","Double Energy+1"],"picked":"Self Repair+1","floor":28},{"not_picked":["Genetic Algorithm+1","Gash"],"picked":"Conserve Battery+1","floor":28},{"not_picked":["Turbo+1","Leap+1"],"picked":"Static Discharge","floor":29},{"not_picked":["Double Energy+1","Compile Driver"],"picked":"Genetic Algorithm+1","floor":29},{"not_picked":["Gash","Conserve Battery+1"],"picked":"Coolheaded+1","floor":30},{"not_picked":["Recycle+1","Gash"],"picked":"Redo+1","floor":30},{"not_picked":["Buffer","All For One"],"picked":"Multi-Cast+1","floor":33},{"not_picked":["Recycle+1","Beam Cell"],"picked":"Cold Snap","floor":35},{"not_picked":["Aggregate+1","Sweeping Beam","Self Repair"],"picked":"SKIP","floor":35},{"not_picked":["Beam Cell","Genetic Algorithm+1"],"picked":"FTL+1","floor":36},{"not_picked":["Streamline","FTL"],"picked":"Blizzard","floor":38},{"not_picked":["Glacier+1","Hello World"],"picked":"Barrage+1","floor":38},{"not_picked":["Gash","Conserve Battery+1"],"picked":"Ball Lightning","floor":39},{"not_picked":["Scrape+1","Fusion+1"],"picked":"Static Discharge+1","floor":39},{"not_picked":["Force Field+1","Gash"],"picked":"Doom and Gloom","floor":41},{"not_picked":["Rebound+1","Streamline","Stack+1"],"picked":"SKIP","floor":41},{"not_picked":["Machine Learning","Aggregate+1"],"picked":"Cold Snap","floor":44},{"not_picked":["Gash","Barrage","Conserve Battery+1"],"picked":"SKIP","floor":44},{"not_picked":["Rip and Tear","Lockon","Force Field+1"],"picked":"SKIP","floor":46},{"not_picked":["Tempest+1","Rebound+1","Turbo+1"],"picked":"SKIP","floor":46},{"not_picked":["Self Repair","Compile Driver+1"],"picked":"Capacitor+1","floor":54}],"player_experience":23383,"relics_obtained":[{"floor":6,"key":"Calipers"},{"floor":9,"key":"Regal Pillow"},{"floor":12,"key":"Omamori"},{"floor":24,"key":"Prayer Wheel"},{"floor":26,"key":"Sundial"},{"floor":36,"key":"Bird Faced Urn"},{"floor":54,"key":"Incense Burner"}],"event_choices":[{"damage_healed":0,"gold_gain":0,"player_choice":"Box","damage_taken":0,"relics_obtained":["Toxic Egg 2"],"max_hp_gain":0,"max_hp_loss":0,"event_name":"Big Fish","floor":2,"gold_loss":0,"cards_obtained":["Regret"]},{"damage_healed":0,"gold_gain":0,"player_choice":"Ignored","damage_taken":0,"max_hp_gain":0,"max_hp_loss":0,"event_name":"Liars Game","floor":4,"gold_loss":0},{"cards_removed":["Strike_B"],"damage_healed":0,"gold_gain":0,"player_choice":"Card Removal","damage_taken":7,"max_hp_gain":0,"max_hp_loss":0,"event_name":"Golden Wing","floor":11,"gold_loss":0},{"damage_healed":0,"gold_gain":0,"player_choice":"Opened","damage_taken":0,"relics_obtained":["Pantograph"],"max_hp_gain":0,"max_hp_loss":0,"event_name":"The Mausoleum","floor":19,"gold_loss":0,"cards_obtained":["Writhe"]},{"damage_healed":0,"gold_gain":0,"player_choice":"Copied","damage_taken":0,"max_hp_gain":0,"max_hp_loss":0,"event_name":"Duplicator","floor":21,"gold_loss":0,"cards_obtained":["Genetic Algorithm"]},{"cards_removed":["Strike_B"],"damage_healed":0,"gold_gain":0,"player_choice":"Card Removal","damage_taken":0,"max_hp_gain":0,"max_hp_loss":0,"event_name":"Wheel of Change","floor":27,"gold_loss":0},{"damage_healed":0,"gold_gain":0,"player_choice":"Fight","damage_taken":0,"max_hp_gain":0,"max_hp_loss":0,"event_name":"MindBloom","floor":36,"gold_loss":0},{"damage_healed":0,"gold_gain":0,"player_choice":"Upgraded","damage_taken":0,"max_hp_gain":0,"max_hp_loss":0,"event_name":"Upgrade Shrine","floor":37,"gold_loss":0,"cards_upgraded":["Echo Form"]},{"damage_healed":0,"gold_gain":0,"player_choice":"Max HP","damage_taken":0,"max_hp_gain":0,"max_hp_loss":4,"event_name":"Winding Halls","floor":47,"gold_loss":0},{"damage_healed":0,"gold_gain":0,"player_choice":"2 cards matched","damage_taken":0,"max_hp_gain":0,"max_hp_loss":0,"event_name":"Match and Keep!","floor":48,"gold_loss":0,"cards_obtained":["Swift Strike","Amplify"]}],"is_beta":false,"boss_relics":[{"not_picked":["FrozenCore","Calling Bell"],"picked":"Fusion Hammer"},{"not_picked":["Cursed Key","Orrery"],"picked":"Nuclear Battery"}],"items_purged_floors":[3,31,45],"is_endless":false,"potions_floor_spawned":[1,12,20,24,28,29,30,35,39,41,44],"killed_by":"The Heart","ascension_level":0}