{"gold_per_floor":[112,129,148,148,160,160,175,193,216,216,233,308,308,308,308,410,410,422,337,437,451,451],"floor_reached":22,"playtime":1739,"items_purged":[],"score":285,"play_id":"0a4e3ad8-b69b-422b-bf9f-75a0decfbc82","local_time":"20190318015846","is_ascension_mode":true,"campfire_choices":[{"data":"Cold Snap","floor":6,"key":"SMITH"},{"data":"Zap","floor":10,"key":"SMITH"},{"data":"Ball Lightning","floor":13,"key":"SMITH"},{"floor":15,"key":"REST"}],"neow_cost":"NONE","seed_source_timestamp":1166515852566820,"circlet_count":0,"master_deck":["AscendersBane","Strike_B+1","Strike_B","Strike_B","Defend_B","Defend_B+1","Defend_B","Defend_B","Zap+1","Dualcast","Self Repair+1","Cold Snap+1","Ball Lightning+1","Seek","FTL"],"relics":["Cracked Core","Oddly Smooth Stone","Snecko Eye","Lantern"],"potions_floor_usage":[3,3,3,18],"damage_taken":[{"damage":1,"enemies":"2 Louse","floor":1,"turns":3},{"damage":0,"enemies":"Cultist","floor":2,"turns":4},{"damage":2,"enemies":"Jaw Worm","floor":3,"turns":3},{"damage":0,"enemies":"3 Louse","floor":5,"turns":7},{"damage":6,"enemies":"Looter","floor":7,"turns":4},{"damage":9,"enemies":"Red Slaver","floor":8,"turns":4},{"damage":24,"enemies":"Lots of Slimes","floor":11,"turns":5},{"damage":38,"enemies":"Hexaghost","floor":16,"turns":11},{"damage":53,"enemies":"3 Byrds","floor":18,"turns":5},{"damage":19,"enemies":"Chosen","floor":21,"turns":6},{"damage":18,"enemies":"Snake Plant","floor":22,"turns":2}],"seed_played":"-1723416900872997597","potions_obtained":[{"floor":1,"key":"EntropicBrew"},{"floor":2,"key":"Explosive Potion"},{"floor":8,"key":"FearPotion"}],"is_trial":false,"path_per_floor":["M","M","M","?","M","R","M","M","T","R","M","?","R","?","R","B",null,"M","?","?","M","M"],"character_chosen":"DEFECT","items_purchased":[],"campfire_rested":1,"item_purchase_floors":[],"current_hp_per_floor":[67,67,72,72,75,75,75,75,75,75,61,50,50,35,57,29,64,21,21,21,12,0],"gold":451,"neow_bonus":"REMOVE_CARD","is_prod":false,"is_daily":false,"chose_seed":false,"campfire_upgraded":3,"win_rate":0,"timestamp":1552888726,"path_taken":["M","M","M","?","M","R","M","?","T","R","M","?","R","?","R","BOSS","M","?","?","M","M"],"build_version":"2019-01-23","purchased_purges":0,"victory":false,"max_hp_per_floor":[75,75,75,75,75,75,75,75,75,75,75,75,75,75,75,75,75,75,75,75,75,75],"card_choices":[{"not_picked":["Skim","Sweeping Beam","Barrage"],"picked":"SKIP","floor":1},{"not_picked":["Stack","Leap"],"picked":"Self Repair","floor":2},{"not_picked":["Beam Cell","Stack"],"picked":"Cold Snap","floor":3},{"not_picked":["Tempest","Steam","Hologram"],"picked":"SKIP","floor":5},{"not_picked":["Barrage","Stack","Doom and Gloom"],"picked":"SKIP","floor":7},{"not_picked":["Compile Driver","Hyperbeam","Stack"],"picked":"SKIP","floor":8},{"not_picked":["Leap","Double Energy"],"picked":"Ball Lightning","floor":11},{"not_picked":["Rainbow","Hyperbeam"],"picked":"Seek","floor":16},{"not_picked":["Coolheaded","Barrage"],"picked":"FTL","floor":18},{"not_picked":["Conserve Battery","Gash","Stack"],"picked":"SKIP","floor":21}],"player_experience":806448,"relics_obtained":[{"floor":9,"key":"Oddly Smooth Stone"}],"event_choices":[{"damage_healed":0,"gold_gain":0,"player_choice":"Forge","damage_taken":0,"max_hp_gain":0,"max_hp_loss":0,"event_name":"Accursed Blacksmith","floor":4,"gold_loss":0,"cards_upgraded":["Self Repair"]},{"damage_healed":0,"gold_gain":75,"player_choice":"Gather Gold","damage_taken":11,"max_hp_gain":0,"max_hp_loss":0,"event_name":"World of Goop","floor":12,"gold_loss":0},{"damage_healed":0,"gold_gain":0,"player_choice":"Entered Light","damage_taken":15,"max_hp_gain":0,"max_hp_loss":0,"event_name":"Shining Light","floor":14,"gold_loss":0,"cards_upgraded":["Defend_B","Strike_B"]},{"damage_healed":0,"gold_gain":0,"player_choice":"Obtained Relic","damage_taken":0,"relics_obtained":["Lantern"],"max_hp_gain":0,"max_hp_loss":0,"event_name":"Addict","floor":19,"gold_loss":85},{"damage_healed":0,"gold_gain":100,"player_choice":"Pray","damage_taken":0,"max_hp_gain":0,"max_hp_loss":0,"event_name":"Golden Shrine","floor":20,"gold_loss":0}],"is_beta":false,"boss_relics":[{"not_picked":["Empty Cage","Runic Pyramid"],"picked":"Snecko Eye"}],"items_purged_floors":[],"is_endless":false,"potions_floor_spawned":[1,2,8],"killed_by":"Snake Plant","ascension_level":12}