{"gold_per_floor":[116,116,116,126,126,154,154,167,167,167,184,28,28,28,28,133,133,147,76,87,87,103,103,122,139,139,139,12,28,28,42,42,42],"floor_reached":33,"playtime":1392,"items_purged":["Regret","Defend_B"],"score":365,"play_id":"3169b98a-15f5-42c8-998b-1ab4eae617c9","local_time":"20190426081653","is_ascension_mode":true,"campfire_choices":[{"data":"Zap","floor":7,"key":"SMITH"},{"data":"Zap","floor":10,"key":"SMITH"},{"floor":15,"key":"REST"},{"data":"Echo Form","floor":23,"key":"SMITH"},{"data":"Genetic Algorithm","floor":32,"key":"SMITH"}],"neow_cost":"NONE","seed_source_timestamp":50965705915156,"circlet_count":0,"master_deck":["Defend_B","Defend_B","Defend_B","Zap+1","Dualcast","Auto Shields","Zap+1","Steam","Go for the Eyes","FTL","Leap","Sweeping Beam","Sunder","Echo Form+1","Conserve Battery+1","Doom and Gloom","Chaos+1","Necronomicurse","Glacier","Self Repair","Bite","Bite","Bite","Bite","Bite","Coolheaded","Genetic Algorithm+1"],"relics":["Cracked Core","NeowsBlessing","WingedGreaves","CultistMask","Bottled Flame","Pantograph","Letter Opener","Shuriken","Empty Cage","Necronomicon","Mummified Hand","Bottled Lightning"],"potions_floor_usage":[16,24,25,25,29,33],"damage_taken":[{"damage":0,"enemies":"Jaw Worm","floor":1,"turns":1},{"damage":0,"enemies":"Small Slimes","floor":4,"turns":1},{"damage":0,"enemies":"Gremlin Nob","floor":6,"turns":1},{"damage":0,"enemies":"Cultist","floor":8,"turns":3},{"damage":12,"enemies":"3 Louse","floor":11,"turns":4},{"damage":39,"enemies":"Hexaghost","floor":16,"turns":9},{"damage":1,"enemies":"Chosen","floor":18,"turns":4},{"damage":2,"enemies":"Spheric Guardian","floor":20,"turns":3},{"damage":3,"enemies":"3 Cultists","floor":22,"turns":4},{"damage":9,"enemies":"Snake Plant","floor":24,"turns":4},{"damage":21,"enemies":"Cultist and Chosen","floor":25,"turns":7},{"damage":8,"enemies":"Shelled Parasite and Fungi","floor":29,"turns":11},{"damage":12,"enemies":"Centurion and Healer","floor":31,"turns":10},{"damage":68,"enemies":"Collector","floor":33,"turns":7}],"seed_played":"4298025814136206024","potions_obtained":[{"floor":1,"key":"Fire Potion"},{"floor":8,"key":"PowerPotion"},{"floor":20,"key":"Block Potion"},{"floor":24,"key":"PowerPotion"},{"floor":25,"key":"Weak Potion"},{"floor":29,"key":"FocusPotion"}],"is_trial":false,"path_per_floor":["?","?","M","?","M","?","T","$","?","?","$","T","M"],"character_chosen":"DEFECT","items_purchased":["Sunder","Doom and Gloom","Coolheaded"],"campfire_rested":1,"item_purchase_floors":[12,19,28],"current_hp_per_floor":[75,75,75,75,75,75,75,75,75,75,63,63,30,30,52,36,65,64,64,62,46,43,43,34,13,13,13,13,32,32,38,38,0],"gold":42,"neow_bonus":"THREE_ENEMY_KILL","is_prod":false,"is_daily":false,"chose_seed":false,"campfire_upgraded":4,"win_rate":0,"timestamp":1556241413,"path_taken":["M","?","?","?","?","E","R","M","T","R","?","$","?","?","R","BOSS","M","?","M","?","M","R","M","M","T","?","?","M","?","?","R","BOSS"],"build_version":"2019-01-23","purchased_purges":2,"victory":false,"max_hp_per_floor":[75,75,75,75,75,75,75,75,75,75,75,75,75,75,75,75,75,75,75,75,75,75,75,75,75,75,52,52,52,52,52,52,52],"card_choices":[{"not_picked":["Self Repair","Skim"],"picked":"Auto Shields","floor":1},{"not_picked":["Hologram","Steam"],"picked":"Go for the Eyes","floor":4},{"not_picked":["Beam Cell","Turbo"],"picked":"FTL","floor":6},{"not_picked":["Reinforced Body","Recycle"],"picked":"Leap","floor":8},{"not_picked":["Turbo","Go for the Eyes"],"picked":"Sweeping Beam","floor":11},{"not_picked":["Meteor Strike","Reboot"],"picked":"Echo Form","floor":16},{"not_picked":["Rebound","Go for the Eyes+1"],"picked":"Conserve Battery+1","floor":18},{"not_picked":["Beam Cell+1","Gash"],"picked":"Chaos+1","floor":20},{"not_picked":["Skim","Rip and Tear","Rebound"],"picked":"SKIP","floor":22},{"not_picked":["Self Repair","Conserve Battery"],"picked":"Glacier","floor":24},{"not_picked":["Steam","Force Field+1"],"picked":"Self Repair","floor":25},{"not_picked":["Stack","Leap"],"picked":"Genetic Algorithm","floor":29},{"not_picked":["Lockon","Compile Driver","Gash+1"],"picked":"SKIP","floor":31}],"player_experience":83350,"relics_obtained":[{"floor":6,"key":"Bottled Flame"},{"floor":9,"key":"Pantograph"},{"floor":14,"key":"Shuriken"},{"floor":21,"key":"Necronomicon"},{"floor":26,"key":"Mummified Hand"},{"floor":30,"key":"Bottled Lightning"}],"event_choices":[{"damage_healed":0,"gold_gain":0,"player_choice":"Box","damage_taken":0,"relics_obtained":["WingedGreaves"],"max_hp_gain":0,"max_hp_loss":0,"event_name":"Big Fish","floor":2,"gold_loss":0,"cards_obtained":["Regret"]},{"damage_healed":0,"gold_gain":0,"player_choice":"2 cards matched","damage_taken":0,"max_hp_gain":0,"max_hp_loss":0,"event_name":"Match and Keep!","floor":3,"gold_loss":0,"cards_obtained":["Zap","Steam"]},{"damage_healed":0,"gold_gain":0,"player_choice":"Trade","damage_taken":0,"relics_obtained":["CultistMask"],"max_hp_gain":0,"max_hp_loss":0,"event_name":"FaceTrader","floor":5,"gold_loss":0},{"damage_healed":0,"gold_gain":0,"player_choice":"Success","damage_taken":33,"relics_obtained":["Letter Opener"],"max_hp_gain":0,"max_hp_loss":0,"event_name":"Scrap Ooze","floor":13,"gold_loss":0},{"damage_healed":0,"gold_gain":0,"player_choice":"Obtained Book","damage_taken":16,"max_hp_gain":0,"max_hp_loss":0,"event_name":"Cursed Tome","floor":21,"gold_loss":0},{"damage_healed":0,"gold_gain":0,"player_choice":"Became a vampire","damage_taken":0,"max_hp_gain":0,"max_hp_loss":23,"event_name":"Vampires","floor":27,"gold_loss":0,"cards_obtained":["Bite","Bite","Bite","Bite","Bite"]}],"is_beta":false,"boss_relics":[{"not_picked":["Calling Bell","Velvet Choker"],"picked":"Empty Cage"}],"items_purged_floors":[12,28],"is_endless":false,"potions_floor_spawned":[1,8,20,24,25,29],"killed_by":"Collector","ascension_level":5}