{"gold_per_floor":[118,43,43,43,66,82,82,82,82,105,105],"floor_reached":11,"playtime":1182,"items_purged":["Strike_B"],"score":110,"play_id":"7662cbc7-0a07-4618-b62f-088b3204a172","local_time":"20190423132845","is_ascension_mode":true,"campfire_choices":[{"floor":8.0,"key":"REST"}],"neow_cost":"TEN_PERCENT_HP_LOSS","seed_source_timestamp":0,"circlet_count":0,"master_deck":["AscendersBane","Strike_B","Strike_B","Defend_B","Defend_B","Defend_B+1","Defend_B","Zap+1","Dualcast","Capacitor","FTL"],"special_seed":0,"relics":["Cracked Core","Gambling Chip","Golden Idol","Ginger"],"potions_floor_usage":[],"damage_taken":[{"damage":9.0,"enemies":"2 Louse","floor":1.0,"turns":4.0},{"damage":4.0,"enemies":"Small Slimes","floor":5.0,"turns":4.0},{"damage":0.0,"enemies":"Cultist","floor":6.0,"turns":4.0},{"damage":17.0,"enemies":"Lots of Slimes","floor":10.0,"turns":5.0},{"damage":10,"enemies":"3 Sentries","floor":11,"turns":2}],"seed_played":"3372604952441183281","potions_obtained":[{"floor":1.0,"key":"SteroidPotion"}],"is_trial":false,"path_per_floor":["M","$","?","?","M","M","?","R","T","M","E"],"character_chosen":"DEFECT","items_purchased":[],"campfire_rested":1,"item_purchase_floors":[],"current_hp_per_floor":[55,55,33,14,10,10,3,22,22,5,0],"gold":105,"neow_bonus":"ONE_RARE_RELIC","is_prod":false,"is_daily":false,"chose_seed":false,"campfire_upgraded":0,"win_rate":0,"timestamp":1556040525,"path_taken":["M","$","?","?","M","M","?","R","T","M","E"],"build_version":"2019-01-23","purchased_purges":1,"victory":false,"max_hp_per_floor":[64,64,64,64,64,64,64,64,64,64,64],"card_choices":[{"not_picked":["Storm","Rebound","Streamline"],"picked":"SKIP","floor":1.0},{"not_picked":["Gash","Coolheaded"],"picked":"Capacitor","floor":5.0},{"not_picked":["Steam","Barrage","Compile Driver"],"picked":"SKIP","floor":6.0},{"not_picked":["Go for the Eyes","Darkness"],"picked":"FTL","floor":10.0}],"player_experience":875636,"relics_obtained":[{"floor":9.0,"key":"Ginger"}],"event_choices":[{"damage_healed":0.0,"max_hp_gain":0.0,"max_hp_loss":0.0,"gold_gain":0.0,"event_name":"Golden Idol","player_choice":"Take Damage","floor":3.0,"gold_loss":0.0,"damage_taken":22.0,"relics_obtained":["Golden Idol"]},{"damage_healed":0.0,"max_hp_gain":0.0,"max_hp_loss":0.0,"gold_gain":0.0,"event_name":"Shining Light","player_choice":"Entered Light","floor":4.0,"gold_loss":0.0,"damage_taken":19.0,"cards_upgraded":["Defend_B","Zap"]},{"cards_removed":["Strike_B"],"damage_healed":0.0,"max_hp_gain":0.0,"max_hp_loss":0.0,"gold_gain":0.0,"event_name":"Golden Wing","player_choice":"Card Removal","floor":7.0,"gold_loss":0.0,"damage_taken":7.0}],"is_beta":false,"boss_relics":[],"items_purged_floors":[2],"is_endless":false,"potions_floor_spawned":[1],"killed_by":"3 Sentries","ascension_level":15}