{"gold_per_floor":[115,127,58,34,47,47,74,74,101,117,117],"floor_reached":11,"playtime":406,"items_purged":[],"score":113,"play_id":"31c37def-87a0-4c44-b518-019afcaba03a","local_time":"20190427094340","is_ascension_mode":true,"campfire_choices":[{"data":"Capacitor","floor":6.0,"key":"SMITH"},{"floor":8.0,"key":"REST"}],"neow_cost":"NONE","seed_source_timestamp":744296521643123,"circlet_count":0,"master_deck":["AscendersBane","Strike_B","Strike_B","Strike_B","Defend_B","Defend_B","Defend_B","Defend_B","Zap","Dualcast","Rebound","Capacitor+1","Coolheaded","Echo Form"],"special_seed":0,"relics":["Cracked Core","Potion Belt","Centennial Puzzle"],"potions_floor_usage":[11],"damage_taken":[{"damage":8.0,"enemies":"Jaw Worm","floor":1.0,"turns":5.0},{"damage":0.0,"enemies":"2 Louse","floor":2.0,"turns":2.0},{"damage":1.0,"enemies":"Cultist","floor":5.0,"turns":3.0},{"damage":46.0,"enemies":"3 Sentries","floor":7.0,"turns":11.0},{"damage":26.0,"enemies":"Lots of Slimes","floor":10.0,"turns":8.0},{"damage":9,"enemies":"Exordium Thugs","floor":11,"turns":2}],"seed_played":"-6761588366406596590","potions_obtained":[{"floor":1.0,"key":"Dexterity Potion"},{"floor":2.0,"key":"Energy Potion"},{"floor":10.0,"key":"FearPotion"}],"is_trial":false,"path_per_floor":["M","M","$","?","M","R","E","R","T","M","M"],"character_chosen":"DEFECT","items_purchased":["Capacitor"],"campfire_rested":1,"item_purchase_floors":[3],"current_hp_per_floor":[60,60,60,60,59,59,13,35,35,9,0],"gold":117,"neow_bonus":"REMOVE_CARD","is_prod":false,"is_daily":false,"chose_seed":false,"campfire_upgraded":1,"win_rate":0,"timestamp":1556329420,"path_taken":["M","M","$","?","M","R","E","R","T","M","M"],"build_version":"2019-01-23","purchased_purges":0,"victory":false,"max_hp_per_floor":[75,75,75,75,75,75,75,75,75,75,75],"card_choices":[{"not_picked":["Aggregate","Turbo","Scrape"],"picked":"SKIP","floor":1.0},{"not_picked":["Gash","Hello World"],"picked":"Rebound","floor":2.0},{"not_picked":["Stack","Fusion"],"picked":"Coolheaded","floor":5.0},{"not_picked":["Doom and Gloom","Rainbow"],"picked":"Echo Form","floor":7.0},{"not_picked":["Static Discharge","Gash","Undo"],"picked":"SKIP","floor":10.0}],"player_experience":720140,"relics_obtained":[{"floor":7.0,"key":"Potion Belt"},{"floor":9.0,"key":"Centennial Puzzle"}],"event_choices":[{"damage_healed":0.0,"max_hp_gain":0.0,"max_hp_loss":0.0,"gold_gain":0.0,"event_name":"World of Goop","player_choice":"Left Gold","floor":4.0,"gold_loss":24.0,"damage_taken":0.0}],"is_beta":false,"boss_relics":[],"items_purged_floors":[],"is_endless":false,"potions_floor_spawned":[1,2,10],"killed_by":"Exordium Thugs","ascension_level":11}