{"gold_per_floor":[113,113,127,144,144,144,176,176,203,230,245,245,257,257,257,357,357,374,389,389,409,423,423],"floor_reached":23,"playtime":914,"items_purged":[],"score":353,"play_id":"bf855a8b-4243-49e9-bf6b-21c80f0f60d9","local_time":"20190427095918","is_ascension_mode":true,"campfire_choices":[{"data":"Noxious Fumes","floor":6.0,"key":"SMITH"},{"data":"Survivor","floor":8.0,"key":"SMITH"},{"data":"Sucker Punch","floor":12.0,"key":"SMITH"},{"floor":15.0,"key":"REST"}],"neow_cost":"NONE","seed_source_timestamp":744749319264246,"circlet_count":0,"master_deck":["AscendersBane","Defend_G","Defend_G","Defend_G","Defend_G","Defend_G","Strike_G","Strike_G","Strike_G","Strike_G","Strike_G","Survivor+1","Neutralize","Noxious Fumes+1","Calculated Gamble","Dagger Throw","Quick Slash","Cloak And Dagger","Sucker Punch+1","Terror","Adrenaline","Backflip+1","Dagger Spray","Caltrops"],"special_seed":0,"relics":["White Beast Statue","Happy Flower","Pear","PreservedInsect","Blood Vial","Orichalcum","Black Star"],"potions_floor_usage":[23,23],"damage_taken":[{"damage":4.0,"enemies":"Jaw Worm","floor":1.0,"turns":6.0},{"damage":0.0,"enemies":"2 Louse","floor":3.0,"turns":4.0},{"damage":2.0,"enemies":"Cultist","floor":4.0,"turns":4.0},{"damage":9.0,"enemies":"Lagavulin","floor":7.0,"turns":8.0},{"damage":0.0,"enemies":"Gremlin Nob","floor":10.0,"turns":3.0},{"damage":8.0,"enemies":"Looter","floor":11.0,"turns":4.0},{"damage":8.0,"enemies":"Blue Slaver","floor":13.0,"turns":4.0},{"damage":31.0,"enemies":"Hexaghost","floor":16.0,"turns":10.0},{"damage":15.0,"enemies":"Shell Parasite","floor":18.0,"turns":5.0},{"damage":0.0,"enemies":"3 Byrds","floor":19.0,"turns":6.0},{"damage":24.0,"enemies":"Snecko","floor":21.0,"turns":7.0},{"damage":23.0,"enemies":"Snake Plant","floor":22.0,"turns":4.0},{"damage":22,"enemies":"Slavers","floor":23,"turns":3}],"seed_played":"4414028374780629537","potions_obtained":[{"floor":1.0,"key":"EssenceOfSteel"},{"floor":3.0,"key":"FearPotion"},{"floor":4.0,"key":"Weak Potion"},{"floor":7.0,"key":"Explosive Potion"},{"floor":10.0,"key":"GamblersBrew"},{"floor":18.0,"key":"Dexterity Potion"},{"floor":21.0,"key":"SteroidPotion"},{"floor":22.0,"key":"GhostInAJar"}],"is_trial":false,"path_per_floor":["M","?","M","M","?","R","E","R","T","E","M","R","M","T","R","B",null,"M","M","?","M","M","E"],"character_chosen":"THE_SILENT","items_purchased":[],"campfire_rested":1,"item_purchase_floors":[],"current_hp_per_floor":[59,59,59,57,50,50,51,51,51,51,45,45,39,39,63,34,69,56,58,58,36,15,0],"gold":423,"neow_bonus":"BOSS_RELIC","is_prod":false,"is_daily":false,"chose_seed":false,"campfire_upgraded":3,"win_rate":0,"timestamp":1556330358,"path_taken":["M","?","M","M","?","R","E","R","T","E","M","R","?","?","R","BOSS","M","M","?","M","M","E"],"build_version":"2019-01-23","purchased_purges":0,"victory":false,"max_hp_per_floor":[70,70,70,70,70,70,80,80,80,80,80,80,80,80,80,80,80,80,80,80,80,80,80],"card_choices":[{"not_picked":["Poisoned Stab","Sucker Punch"],"picked":"Noxious Fumes","floor":1.0},{"not_picked":["Outmaneuver","Flechettes"],"picked":"Calculated Gamble","floor":3.0},{"not_picked":["Underhanded Strike","Choke"],"picked":"Dagger Throw","floor":4.0},{"not_picked":["Outmaneuver","Flechettes"],"picked":"Quick Slash","floor":7.0},{"not_picked":["Sucker Punch","PiercingWail"],"picked":"Cloak And Dagger","floor":10.0},{"not_picked":["All Out Attack","Slice"],"picked":"Sucker Punch","floor":11.0},{"not_picked":["Slice","Dagger Throw"],"picked":"Terror","floor":13.0},{"not_picked":["Venomology","Wraith Form v2"],"picked":"Adrenaline","floor":16.0},{"not_picked":["Dagger Spray","Bane"],"picked":"Backflip+1","floor":18.0},{"not_picked":["Backflip","Concentrate"],"picked":"Dagger Spray","floor":19.0},{"not_picked":["Skewer","Blur"],"picked":"Caltrops","floor":21.0},{"not_picked":["Slice","Acrobatics","Flying Knee"],"picked":"SKIP","floor":22.0}],"player_experience":720546,"relics_obtained":[{"floor":7.0,"key":"Pear"},{"floor":9.0,"key":"PreservedInsect"},{"floor":10.0,"key":"Blood Vial"},{"floor":14.0,"key":"Orichalcum"}],"event_choices":[{"damage_healed":0.0,"max_hp_gain":0.0,"max_hp_loss":0.0,"gold_gain":0.0,"event_name":"Liars Game","player_choice":"Ignored","floor":2.0,"gold_loss":0.0,"damage_taken":0.0},{"damage_healed":0.0,"max_hp_gain":0.0,"max_hp_loss":0.0,"gold_gain":0.0,"event_name":"Scrap Ooze","player_choice":"Success","floor":5.0,"gold_loss":0.0,"damage_taken":7.0,"relics_obtained":["Happy Flower"]},{"damage_healed":0.0,"max_hp_gain":0.0,"max_hp_loss":0.0,"gold_gain":0.0,"event_name":"Ghosts","player_choice":"Ignored","floor":20.0,"gold_loss":0.0,"damage_taken":0.0}],"is_beta":false,"boss_relics":[{"not_picked":["Tiny House","Astrolabe"],"picked":"Black Star"}],"items_purged_floors":[],"is_endless":false,"potions_floor_spawned":[1,3,4,7,10,11,13,16,18,19,21,22],"killed_by":"Slavers","ascension_level":11}