{"gold_per_floor":[112,127,52,2,2,2,36,111,137,157,157,157,175,201,201,201],"floor_reached":16,"playtime":2018,"items_purged":["Strike_B"],"score":106,"play_id":"6bedc1cf-e2ac-4106-9905-f2e5e554e0c5","local_time":"20181227120346","is_ascension_mode":false,"campfire_choices":[{"data":"Defragment","floor":6,"key":"SMITH"},{"floor":12,"key":"REST"},{"floor":15,"key":"REST"}],"neow_cost":"NONE","seed_source_timestamp":714790773190534,"circlet_count":0,"master_deck":["Strike_B","Strike_B","Defend_B","Defend_B","Defend_B","Defend_B","Zap","Dualcast","Go for the Eyes","Defragment+1","Conserve Battery","Conserve Battery","Reinforced Body"],"relics":["Cracked Core","Juzu Bracelet","Boot","Omamori","Odd Mushroom","Happy Flower"],"potions_floor_usage":[14],"damage_taken":[{"damage":0,"enemies":"2 Louse","floor":1,"turns":2},{"damage":1,"enemies":"Cultist","floor":2,"turns":4},{"damage":36,"enemies":"3 Sentries","floor":7,"turns":7},{"damage":20,"enemies":"The Mushroom Lair","floor":10,"turns":6},{"damage":0,"enemies":"Small Slimes","floor":13,"turns":3},{"damage":20,"enemies":"Gremlin Nob","floor":14,"turns":5},{"damage":47,"enemies":"Hexaghost","floor":16,"turns":15}],"seed_played":"888018291765471326","potions_obtained":[{"floor":7,"key":"SpeedPotion"}],"is_trial":false,"path_per_floor":["M","M","$","?","?","R","E","?","T","?","?","R","M","E","R","B"],"character_chosen":"DEFECT","items_purchased":[],"campfire_rested":2,"item_purchase_floors":[],"current_hp_per_floor":[82,81,81,81,86,86,50,42,42,22,15,41,41,21,47,0],"gold":201,"neow_bonus":"TEN_PERCENT_HP_BONUS","is_prod":false,"is_daily":false,"chose_seed":false,"campfire_upgraded":1,"win_rate":0,"timestamp":1545930226,"path_taken":["M","M","$","?","?","R","E","?","T","?","?","R","M","E","R","BOSS"],"build_version":"2018-12-20","purchased_purges":1,"victory":false,"max_hp_per_floor":[82,82,82,82,87,87,87,87,87,87,87,87,87,87,87,87],"card_choices":[{"not_picked":["Tempest","Hello World"],"picked":"Go for the Eyes","floor":1},{"not_picked":["Streamline","Undo"],"picked":"Defragment","floor":2},{"not_picked":["Steam","Gash"],"picked":"Conserve Battery","floor":7},{"not_picked":["Beam Cell","Rebound"],"picked":"Conserve Battery","floor":10},{"not_picked":["Skim","Turbo","Sunder"],"picked":"SKIP","floor":13},{"not_picked":["Self Repair","Coolheaded"],"picked":"Reinforced Body","floor":14}],"player_experience":584014,"relics_obtained":[{"floor":7,"key":"Boot"},{"floor":9,"key":"Omamori"},{"floor":10,"key":"Odd Mushroom"},{"floor":14,"key":"Happy Flower"}],"event_choices":[{"damage_healed":0,"gold_gain":0,"player_choice":"Paid Gold","damage_taken":0,"relics_obtained":["Juzu Bracelet"],"max_hp_gain":0,"max_hp_loss":0,"event_name":"WeMeetAgain","floor":4,"gold_loss":50},{"damage_healed":0,"gold_gain":0,"player_choice":"Donut","damage_taken":0,"max_hp_gain":5,"max_hp_loss":0,"event_name":"Big Fish","floor":5,"gold_loss":0},{"damage_healed":0,"gold_gain":75,"player_choice":"Touch","damage_taken":8,"max_hp_gain":0,"max_hp_loss":0,"event_name":"FaceTrader","floor":8,"gold_loss":0},{"damage_healed":0,"gold_gain":0,"player_choice":"Fought Mushrooms","damage_taken":0,"max_hp_gain":0,"max_hp_loss":0,"event_name":"Mushrooms","floor":10,"gold_loss":0},{"cards_removed":["Strike_B"],"damage_healed":0,"gold_gain":0,"player_choice":"Card Removal","damage_taken":7,"max_hp_gain":0,"max_hp_loss":0,"event_name":"Golden Wing","floor":11,"gold_loss":0}],"is_beta":false,"boss_relics":[],"items_purged_floors":[3],"is_endless":false,"potions_floor_spawned":[7],"killed_by":"Hexaghost","ascension_level":0}