{"gold_per_floor":[118,118,118,118,136,163,163,173,200,232,2,2,77,90,90,195,195,214,230,230,63,74,74,74,74,74,94,108,59,59,7,7,106,106,123,123,147,147,247,247,50,50,73,91,105,105],"floor_reached":46,"playtime":1963,"items_purged":["Strike_B","Writhe","Defend_B"],"score":516,"play_id":"bc457da7-567e-49cd-a3a0-ed5d33865cd0","local_time":"20190426013730","is_ascension_mode":true,"campfire_choices":[{"data":"Sweeping Beam","floor":7,"key":"SMITH"},{"data":"Creative AI","floor":12,"key":"SMITH"},{"data":"Rip and Tear","floor":15,"key":"SMITH"},{"data":"Echo Form","floor":23,"key":"SMITH"},{"floor":25,"key":"REST"},{"floor":30,"key":"REST"},{"data":"Capacitor","floor":32,"key":"SMITH"},{"data":"Biased Cognition","floor":40,"key":"SMITH"},{"data":"Storm","floor":42,"key":"SMITH"}],"neow_cost":"NONE","seed_source_timestamp":26430455019894,"circlet_count":0,"master_deck":["Defend_B+1","Defend_B","Defend_B","Zap+1","Dualcast+1","Conserve Battery","Sweeping Beam+1","Glacier","Rip and Tear+1","Ball Lightning","Creative AI+1","Glacier","Echo Form+1","All For One+1","Rip and Tear+1","Conserve Battery+1","Capacitor+1","Coolheaded+1","Ball Lightning","Reinforced Body+1","Turbo+1","Meteor Strike","Biased Cognition+1","Chaos+1","Barrage","Go for the Eyes+1","Storm+1","Genetic Algorithm+1","Consume+1","Darkness+1"],"relics":["Cracked Core","NeowsBlessing","Dream Catcher","Regal Pillow","Blood Vial","Astrolabe","Toxic Egg 2","MutagenicStrength","Torii","Orrery","Ginger","Anchor"],"potions_floor_usage":[10,19,33,33,39,44],"damage_taken":[{"damage":0,"enemies":"2 Louse","floor":1,"turns":1},{"damage":0,"enemies":"Small Slimes","floor":5,"turns":1},{"damage":0,"enemies":"Gremlin Nob","floor":6,"turns":1},{"damage":0,"enemies":"Jaw Worm","floor":8,"turns":4},{"damage":7,"enemies":"3 Sentries","floor":10,"turns":9},{"damage":0,"enemies":"Large Slime","floor":14,"turns":3},{"damage":19,"enemies":"Hexaghost","floor":16,"turns":11},{"damage":3,"enemies":"Shell Parasite","floor":18,"turns":7},{"damage":23,"enemies":"3 Byrds","floor":19,"turns":3},{"damage":15,"enemies":"Snake Plant","floor":22,"turns":6},{"damage":11,"enemies":"Centurion and Healer","floor":27,"turns":6},{"damage":43,"enemies":"3 Cultists","floor":28,"turns":5},{"damage":45,"enemies":"Collector","floor":33,"turns":8},{"damage":13,"enemies":"3 Shapes","floor":35,"turns":6},{"damage":0,"enemies":"Mind Bloom Boss Battle","floor":39,"turns":5},{"damage":41,"enemies":"3 Darklings","floor":44,"turns":6},{"damage":17,"enemies":"Transient","floor":45,"turns":5},{"damage":16,"enemies":"Jaw Worm Horde","floor":46,"turns":2}],"seed_played":"1657112621635643385","potions_obtained":[{"floor":1,"key":"Strength Potion"},{"floor":6,"key":"Ancient Potion"},{"floor":8,"key":"Poison Potion"},{"floor":14,"key":"SkillPotion"},{"floor":33,"key":"AttackPotion"},{"floor":39,"key":"SteroidPotion"}],"is_trial":false,"path_per_floor":["?","?","?","$","?","?","?","$","?","T","?","?"],"character_chosen":"DEFECT","items_purchased":["Creative AI","Capacitor","Energy Potion","PowerPotion","FocusPotion"],"campfire_rested":2,"item_purchase_floors":[11,21,29,31,41],"current_hp_per_floor":[75,75,75,60,60,60,60,60,60,53,53,53,42,44,44,27,75,72,51,51,51,38,38,38,75,75,64,23,23,60,60,60,17,75,62,62,62,62,64,64,64,64,64,25,10,0],"gold":105,"neow_bonus":"THREE_ENEMY_KILL","is_prod":false,"is_daily":false,"chose_seed":false,"campfire_upgraded":7,"win_rate":0,"timestamp":1556217450,"path_taken":["M","?","?","?","M","E","R","M","T","E","?","R","?","M","R","BOSS","M","M","?","$","M","R","?","R","T","M","M","$","R","?","R","BOSS","M","?","?","?","?","R","$","R","T","M","M","M"],"build_version":"2019-01-23","purchased_purges":3,"victory":false,"max_hp_per_floor":[75,75,75,75,75,75,75,75,75,75,75,75,75,75,75,75,75,75,75,75,75,75,75,75,75,75,75,75,75,75,75,75,75,75,75,71,71,71,71,71,71,71,71,71,71,71],"card_choices":[{"not_picked":["Force Field","Hologram"],"picked":"Conserve Battery","floor":1},{"not_picked":["Rebound","Hologram"],"picked":"Sweeping Beam","floor":5},{"not_picked":["Reinforced Body","Undo"],"picked":"Glacier","floor":6},{"not_picked":["Rebound","Stack"],"picked":"Rip and Tear","floor":8},{"not_picked":["Stack","Scrape"],"picked":"Ball Lightning","floor":10},{"not_picked":["Conserve Battery","Turbo"],"picked":"Glacier","floor":14},{"not_picked":["Reboot","All For One"],"picked":"Echo Form","floor":16},{"not_picked":["Coolheaded","Ball Lightning"],"picked":"Conserve Battery+1","floor":18},{"not_picked":["Compile Driver+1","Rebound+1","Coolheaded"],"picked":"SKIP","floor":19},{"not_picked":["Sweeping Beam","Lockon","Static Discharge"],"picked":"SKIP","floor":22},{"not_picked":["Go for the Eyes","Conserve Battery+1"],"picked":"Coolheaded+1","floor":25},{"not_picked":["Streamline","Sweeping Beam"],"picked":"Ball Lightning","floor":27},{"not_picked":["Rebound","Ball Lightning"],"picked":"Reinforced Body+1","floor":28},{"not_picked":["Echo Form","Sweeping Beam"],"picked":"Turbo+1","floor":30},{"not_picked":["All For One","Amplify+1"],"picked":"Meteor Strike","floor":33},{"not_picked":["Barrage","Loop"],"picked":"Biased Cognition","floor":34},{"not_picked":["Redo+1","Sweeping Beam"],"picked":"Chaos+1","floor":34},{"not_picked":["Rebound","Beam Cell"],"picked":"Barrage","floor":34},{"not_picked":["Coolheaded+1","Gash"],"picked":"Go for the Eyes+1","floor":34},{"not_picked":["Leap+1","Steam+1"],"picked":"Storm","floor":35},{"not_picked":["Reprogram+1","Hologram+1"],"picked":"Genetic Algorithm+1","floor":39},{"not_picked":["Steam+1","Leap+1"],"picked":"Consume+1","floor":44},{"not_picked":["Melter+1","Chaos+1"],"picked":"Darkness+1","floor":45}],"player_experience":59231,"relics_obtained":[{"floor":6,"key":"Dream Catcher"},{"floor":9,"key":"Regal Pillow"},{"floor":10,"key":"Blood Vial"},{"floor":26,"key":"Torii"},{"floor":39,"key":"Ginger"},{"floor":43,"key":"Anchor"}],"event_choices":[{"damage_healed":0,"gold_gain":0,"player_choice":"Grow","damage_taken":0,"max_hp_gain":0,"max_hp_loss":0,"event_name":"Living Wall","floor":2,"gold_loss":0,"cards_upgraded":["Zap"]},{"damage_healed":0,"gold_gain":0,"player_choice":"Ignored","damage_taken":0,"max_hp_gain":0,"max_hp_loss":0,"event_name":"Liars Game","floor":3,"gold_loss":0},{"damage_healed":0,"gold_gain":0,"player_choice":"Entered Light","damage_taken":15,"max_hp_gain":0,"max_hp_loss":0,"event_name":"Shining Light","floor":4,"gold_loss":0,"cards_upgraded":["Dualcast","Defend_B"]},{"damage_healed":0,"gold_gain":75,"player_choice":"Gather Gold","damage_taken":11,"max_hp_gain":0,"max_hp_loss":0,"event_name":"World of Goop","floor":13,"gold_loss":0},{"damage_healed":0,"gold_gain":0,"player_choice":"Opened","damage_taken":0,"relics_obtained":["Toxic Egg 2"],"max_hp_gain":0,"max_hp_loss":0,"event_name":"The Mausoleum","floor":20,"gold_loss":0,"cards_obtained":["Writhe"]},{"damage_healed":0,"gold_gain":0,"player_choice":"Inject Mutagens","damage_taken":0,"relics_obtained":["MutagenicStrength"],"max_hp_gain":0,"max_hp_loss":0,"event_name":"Drug Dealer","floor":24,"gold_loss":0},{"damage_healed":0,"gold_gain":0,"player_choice":"Max HP","damage_taken":0,"max_hp_gain":0,"max_hp_loss":4,"event_name":"Winding Halls","floor":36,"gold_loss":0},{"cards_removed":["Gash"],"damage_healed":0,"gold_gain":0,"player_choice":"Removed Attack","damage_taken":0,"max_hp_gain":0,"max_hp_loss":0,"event_name":"Falling","floor":38,"gold_loss":0},{"damage_healed":0,"gold_gain":0,"player_choice":"Fight","damage_taken":0,"max_hp_gain":0,"max_hp_loss":0,"event_name":"MindBloom","floor":39,"gold_loss":0}],"is_beta":false,"boss_relics":[{"not_picked":["Runic Dome","Busted Crown"],"picked":"Astrolabe"},{"not_picked":["Coffee Dripper","Calling Bell"],"picked":"Orrery"}],"items_purged_floors":[11,21,41],"is_endless":false,"potions_floor_spawned":[1,6,8,14,33,39],"killed_by":"Jaw Worm Horde","ascension_level":3}