{"gold_per_floor":[114,128,5,22,40,68,68,79,103,129,129,109,123,13,13,110,110,129,44,54,54,54,54,83,94,94,110,63,63,78,78,78,179,179,194,1193,1212,1212,726,726],"floor_reached":40,"playtime":3076,"items_purged":["Normality"],"score":466,"play_id":"4be82326-4ffa-4a54-af9e-74f48a46dde4","local_time":"20190406134828","is_ascension_mode":false,"campfire_choices":[{"floor":7,"key":"REST"},{"data":"Mind Blast","floor":15,"key":"SMITH"},{"data":"Fusion","floor":23,"key":"SMITH"},{"floor":29,"key":"REST"},{"floor":32,"key":"REST"}],"neow_cost":"NONE","seed_source_timestamp":751672487681171,"circlet_count":0,"master_deck":["Strike_B+1","Strike_B+1","Strike_B+1","Defend_B+1","Defend_B+1","Defend_B+1","Zap","Dualcast","Conserve Battery","Reinforced Body","Conserve Battery","Impatience","Leap","Ball Lightning","Fusion+1","Auto Shields","Parasite","Go for the Eyes","Barrage","Mind Blast+1","Machine Learning","Sweeping Beam+1","Defragment+1","Compile Driver+1","Steam Power+1","Loop+1","Glacier","Redo+1","All For One+1","Conserve Battery","Compile Driver+1","Ball Lightning+1","All For One+1","Streamline+1","Normality","Sweeping Beam+1","Dark Shackles","Chrysalis","Blind"],"relics":["Cracked Core","NeowsBlessing","Question Card","Bag of Marbles","Juzu Bracelet","Astrolabe","Bronze Scales","Molten Egg 2","Blue Candle","Inserter","Pen Nib"],"potions_floor_usage":[16,16,24,33,33,33,40],"damage_taken":[{"damage":0,"enemies":"Cultist","floor":1,"turns":1},{"damage":0,"enemies":"Small Slimes","floor":2,"turns":1},{"damage":0,"enemies":"2 Louse","floor":4,"turns":1},{"damage":3,"enemies":"Red Slaver","floor":5,"turns":4},{"damage":33,"enemies":"Gremlin Nob","floor":6,"turns":5},{"damage":0,"enemies":"2 Fungi Beasts","floor":8,"turns":4},{"damage":6,"enemies":"Lagavulin","floor":10,"turns":7},{"damage":2,"enemies":"Blue Slaver","floor":13,"turns":4},{"damage":55,"enemies":"Hexaghost","floor":16,"turns":11},{"damage":0,"enemies":"Chosen","floor":18,"turns":4},{"damage":0,"enemies":"3 Byrds","floor":20,"turns":3},{"damage":9,"enemies":"Slavers","floor":24,"turns":5},{"damage":17,"enemies":"Shelled Parasite and Fungi","floor":25,"turns":6},{"damage":11,"enemies":"Chosen and Byrds","floor":27,"turns":5},{"damage":23,"enemies":"Sentry and Sphere","floor":30,"turns":5},{"damage":51,"enemies":"Collector","floor":33,"turns":10},{"damage":5,"enemies":"Orb Walker","floor":35,"turns":3},{"damage":36,"enemies":"3 Shapes","floor":37,"turns":5},{"damage":45,"enemies":"Reptomancer","floor":40,"turns":4}],"seed_played":"-2694393255863683553","potions_obtained":[{"floor":4,"key":"GamblersBrew"},{"floor":5,"key":"Explosive Potion"},{"floor":8,"key":"Regen Potion"},{"floor":12,"key":"Poison Potion"},{"floor":16,"key":"Ancient Potion"},{"floor":18,"key":"FearPotion"},{"floor":24,"key":"SpeedPotion"},{"floor":33,"key":"SkillPotion"}],"is_trial":false,"path_per_floor":["M","M","$","M","M","E","R","M","T","E","?","?","M","$","R","B",null,"M","?","M","?","?","R","E","M","T","M","$","R","M","?","R","B",null,"M","?","M","?","$","E"],"character_chosen":"DEFECT","items_purchased":["Conserve Battery","Impatience","Barrage","Mind Blast","Compile Driver+1","Chrysalis","Pen Nib","Blind"],"campfire_rested":3,"item_purchase_floors":[3,3,14,14,28,39,39,39],"current_hp_per_floor":[75,75,75,75,72,39,61,61,61,55,73,73,71,71,71,31,75,75,75,75,75,75,75,66,49,49,38,38,60,37,37,59,8,75,70,70,34,34,34,0],"gold":726,"neow_bonus":"THREE_ENEMY_KILL","is_prod":false,"is_daily":false,"chose_seed":false,"campfire_upgraded":2,"win_rate":0.0,"timestamp":1554572908,"path_taken":["M","M","$","M","M","E","R","?","T","E","?","?","M","$","R","BOSS","M","?","M","?","?","R","E","M","T","M","?","R","M","?","R","BOSS","M","?","M","?","$","E"],"build_version":"2019-01-23","purchased_purges":1,"victory":false,"max_hp_per_floor":[75,75,75,75,75,75,75,75,75,75,75,75,75,75,75,75,75,75,75,75,75,75,75,75,75,75,75,75,75,75,75,75,75,75,75,75,75,75,75,75],"card_choices":[{"not_picked":["Streamline","Blizzard"],"picked":"Conserve Battery","floor":1},{"not_picked":["Steam","Leap"],"picked":"Reinforced Body","floor":2},{"not_picked":["Self Repair","Steam"],"picked":"Leap","floor":4},{"not_picked":["Conserve Battery","Leap"],"picked":"Ball Lightning","floor":5},{"not_picked":["Reinforced Body","Buffer"],"picked":"Fusion","floor":6},{"not_picked":["Beam Cell","Go for the Eyes","Lockon"],"picked":"Auto Shields","floor":8},{"not_picked":["Streamline","Force Field","Leap"],"picked":"Stack","floor":10},{"not_picked":["Consume","Stack","Aggregate"],"picked":"Go for the Eyes","floor":13},{"not_picked":["Reboot","Biased Cognition","Fission"],"picked":"Machine Learning","floor":16},{"not_picked":["Compile Driver","Beam Cell","Sweeping Beam"],"picked":"Steam Power+1","floor":18},{"not_picked":["Steam+1","Coolheaded","Go for the Eyes+1"],"picked":"Loop+1","floor":20},{"not_picked":["Loop","Chaos","Hologram"],"picked":"Redo+1","floor":24},{"not_picked":["Self Repair","Cold Snap+1","Beam Cell+1"],"picked":"All For One+1","floor":25},{"not_picked":["Go for the Eyes+1","Sweeping Beam+1","Streamline+1"],"picked":"Conserve Battery","floor":27},{"not_picked":["Cold Snap+1","Sweeping Beam+1","Gash+1"],"picked":"Ball Lightning+1","floor":30},{"not_picked":["Amplify","Machine Learning","Reboot"],"picked":"All For One+1","floor":33},{"not_picked":["Aggregate+1","Steam","Chill"],"picked":"Streamline+1","floor":35},{"not_picked":["Streamline+1","Redo","Steam"],"picked":"Sweeping Beam+1","floor":37},{"not_picked":["Thinking Ahead","Swift Strike+1","Trip"],"picked":"Dark Shackles","floor":38}],"player_experience":56868,"relics_obtained":[{"floor":6,"key":"Question Card"},{"floor":9,"key":"Bag of Marbles"},{"floor":10,"key":"Juzu Bracelet"},{"floor":24,"key":"Molten Egg 2"},{"floor":26,"key":"Blue Candle"}],"event_choices":[{"damage_healed":18,"gold_gain":0,"player_choice":"Healed and dodged fight","damage_taken":0,"max_hp_gain":0,"max_hp_loss":0,"event_name":"Mushrooms","floor":11,"gold_loss":0,"cards_obtained":["Parasite"]},{"damage_healed":0,"gold_gain":0,"player_choice":"Bought 1 Potion","damage_taken":0,"max_hp_gain":0,"max_hp_loss":0,"event_name":"The Woman in Blue","floor":12,"gold_loss":0},{"damage_healed":0,"gold_gain":0,"player_choice":"Obtained Relic","damage_taken":0,"relics_obtained":["Bronze Scales"],"max_hp_gain":0,"max_hp_loss":0,"event_name":"Addict","floor":19,"gold_loss":85},{"damage_healed":0,"gold_gain":0,"player_choice":"Read","damage_taken":0,"max_hp_gain":0,"max_hp_loss":0,"event_name":"The Library","floor":21,"gold_loss":0,"cards_obtained":["Glacier"]},{"damage_healed":0,"gold_gain":0,"player_choice":"Ignored","damage_taken":0,"max_hp_gain":0,"max_hp_loss":0,"event_name":"Beggar","floor":22,"gold_loss":0},{"damage_healed":0,"gold_gain":0,"player_choice":"Simplicity","damage_taken":0,"max_hp_gain":0,"max_hp_loss":0,"event_name":"Back to Basics","floor":31,"gold_loss":0,"cards_upgraded":["Strike_B","Strike_B","Strike_B","Defend_B","Defend_B","Defend_B"]},{"damage_healed":0,"gold_gain":999,"player_choice":"Gold","damage_taken":0,"max_hp_gain":0,"max_hp_loss":0,"event_name":"MindBloom","floor":36,"gold_loss":0,"cards_obtained":["Normality","Normality"]},{"damage_healed":0,"gold_gain":0,"player_choice":"Memory 1","damage_taken":0,"max_hp_gain":0,"max_hp_loss":0,"event_name":"SensoryStone","floor":38,"gold_loss":0}],"is_beta":false,"boss_relics":[{"not_picked":["FrozenCore","Coffee Dripper"],"picked":"Astrolabe"},{"not_picked":["Orrery","Black Star"],"picked":"Inserter"}],"items_purged_floors":[39],"is_endless":false,"potions_floor_spawned":[4,5,8,16,18,24,33],"killed_by":"Reptomancer","ascension_level":0}