{"gold_per_floor":[117,117,67,28,28,28,59,59,128,128],"floor_reached":10,"playtime":510,"items_purged":[],"score":99,"play_id":"9d245928-c565-47d7-a641-6548caef17ee","local_time":"20190318020728","is_ascension_mode":true,"campfire_choices":[{"data":"Reinforced Body","floor":6,"key":"SMITH"},{"data":"Multi-Cast","floor":8,"key":"SMITH"}],"neow_cost":"TEN_PERCENT_HP_LOSS","seed_source_timestamp":1168271938457242,"circlet_count":0,"master_deck":["AscendersBane","Strike_B","Defend_B","Defend_B","Defend_B","Defend_B","Zap","Dualcast","Multi-Cast+1","Storm","Reinforced Body+1"],"relics":["Cracked Core","Golden Idol","The Courier","Vajra","Molten Egg 2"],"potions_floor_usage":[],"damage_taken":[{"damage":4,"enemies":"Small Slimes","floor":1,"turns":3},{"damage":15,"enemies":"Lagavulin","floor":7,"turns":10},{"damage":42,"enemies":"3 Sentries","floor":10,"turns":9}],"seed_played":"5028089113616038937","potions_obtained":[],"is_trial":false,"path_per_floor":["M","?","?","$","?","R","E","R","T","E"],"character_chosen":"DEFECT","items_purchased":["Reinforced Body"],"campfire_rested":0,"item_purchase_floors":[4],"current_hp_per_floor":[64,63,63,63,56,56,41,41,41,0],"gold":128,"neow_bonus":"TRANSFORM_TWO_CARDS","is_prod":false,"is_daily":false,"chose_seed":false,"campfire_upgraded":2,"win_rate":0,"timestamp":1552889248,"path_taken":["M","?","?","$","?","R","E","R","T","E"],"build_version":"2019-01-23","purchased_purges":0,"victory":false,"max_hp_per_floor":[68,63,63,63,63,63,63,63,63,63],"card_choices":[{"not_picked":["Go for the Eyes","Steam","Chaos"],"picked":"SKIP","floor":1},{"not_picked":["Aggregate","Heatsinks","Steam"],"picked":"SKIP","floor":7}],"player_experience":808187,"relics_obtained":[{"floor":7,"key":"Vajra"},{"floor":9,"key":"Molten Egg 2"}],"event_choices":[{"damage_healed":0,"gold_gain":0,"player_choice":"Lose Max HP","damage_taken":0,"relics_obtained":["Golden Idol"],"max_hp_gain":0,"max_hp_loss":5,"event_name":"Golden Idol","floor":2,"gold_loss":0},{"cards_removed":["Strike_B"],"damage_healed":0,"gold_gain":0,"player_choice":"Card Removal","damage_taken":0,"max_hp_gain":0,"max_hp_loss":0,"event_name":"The Cleric","floor":3,"gold_loss":50},{"damage_healed":0,"gold_gain":0,"player_choice":"Success","damage_taken":7,"relics_obtained":["The Courier"],"max_hp_gain":0,"max_hp_loss":0,"event_name":"Scrap Ooze","floor":5,"gold_loss":0}],"is_beta":false,"boss_relics":[],"items_purged_floors":[],"is_endless":false,"potions_floor_spawned":[],"killed_by":"3 Sentries","ascension_level":12}