{"gold_per_floor":[119,135,135,60,77,109,109,134,161,111,111,137,137,152,152,252,252,272,292,42,54,81,81],"floor_reached":23,"playtime":3270,"items_purged":["Strike_R","Defend_R"],"score":209,"play_id":"de9f9d0b-6e25-4e03-ade4-00dae859d974","local_time":"20181226133946","is_ascension_mode":false,"campfire_choices":[{"data":"Rampage","floor":7,"key":"SMITH"},{"floor":11,"key":"REST"},{"floor":15,"key":"REST"}],"neow_cost":"NONE","seed_source_timestamp":685211176081417,"circlet_count":0,"master_deck":["Strike_R","Strike_R+1","Defend_R","Defend_R","Defend_R","Bash+1","Carnage","Rampage+1","Whirlwind","Shrug It Off","Double Tap","Metallicize","Shrug It Off","Armaments+1"],"relics":["Burning Blood","Whetstone","Lantern","Smiling Mask","Potion Belt","Ancient Tea Set","Black Star","HandDrill"],"potions_floor_usage":[14,16,23],"damage_taken":[{"damage":1,"enemies":"2 Louse","floor":1,"turns":3},{"damage":1,"enemies":"Jaw Worm","floor":2,"turns":3},{"damage":0,"enemies":"Cultist","floor":5,"turns":2},{"damage":36,"enemies":"Lagavulin","floor":6,"turns":8},{"damage":30,"enemies":"3 Sentries","floor":8,"turns":7},{"damage":27,"enemies":"Lagavulin","floor":12,"turns":6},{"damage":3,"enemies":"Red Slaver","floor":14,"turns":3},{"damage":27,"enemies":"The Guardian","floor":16,"turns":9},{"damage":19,"enemies":"Shell Parasite","floor":18,"turns":8},{"damage":7,"enemies":"Chosen","floor":19,"turns":6},{"damage":28,"enemies":"Centurion and Healer","floor":21,"turns":8},{"damage":54,"enemies":"Slavers","floor":23,"turns":4}],"seed_played":"1172248007392467180","potions_obtained":[{"floor":8,"key":"SpeedPotion"},{"floor":14,"key":"AttackPotion"},{"floor":16,"key":"LiquidBronze"}],"is_trial":false,"path_per_floor":["M","M","?","$","M","E","R","E","T","?","R","E","?","M","R","B",null,"M","M","$","M","T","E"],"character_chosen":"IRONCLAD","items_purchased":["HandDrill"],"campfire_rested":2,"item_purchase_floors":[20],"current_hp_per_floor":[80,80,85,85,85,55,55,31,31,31,56,35,35,38,63,42,85,72,71,71,49,49,0],"gold":81,"neow_bonus":"RANDOM_COMMON_RELIC","is_prod":false,"is_daily":false,"chose_seed":false,"campfire_upgraded":1,"win_rate":0,"timestamp":1545849586,"path_taken":["M","M","?","$","M","E","R","E","T","?","R","E","?","M","R","BOSS","M","M","$","?","?","E"],"build_version":"2018-12-20","purchased_purges":2,"victory":false,"max_hp_per_floor":[80,80,85,85,85,85,85,85,85,85,85,85,85,85,85,85,85,85,85,85,85,85,85],"card_choices":[{"not_picked":["Twin Strike","Pommel Strike"],"picked":"Carnage","floor":1},{"not_picked":["True Grit","Sword Boomerang","Combust"],"picked":"SKIP","floor":2},{"not_picked":["Anger","Dropkick"],"picked":"Rampage","floor":5},{"not_picked":["Warcry","Immolate","Thunderclap"],"picked":"SKIP","floor":6},{"not_picked":["Second Wind","Corruption","Flex"],"picked":"SKIP","floor":8},{"not_picked":["Perfected Strike","Pommel Strike","Twin Strike"],"picked":"SKIP","floor":12},{"not_picked":["Cleave","Armaments"],"picked":"Shrug It Off","floor":14},{"not_picked":["Brutality","Berserk"],"picked":"Double Tap","floor":16},{"not_picked":["Combust","Clothesline"],"picked":"Metallicize","floor":18},{"not_picked":["Havoc","Pommel Strike"],"picked":"Shrug It Off","floor":19},{"not_picked":["Intimidate","Clash+1"],"picked":"Armaments+1","floor":21}],"player_experience":555527,"relics_obtained":[{"floor":6,"key":"Lantern"},{"floor":8,"key":"Smiling Mask"},{"floor":9,"key":"Potion Belt"},{"floor":12,"key":"Ancient Tea Set"}],"event_choices":[{"damage_healed":0,"gold_gain":0,"player_choice":"Donut","damage_taken":0,"max_hp_gain":5,"max_hp_loss":0,"event_name":"Big Fish","floor":3,"gold_loss":0},{"cards_removed":["Strike_R"],"damage_healed":0,"gold_gain":0,"player_choice":"Card Removal","damage_taken":0,"max_hp_gain":0,"max_hp_loss":0,"event_name":"The Cleric","floor":10,"gold_loss":50},{"damage_healed":0,"gold_gain":0,"cards_transformed":["Strike_R"],"player_choice":"Transformed","damage_taken":0,"max_hp_gain":0,"max_hp_loss":0,"event_name":"Transmorgrifier","floor":13,"gold_loss":0,"cards_obtained":["Whirlwind"]}],"is_beta":false,"boss_relics":[{"not_picked":["Pandora\u0027s Box","Black Blood"],"picked":"Black Star"}],"items_purged_floors":[4,20],"is_endless":false,"potions_floor_spawned":[8,14,16],"killed_by":"Slavers","ascension_level":0}