{"gold_per_floor":[17,37,112,112,72,98,116,142,142,152,152,167,167,183,183,283,283,295,311,109,120,120,151,169,200,226,226,226,243,274,286,286,381,381,396,408,423,55,70,102,102,132,132,132,145,145,163,181,181,181],"floor_reached":51,"playtime":1845,"items_purged":["Strike_R"],"score":908,"play_id":"3027d5f3-7044-4436-86b6-5366036013d3","local_time":"20190425235811","is_ascension_mode":false,"campfire_choices":[{"data":"Whirlwind","floor":11,"key":"SMITH"},{"data":"Armaments","floor":13,"key":"SMITH"},{"data":"Uppercut","floor":15,"key":"SMITH"},{"data":"Offering","floor":28,"key":"SMITH"},{"floor":32,"key":"REST"},{"data":"Limit Break","floor":41,"key":"SMITH"},{"data":"Limit Break","floor":49,"key":"SMITH"}],"neow_cost":"NO_GOLD","seed_source_timestamp":1169608618173800,"circlet_count":0,"master_deck":["Strike_R+1","Strike_R+1","Strike_R","Strike_R","Defend_R","Defend_R","Defend_R","Defend_R","Bash","Immolate","Shrug It Off","Inflame","Juggernaut","Whirlwind+1","Uppercut+1","Immolate","Offering+1","Headbutt","Clothesline+1","Shockwave+1","Feel No Pain","Impervious","Limit Break+1","Power Through","Inflame","Limit Break+1","Shrug It Off+1","Shockwave+1","Inflame+1"],"relics":["Burning Blood","Vajra","Dodecahedron","Singing Bowl","Velvet Choker","Lantern","Mercury Hourglass","Orichalcum","Whetstone","Enchiridion","Bag of Marbles","Sozu","Red Skull","Pen Nib","Calipers","Boot","Juzu Bracelet"],"potions_floor_usage":[6,6,8,19,23,50],"damage_taken":[{"damage":6,"enemies":"2 Louse","floor":1,"turns":3},{"damage":2,"enemies":"Jaw Worm","floor":2,"turns":3},{"damage":11,"enemies":"Lagavulin","floor":6,"turns":6},{"damage":1,"enemies":"Cultist","floor":7,"turns":3},{"damage":16,"enemies":"Gremlin Nob","floor":8,"turns":4},{"damage":0,"enemies":"3 Louse","floor":10,"turns":1},{"damage":2,"enemies":"Looter","floor":12,"turns":4},{"damage":3,"enemies":"Large Slime","floor":14,"turns":6},{"damage":59,"enemies":"Hexaghost","floor":16,"turns":11},{"damage":4,"enemies":"Shell Parasite","floor":18,"turns":5},{"damage":0,"enemies":"2 Thieves","floor":19,"turns":1},{"damage":1,"enemies":"Centurion and Healer","floor":21,"turns":5},{"damage":12,"enemies":"Slavers","floor":23,"turns":3},{"damage":15,"enemies":"Snake Plant","floor":24,"turns":3},{"damage":6,"enemies":"Gremlin Leader","floor":25,"turns":3},{"damage":6,"enemies":"Snecko","floor":29,"turns":4},{"damage":21,"enemies":"Book of Stabbing","floor":30,"turns":4},{"damage":6,"enemies":"3 Cultists","floor":31,"turns":3},{"damage":25,"enemies":"Automaton","floor":33,"turns":7},{"damage":6,"enemies":"Orb Walker","floor":35,"turns":1},{"damage":0,"enemies":"3 Shapes","floor":36,"turns":3},{"damage":6,"enemies":"Transient","floor":37,"turns":5},{"damage":0,"enemies":"Sphere and 2 Shapes","floor":39,"turns":1},{"damage":15,"enemies":"Reptomancer","floor":40,"turns":4},{"damage":13,"enemies":"Nemesis","floor":42,"turns":3},{"damage":0,"enemies":"3 Darklings","floor":45,"turns":1},{"damage":4,"enemies":"4 Shapes","floor":47,"turns":5},{"damage":0,"enemies":"Jaw Worm Horde","floor":48,"turns":1},{"damage":6,"enemies":"Time Eater","floor":50,"turns":6}],"seed_played":"3455135834249784741","potions_obtained":[{"floor":5,"key":"Block Potion"},{"floor":5,"key":"AttackPotion"},{"floor":5,"key":"AttackPotion"},{"floor":6,"key":"EssenceOfSteel"},{"floor":7,"key":"Block Potion"},{"floor":10,"key":"Energy Potion"},{"floor":19,"key":"SmokeBomb"},{"floor":21,"key":"FearPotion"},{"floor":29,"key":"Dexterity Potion"}],"is_trial":false,"path_per_floor":["M","M","?","?","?","E","M","E","T","M","R","M","R","M","R","B",null,"M","M","$","M","?","E","M","E","T","?","R","M","E","M","R","B",null,"M","M","M","$","M","E","R","E","T","?","M","?","M","M","R","B",null],"character_chosen":"IRONCLAD","items_purchased":["Lantern","Energy Potion","Red Skull","Pen Nib"],"campfire_rested":1,"item_purchase_floors":[20,20,38,38],"current_hp_per_floor":[80,80,69,69,69,64,69,59,59,67,67,71,71,74,74,21,82,84,84,84,84,84,80,71,71,71,55,55,57,42,44,71,52,90,90,92,92,92,94,85,85,78,78,78,86,86,88,94,94,94],"gold":181,"neow_bonus":"THREE_RARE_CARDS","is_prod":false,"is_daily":false,"chose_seed":false,"campfire_upgraded":6,"win_rate":1,"timestamp":1556261891,"path_taken":["M","M","?","?","?","E","?","E","T","M","R","M","R","M","R","BOSS","M","M","$","M","?","E","M","E","T","?","R","M","E","M","R","BOSS","M","M","M","$","M","E","R","E","T","?","M","?","M","M","R","BOSS"],"build_version":"2019-01-23","purchased_purges":1,"victory":true,"max_hp_per_floor":[80,80,80,80,80,80,80,80,80,82,82,82,82,82,82,82,82,84,84,84,84,84,86,86,86,86,86,86,88,88,90,90,90,90,90,92,92,92,94,94,94,94,94,94,96,96,96,96,96,96],"card_choices":[{"not_picked":["Fiend Fire","Juggernaut"],"picked":"Immolate","floor":0},{"not_picked":["True Grit","Anger"],"picked":"Shrug It Off","floor":1},{"not_picked":["Thunderclap","Battle Trance"],"picked":"Inflame","floor":2},{"not_picked":["True Grit","Pommel Strike"],"picked":"Juggernaut","floor":6},{"not_picked":["True Grit","Searing Blow"],"picked":"Whirlwind","floor":7},{"not_picked":["Thunderclap","Seeing Red"],"picked":"Uppercut","floor":8},{"not_picked":["Havoc","Hemokinesis","Heavy Blade"],"picked":"Singing Bowl","floor":10},{"not_picked":["Flex","Iron Wave"],"picked":"Armaments","floor":12},{"not_picked":["Iron Wave","Dual Wield"],"picked":"Immolate","floor":14},{"not_picked":["Berserk","Immolate"],"picked":"Offering","floor":16},{"not_picked":["Fire Breathing+1","Armaments","Perfected Strike+1"],"picked":"Singing Bowl","floor":18},{"not_picked":["Cleave+1","Carnage"],"picked":"Headbutt","floor":19},{"not_picked":["Cleave+1","Feel No Pain"],"picked":"Clothesline+1","floor":21},{"not_picked":["Sever Soul","Iron Wave","Evolve"],"picked":"Singing Bowl","floor":23},{"not_picked":["Armaments+1","Iron Wave"],"picked":"Shockwave+1","floor":24},{"not_picked":["Sword Boomerang","Clash+1"],"picked":"Feel No Pain","floor":25},{"not_picked":["Fire Breathing","Pommel Strike","Anger"],"picked":"Singing Bowl","floor":29},{"not_picked":["Disarm","Rage+1"],"picked":"Impervious","floor":30},{"not_picked":["Heavy Blade","Carnage","Anger"],"picked":"Singing Bowl","floor":31},{"not_picked":["Offering","Impervious"],"picked":"Limit Break","floor":33},{"not_picked":["Thunderclap+1","Cleave"],"picked":"Power Through","floor":35},{"not_picked":["Body Slam","Pummel+1","Clash+1"],"picked":"Singing Bowl","floor":36},{"not_picked":["Ghostly Armor","Seeing Red+1"],"picked":"Inflame","floor":37},{"not_picked":["Bludgeon","Burning Pact","Wild Strike"],"picked":"Singing Bowl","floor":39},{"not_picked":["Anger+1","Clash+1"],"picked":"Limit Break","floor":40},{"not_picked":["Flex","Thunderclap"],"picked":"Shrug It Off+1","floor":42},{"not_picked":["Iron Wave","True Grit+1","Flex+1"],"picked":"Singing Bowl","floor":45},{"not_picked":["Flame Barrier","Iron Wave"],"picked":"Shockwave+1","floor":47},{"not_picked":["Fire Breathing+1","Clothesline"],"picked":"Inflame+1","floor":48}],"player_experience":594444,"relics_obtained":[{"floor":6,"key":"Vajra"},{"floor":8,"key":"Dodecahedron"},{"floor":9,"key":"Singing Bowl"},{"floor":23,"key":"Mercury Hourglass"},{"floor":25,"key":"Orichalcum"},{"floor":26,"key":"Whetstone"},{"floor":27,"key":"Enchiridion"},{"floor":30,"key":"Bag of Marbles"},{"floor":40,"key":"Calipers"},{"floor":42,"key":"Boot"},{"floor":43,"key":"Juzu Bracelet"}],"event_choices":[{"damage_healed":0,"gold_gain":75,"player_choice":"Gather Gold","damage_taken":11,"max_hp_gain":0,"max_hp_loss":0,"event_name":"World of Goop","floor":3,"gold_loss":0},{"damage_healed":0,"gold_gain":0,"player_choice":"Ignored","damage_taken":0,"max_hp_gain":0,"max_hp_loss":0,"event_name":"Liars Game","floor":4,"gold_loss":0},{"damage_healed":0,"gold_gain":0,"player_choice":"Bought 3 Potions","damage_taken":0,"max_hp_gain":0,"max_hp_loss":0,"event_name":"The Woman in Blue","floor":5,"gold_loss":0},{"damage_healed":0,"gold_gain":0,"player_choice":"Ignored","damage_taken":0,"max_hp_gain":0,"max_hp_loss":0,"event_name":"Ghosts","floor":22,"gold_loss":0},{"damage_healed":0,"gold_gain":0,"player_choice":"Obtained Book","damage_taken":16,"max_hp_gain":0,"max_hp_loss":0,"event_name":"Cursed Tome","floor":27,"gold_loss":0},{"cards_removed":["Armaments"],"damage_healed":0,"gold_gain":0,"player_choice":"Removed Skill","damage_taken":0,"max_hp_gain":0,"max_hp_loss":0,"event_name":"Falling","floor":44,"gold_loss":0},{"damage_healed":0,"gold_gain":0,"player_choice":"Got Potions","damage_taken":0,"max_hp_gain":0,"max_hp_loss":0,"event_name":"Lab","floor":46,"gold_loss":0}],"is_beta":false,"boss_relics":[{"not_picked":["Lizard Tail","Runic Cube"],"picked":"Velvet Choker"},{"not_picked":["White Beast Statue","Black Star"],"picked":"Sozu"}],"items_purged_floors":[38],"is_endless":false,"potions_floor_spawned":[6,7,10,14,19,21,29,30,33,39,42,47],"ascension_level":0}