{"gold_per_floor":[119,194,221,231,231,231,266,266,266,283,318,83,94,94,94,193,193,210,230,77,96,112,112,112,112,112,123,123,123,140,159,159,254,254,267,267,280,280,290,290,290,290,290,18,33,33,53,53],"floor_reached":48,"playtime":2750,"items_purged":["Strike_G"],"score":467,"play_id":"4d7c0cec-7203-4b85-8160-afce64cf8774","local_time":"20190414130549","is_ascension_mode":false,"campfire_choices":[{"floor":6,"key":"REST"},{"data":"Cloak And Dagger","floor":8,"key":"SMITH"},{"data":"Choke","floor":15,"key":"SMITH"},{"data":"Burst","floor":23,"key":"SMITH"},{"data":"Predator","floor":25,"key":"SMITH"},{"floor":29,"key":"REST"},{"floor":32,"key":"REST"},{"floor":40,"key":"REST"},{"floor":42,"key":"REST"},{"data":"Madness","floor":46,"key":"SMITH"}],"neow_cost":"NONE","seed_source_timestamp":10636426742500,"circlet_count":0,"master_deck":["Defend_G","Defend_G","Defend_G","Defend_G","Defend_G","Strike_G+1","Strike_G","Strike_G","Survivor+1","Neutralize","Predator+1","Caltrops","Cloak And Dagger+1","Choke+1","Tools of the Trade","Corpse Explosion","Burst+1","Cloak And Dagger+1","Deflect","Finisher","Well Laid Plans","Blur","Die Die Die","Cloak And Dagger+1","Choke","Madness","Madness+1","Accuracy"],"relics":["Ring of the Snake","NeowsBlessing","Dream Catcher","Turnip","Orichalcum","MawBank","Gremlin Horn","Pantograph","Orrery","Ninja Scroll","Nloth\u0027s Gift","WristBlade","Gambling Chip"],"potions_floor_usage":[16,16,22,33,33,33,35,37,47,48],"damage_taken":[{"damage":0,"enemies":"Small Slimes","floor":1,"turns":1},{"damage":0,"enemies":"Jaw Worm","floor":4,"turns":1},{"damage":0,"enemies":"3 Sentries","floor":7,"turns":1},{"damage":1,"enemies":"2 Louse","floor":10,"turns":2},{"damage":4,"enemies":"Gremlin Nob","floor":11,"turns":4},{"damage":16,"enemies":"Large Slime","floor":13,"turns":5},{"damage":19,"enemies":"The Guardian","floor":16,"turns":14},{"damage":6,"enemies":"Chosen","floor":18,"turns":6},{"damage":1,"enemies":"3 Byrds","floor":19,"turns":2},{"damage":0,"enemies":"Sentry and Sphere","floor":21,"turns":2},{"damage":9,"enemies":"Snake Plant","floor":22,"turns":4},{"damage":31,"enemies":"Shelled Parasite and Fungi","floor":27,"turns":6},{"damage":14,"enemies":"Centurion and Healer","floor":30,"turns":5},{"damage":18,"enemies":"3 Cultists","floor":31,"turns":4},{"damage":84,"enemies":"Collector","floor":33,"turns":13},{"damage":15,"enemies":"Orb Walker","floor":35,"turns":4},{"damage":20,"enemies":"3 Darklings","floor":37,"turns":5},{"damage":8,"enemies":"Sphere and 2 Shapes","floor":39,"turns":3},{"damage":8,"enemies":"4 Shapes","floor":45,"turns":2},{"damage":42,"enemies":"Writhing Mass","floor":47,"turns":6},{"damage":20,"enemies":"Spire Growth","floor":48,"turns":3}],"seed_played":"421563376099966067","potions_obtained":[{"floor":1,"key":"Dexterity Potion"},{"floor":7,"key":"EssenceOfSteel"},{"floor":11,"key":"EssenceOfSteel"},{"floor":18,"key":"Poison Potion"},{"floor":19,"key":"Dexterity Potion"},{"floor":27,"key":"Regen Potion"},{"floor":33,"key":"Fruit Juice"},{"floor":35,"key":"Fire Potion"},{"floor":45,"key":"Regen Potion"}],"is_trial":false,"path_per_floor":["M","?","T","M","?","R","E","R","T","M","E","$","M","?","R","B",null,"M","M","$","M","M","R","?","R","T","M","?","R","M","M","R","B",null,"M","?","M","$","M","R","?","R","T","$","M","R","M","M"],"character_chosen":"THE_SILENT","items_purchased":["Gremlin Horn","War Paint","Accuracy","GhostInAJar","SpeedPotion"],"campfire_rested":5,"item_purchase_floors":[12,20,44,44,44],"current_hp_per_floor":[70,59,59,59,45,66,66,66,66,65,61,61,45,38,38,44,70,64,63,63,63,54,54,70,70,70,39,39,60,46,28,49,1,70,60,60,40,40,32,54,45,67,67,67,59,59,17,0],"gold":53,"neow_bonus":"THREE_ENEMY_KILL","is_prod":false,"is_daily":false,"chose_seed":false,"campfire_upgraded":5,"win_rate":0,"timestamp":1555272349,"path_taken":["M","?","?","M","?","R","E","R","T","M","E","$","M","?","R","BOSS","M","M","$","M","M","R","?","R","T","M","?","R","?","M","R","BOSS","M","?","M","$","M","R","?","R","T","$","M","R","M","M"],"build_version":"2019-01-23","purchased_purges":1,"victory":false,"max_hp_per_floor":[70,70,70,70,70,70,70,70,70,70,70,70,70,70,70,70,70,70,70,70,70,70,70,70,70,70,70,70,70,70,70,70,70,70,75,75,75,75,75,75,75,75,75,75,75,75,75,75],"card_choices":[{"not_picked":["Riddle With Holes","Heel Hook"],"picked":"Predator","floor":1},{"not_picked":["Leg Sweep","Predator"],"picked":"Caltrops","floor":4},{"not_picked":["Tactician","Masterful Stab"],"picked":"Cloak And Dagger","floor":6},{"not_picked":["Tactician","Endless Agony"],"picked":"Choke","floor":7},{"not_picked":["Dash","Underhanded Strike","Dagger Spray"],"picked":"SKIP","floor":10},{"not_picked":["PiercingWail","Deflect"],"picked":"Tools of the Trade","floor":11},{"not_picked":["Underhanded Strike","Setup","Outmaneuver"],"picked":"SKIP","floor":13},{"not_picked":["Die Die Die","Unload"],"picked":"Corpse Explosion","floor":16},{"not_picked":["Flying Knee","Blade Dance"],"picked":"Burst","floor":17},{"not_picked":["Outmaneuver","Flying Knee"],"picked":"Cloak And Dagger","floor":17},{"not_picked":["Skewer","Prepared"],"picked":"Deflect","floor":17},{"not_picked":["Backstab","Blade Dance"],"picked":"Finisher","floor":18},{"not_picked":["Catalyst+1","Dagger Throw","Underhanded Strike"],"picked":"SKIP","floor":19},{"not_picked":["Dash+1","Slice","Acrobatics+1"],"picked":"SKIP","floor":21},{"not_picked":["Deflect","Deadly Poison+1"],"picked":"Well Laid Plans","floor":22},{"not_picked":["All Out Attack","Dash+1","Flying Knee"],"picked":"SKIP","floor":27},{"not_picked":["Deadly Poison","Quick Slash","Dagger Spray+1"],"picked":"SKIP","floor":30},{"not_picked":["Slice+1","Dagger Spray+1","Leg Sweep+1"],"picked":"SKIP","floor":31},{"not_picked":["Outmaneuver+1","Deadly Poison+1"],"picked":"Blur","floor":32},{"not_picked":["A Thousand Cuts","Envenom"],"picked":"Die Die Die","floor":33},{"not_picked":["Footwork","Skewer+1","Dagger Throw"],"picked":"SKIP","floor":35},{"not_picked":["Leg Sweep+1","Phantasmal Killer"],"picked":"Cloak And Dagger+1","floor":37},{"not_picked":["Outmaneuver+1","Poisoned Stab","Prepared+1"],"picked":"SKIP","floor":39},{"not_picked":["Footwork","Distraction"],"picked":"Choke","floor":40},{"not_picked":["Deflect+1","Outmaneuver+1","Escape Plan+1"],"picked":"SKIP","floor":45},{"not_picked":["Distraction","Dodge and Roll+1","After Image"],"picked":"SKIP","floor":47}],"player_experience":143658,"relics_obtained":[{"floor":3,"key":"Dream Catcher"},{"floor":7,"key":"Turnip"},{"floor":9,"key":"Orichalcum"},{"floor":11,"key":"MawBank"},{"floor":26,"key":"Ninja Scroll"},{"floor":43,"key":"Gambling Chip"}],"event_choices":[{"damage_healed":0,"gold_gain":75,"player_choice":"Gather Gold","damage_taken":11,"max_hp_gain":0,"max_hp_loss":0,"event_name":"World of Goop","floor":2,"gold_loss":0},{"damage_healed":0,"gold_gain":0,"player_choice":"Entered Light","damage_taken":14,"max_hp_gain":0,"max_hp_loss":0,"event_name":"Shining Light","floor":5,"gold_loss":0,"cards_upgraded":["Strike_G","Strike_G"]},{"damage_healed":0,"gold_gain":0,"player_choice":"Success","damage_taken":7,"relics_obtained":["Pantograph"],"max_hp_gain":0,"max_hp_loss":0,"event_name":"Scrap Ooze","floor":14,"gold_loss":0},{"damage_healed":23,"gold_gain":0,"player_choice":"Heal","damage_taken":0,"max_hp_gain":0,"max_hp_loss":0,"event_name":"The Library","floor":24,"gold_loss":0},{"damage_healed":0,"gold_gain":0,"player_choice":"Traded Relic","damage_taken":0,"relics_obtained":["Nloth\u0027s Gift"],"max_hp_gain":0,"max_hp_loss":0,"event_name":"N\u0027loth","floor":28,"relics_lost":["War Paint"],"gold_loss":0},{"cards_removed":["Strike_G"],"damage_healed":0,"gold_gain":0,"player_choice":"Removed Attack","damage_taken":0,"max_hp_gain":0,"max_hp_loss":0,"event_name":"Falling","floor":36,"gold_loss":0},{"damage_healed":0,"gold_gain":0,"player_choice":"Embrace Madness","damage_taken":9,"max_hp_gain":0,"max_hp_loss":0,"event_name":"Winding Halls","floor":41,"gold_loss":0,"cards_obtained":["Madness","Madness"]}],"is_beta":false,"boss_relics":[{"not_picked":["Pandora\u0027s Box","Fusion Hammer"],"picked":"Orrery"},{"not_picked":["Ring of the Serpent","White Beast Statue"],"picked":"WristBlade"}],"items_purged_floors":[44],"is_endless":false,"potions_floor_spawned":[1,7,11,18,19,27,33,35,45],"killed_by":"Spire Growth","ascension_level":0}