{"gold_per_floor":[114,129,54,54,67,96,96,96,96,113,124,124,124,135,135,135],"floor_reached":16,"playtime":500,"items_purged":["Parasite"],"score":128,"play_id":"08387385-aa2a-4d34-aa9c-965cc9e19000","local_time":"20180921001246","is_ascension_mode":true,"campfire_choices":[{"floor":8,"key":"REST"},{"data":"Bash","floor":12,"key":"SMITH"},{"data":"Demon Form","floor":15,"key":"SMITH"}],"neow_cost":"CURSE","seed_source_timestamp":649177485908000,"circlet_count":0,"master_deck":["Strike_R","Strike_R","Strike_R","Strike_R","Defend_R","Defend_R","Defend_R","Bash+1","Demon Form+1","Seeing Red","Power Through","Shrug It Off","Feed","Armaments","Twin Strike"],"relics":["Burning Blood","Paper Frog","Self Forming Clay"],"potions_floor_usage":[6,16,16],"damage_taken":[{"damage":9,"enemies":"Small Slimes","floor":1,"turns":4},{"damage":11,"enemies":"Cultist","floor":2,"turns":4},{"damage":11,"enemies":"2 Louse","floor":5,"turns":3},{"damage":24,"enemies":"Gremlin Nob","floor":6,"turns":4},{"damage":17,"enemies":"Lots of Slimes","floor":10,"turns":6},{"damage":7,"enemies":"Looter","floor":11,"turns":5},{"damage":4,"enemies":"2 Fungi Beasts","floor":14,"turns":4},{"damage":68,"enemies":"Slime Boss","floor":16,"turns":7}],"seed_played":"2615410040221695898","potions_obtained":[{"floor":5,"key":"Weak Potion"},{"floor":10,"key":"LiquidBronze"},{"floor":11,"key":"Block Potion"}],"is_trial":false,"path_per_floor":["M","M","$","?","M","E","?","R","T","M","M","R","?","M","R"],"character_chosen":"IRONCLAD","items_purchased":[],"campfire_rested":1,"item_purchase_floors":[],"current_hp_per_floor":[77,72,72,72,67,49,49,72,72,64,63,63,63,68,68,0],"gold":135,"neow_bonus":"THREE_RARE_CARDS","is_prod":false,"is_daily":false,"chose_seed":false,"campfire_upgraded":2,"win_rate":0,"timestamp":1537503166,"path_taken":["M","M","$","?","M","E","?","R","T","?","M","R","?","M","R","BOSS"],"build_version":"2018-09-20","purchased_purges":1,"victory":false,"max_hp_per_floor":[80,80,77,77,77,77,77,77,77,80,80,80,80,83,83,83],"card_choices":[{"not_picked":["Immolate","Reaper"],"picked":"Demon Form","floor":0},{"not_picked":["Wild Strike","Havoc"],"picked":"Seeing Red","floor":1},{"not_picked":["Dual Wield","Havoc","Burning Pact"],"picked":"SKIP","floor":2},{"not_picked":["Body Slam","Sentinel"],"picked":"Shrug It Off","floor":5},{"not_picked":["Pommel Strike","Warcry"],"picked":"Feed","floor":6},{"not_picked":["Sword Boomerang","Bludgeon"],"picked":"Armaments","floor":10},{"not_picked":["Dual Wield","Anger"],"picked":"Twin Strike","floor":11},{"not_picked":["Cleave","Thunderclap","Bloodletting"],"picked":"SKIP","floor":14}],"player_experience":132733,"relics_obtained":[{"floor":6,"key":"Paper Frog"},{"floor":9,"key":"Self Forming Clay"}],"event_choices":[{"event_name":"Transmorgrifier","player_choice":"Transform","floor":4,"damage_taken":0},{"event_name":"Dead Adventurer","player_choice":"Searched \u00272\u0027 times","floor":7,"damage_taken":0},{"event_name":"Purifier","player_choice":"One Purge","floor":13,"damage_taken":0}],"is_beta":false,"boss_relics":[],"items_purged_floors":[3],"is_endless":false,"potions_floor_spawned":[5,10,11],"killed_by":"Slime Boss","ascension_level":5}