{"gold_per_floor":[119,136,106,123,138,138,168,168,168,168,243,243,254,265,265,265],"floor_reached":16,"playtime":1116,"items_purged":[],"score":158,"play_id":"7c9408dc-2110-4056-a708-90808d4bcf22","local_time":"20190225095452","is_ascension_mode":true,"campfire_choices":[{"data":"Defragment","floor":6,"key":"SMITH"},{"data":"Conserve Battery","floor":8,"key":"SMITH"},{"data":"Self Repair","floor":10,"key":"SMITH"},{"data":"Conserve Battery","floor":15,"key":"SMITH"}],"neow_cost":"NONE","seed_source_timestamp":733858453497925,"circlet_count":0,"master_deck":["AscendersBane","Strike_B","Strike_B","Strike_B","Strike_B","Defend_B","Defend_B","Defend_B","Defend_B","Zap+1","Dualcast","Conserve Battery+1","Defragment+1","Self Repair+1","Conserve Battery+1"],"relics":["Cracked Core","Oddly Smooth Stone","Boot","Smiling Mask"],"potions_floor_usage":[3,7,16,16],"damage_taken":[{"damage":0,"enemies":"Jaw Worm","floor":1,"turns":4},{"damage":0,"enemies":"Cultist","floor":2,"turns":3},{"damage":10,"enemies":"Small Slimes","floor":4,"turns":3},{"damage":7,"enemies":"Blue Slaver","floor":5,"turns":4},{"damage":36,"enemies":"3 Sentries","floor":7,"turns":9},{"damage":4,"enemies":"Exordium Thugs","floor":13,"turns":5},{"damage":0,"enemies":"2 Fungi Beasts","floor":14,"turns":3},{"damage":33,"enemies":"Slime Boss","floor":16,"turns":10}],"seed_played":"-1650863894659193733","potions_obtained":[{"floor":3,"key":"Fruit Juice"},{"floor":3,"key":"FearPotion"},{"floor":5,"key":"Ancient Potion"},{"floor":7,"key":"FocusPotion"},{"floor":13,"key":"Poison Potion"}],"is_trial":false,"path_per_floor":["M","M","?","M","M","R","E","R","T","R","?","?","M","M","R","B"],"character_chosen":"DEFECT","items_purchased":[],"campfire_rested":0,"item_purchase_floors":[],"current_hp_per_floor":[68,68,73,63,56,56,27,27,27,27,16,16,22,32,32,0],"gold":265,"neow_bonus":"RANDOM_COMMON_RELIC","is_prod":false,"is_daily":false,"chose_seed":false,"campfire_upgraded":4,"win_rate":0,"timestamp":1551084892,"path_taken":["M","M","?","?","M","R","E","R","T","R","?","?","M","M","R","BOSS"],"build_version":"2019-01-23","purchased_purges":0,"victory":false,"max_hp_per_floor":[75,75,80,80,80,80,80,80,80,80,80,80,80,80,80,80],"card_choices":[{"not_picked":["Streamline","Compile Driver"],"picked":"Conserve Battery","floor":1},{"not_picked":["Stack","Melter"],"picked":"Defragment","floor":2},{"not_picked":["Stack","Hello World","Tempest"],"picked":"SKIP","floor":4},{"not_picked":["Capacitor","Storm"],"picked":"Self Repair","floor":5},{"not_picked":["Static Discharge","Recycle","Self Repair"],"picked":"SKIP","floor":7},{"not_picked":["Blizzard","Lockon"],"picked":"Conserve Battery","floor":13},{"not_picked":["Compile Driver","Steam","Stack"],"picked":"SKIP","floor":14}],"player_experience":691212,"relics_obtained":[{"floor":7,"key":"Boot"},{"floor":9,"key":"Smiling Mask"}],"event_choices":[{"damage_healed":0,"gold_gain":0,"player_choice":"Bought 2 Potions","damage_taken":0,"max_hp_gain":0,"max_hp_loss":0,"event_name":"The Woman in Blue","floor":3,"gold_loss":0},{"damage_healed":0,"gold_gain":75,"player_choice":"Gather Gold","damage_taken":11,"max_hp_gain":0,"max_hp_loss":0,"event_name":"World of Goop","floor":11,"gold_loss":0},{"damage_healed":0,"gold_gain":0,"player_choice":"Upgraded","damage_taken":0,"max_hp_gain":0,"max_hp_loss":0,"event_name":"Upgrade Shrine","floor":12,"gold_loss":0,"cards_upgraded":["Zap"]}],"is_beta":false,"boss_relics":[],"items_purged_floors":[],"is_endless":false,"potions_floor_spawned":[5,7,13,14],"killed_by":"Slime Boss","ascension_level":11}