{"gold_per_floor":[112,112,63,81,94,94,146,171,183,195,217,206,230,259,271,381,393,419,101,101,118,118,118,134,134,134,144,155,155,173,272,272,377,377,394,14,14,33,49,49,66,78,78,89,89,107,107,123,123,123],"floor_reached":51,"playtime":1863,"items_purged":["Strike_R","Strike_R"],"score":830,"play_id":"58982b00-25d3-4e63-8f4c-3c741f0641bf","local_time":"20190426121642","is_ascension_mode":false,"campfire_choices":[{"data":"Feed","floor":6,"key":"SMITH"},{"data":"Searing Blow+1","floor":10,"key":"SMITH"},{"data":"Searing Blow+2","floor":15,"key":"SMITH"},{"data":"Searing Blow+3","floor":23,"key":"SMITH"},{"data":"Searing Blow+4","floor":25,"key":"SMITH"},{"data":"Searing Blow+5","floor":29,"key":"SMITH"},{"data":"Searing Blow+6","floor":32,"key":"SMITH"},{"data":"Searing Blow+7","floor":40,"key":"SMITH"},{"data":"Searing Blow+8","floor":45,"key":"SMITH"},{"data":"Searing Blow+9","floor":47,"key":"SMITH"},{"data":"Searing Blow+10","floor":49,"key":"SMITH"}],"neow_cost":"NONE","seed_source_timestamp":925816737419400,"circlet_count":0,"master_deck":["Strike_R+1","Strike_R","Defend_R","Defend_R","Defend_R","Defend_R","Bash","Feed+1","Shrug It Off","Anger","Searing Blow+11","Flame Barrier","Headbutt","Rampage","Double Tap+1","Seeing Red+1","Armaments+1","Bash","Disarm+1"],"relics":["Burning Blood","Whetstone","MawBank","Paper Frog","Busted Crown","Toxic Egg 2","MutagenicStrength","Mummified Hand","Velvet Choker","Bottled Flame","Frozen Egg 2"],"potions_floor_usage":[16,16,33,39,46,50,50],"damage_taken":[{"damage":5,"enemies":"Jaw Worm","floor":1,"turns":6},{"damage":1,"enemies":"Cultist","floor":4,"turns":3},{"damage":1,"enemies":"2 Louse","floor":5,"turns":3},{"damage":42,"enemies":"3 Sentries","floor":8,"turns":8},{"damage":2,"enemies":"Large Slime","floor":11,"turns":6},{"damage":4,"enemies":"Gremlin Gang","floor":13,"turns":4},{"damage":2,"enemies":"Blue Slaver","floor":14,"turns":4},{"damage":37,"enemies":"Slime Boss","floor":16,"turns":11},{"damage":12,"enemies":"3 Byrds","floor":18,"turns":5},{"damage":5,"enemies":"Chosen","floor":21,"turns":4},{"damage":17,"enemies":"Centurion and Healer","floor":24,"turns":5},{"damage":0,"enemies":"Shelled Parasite and Fungi","floor":27,"turns":3},{"damage":0,"enemies":"Sentry and Sphere","floor":28,"turns":2},{"damage":14,"enemies":"Centurion and Healer","floor":30,"turns":4},{"damage":28,"enemies":"Champ","floor":33,"turns":5},{"damage":0,"enemies":"Orb Walker","floor":35,"turns":2},{"damage":12,"enemies":"3 Darklings","floor":38,"turns":5},{"damage":0,"enemies":"Spire Growth","floor":39,"turns":1},{"damage":0,"enemies":"Writhing Mass","floor":41,"turns":1},{"damage":10,"enemies":"Sphere and 2 Shapes","floor":42,"turns":3},{"damage":12,"enemies":"Jaw Worm Horde","floor":44,"turns":3},{"damage":8,"enemies":"3 Darklings","floor":46,"turns":5},{"damage":2,"enemies":"Sphere and 2 Shapes","floor":48,"turns":2},{"damage":115,"enemies":"Awakened One","floor":50,"turns":8}],"seed_played":"-2532897242412733472","potions_obtained":[{"floor":8,"key":"Explosive Potion"},{"floor":11,"key":"Swift Potion"},{"floor":14,"key":"Strength Potion"},{"floor":16,"key":"Regen Potion"},{"floor":18,"key":"LiquidBronze"},{"floor":35,"key":"Energy Potion"},{"floor":39,"key":"Energy Potion"}],"is_trial":false,"path_per_floor":["M","?","$","M","M","R","T","E","T","R","M","?","M","M","R","B",null,"M","$","?","M","?","R","M","R","T","M","M","R","M","?","R","B",null,"M","$","?","M","M","R","M","M","T","M","R","M","R","M","R","B",null],"character_chosen":"IRONCLAD","items_purchased":["Anger","Toxic Egg 2","Bottled Flame","Armaments+1"],"campfire_rested":0,"item_purchase_floors":[3,19,36,36],"current_hp_per_floor":[83,83,83,86,89,89,89,57,57,57,65,65,71,75,75,48,105,103,103,103,108,108,108,97,97,97,107,113,113,105,105,105,83,117,117,117,117,115,121,121,121,117,117,111,111,109,109,113,113,23],"gold":123,"neow_bonus":"ONE_RANDOM_RARE_CARD","is_prod":false,"is_daily":false,"chose_seed":false,"campfire_upgraded":11,"win_rate":0,"timestamp":1556295402,"path_taken":["M","?","$","?","M","R","?","E","T","R","M","?","M","M","R","BOSS","M","$","?","M","?","R","M","R","T","?","M","R","M","?","R","BOSS","M","$","?","M","?","R","M","?","T","M","R","M","R","M","R","BOSS"],"build_version":"2019-01-23","purchased_purges":2,"victory":true,"max_hp_per_floor":[83,83,83,86,89,89,89,93,93,93,97,97,101,101,101,105,105,109,109,109,113,113,113,113,113,113,117,117,117,117,117,117,117,117,117,117,117,121,121,121,121,121,121,121,121,121,121,121,121,125],"card_choices":[{"not_picked":["Heavy Blade","Blood for Blood"],"picked":"Shrug It Off","floor":1},{"not_picked":["Feel No Pain","Clothesline"],"picked":"Searing Blow","floor":4},{"not_picked":["Rupture","Havoc","Sword Boomerang"],"picked":"SKIP","floor":5},{"not_picked":["Cleave","Armaments"],"picked":"Flame Barrier","floor":8},{"not_picked":["Corruption","Rupture"],"picked":"Headbutt","floor":11},{"not_picked":["Anger","Disarm"],"picked":"Rampage","floor":13},{"not_picked":["Perfected Strike","Cleave","Searing Blow"],"picked":"SKIP","floor":14},{"not_picked":["Offering","Exhume"],"picked":"Double Tap","floor":16},{"not_picked":["Havoc"],"picked":"SKIP","floor":18},{"not_picked":["Thunderclap+1"],"picked":"SKIP","floor":21},{"not_picked":[],"picked":"Seeing Red+1","floor":24},{"not_picked":["Twin Strike"],"picked":"SKIP","floor":27},{"not_picked":["Havoc+1"],"picked":"SKIP","floor":28},{"not_picked":["Corruption"],"picked":"SKIP","floor":30},{"not_picked":["Corruption"],"picked":"SKIP","floor":30},{"not_picked":["True Grit+1"],"picked":"SKIP","floor":35},{"not_picked":["Burning Pact+1"],"picked":"SKIP","floor":38},{"not_picked":["Armaments+1"],"picked":"SKIP","floor":39},{"not_picked":["Body Slam+1"],"picked":"SKIP","floor":41},{"not_picked":["Headbutt"],"picked":"SKIP","floor":42},{"not_picked":["Shrug It Off+1"],"picked":"SKIP","floor":44},{"not_picked":["Evolve+1"],"picked":"SKIP","floor":46},{"not_picked":["Sentinel+1"],"picked":"SKIP","floor":48}],"player_experience":248661,"relics_obtained":[{"floor":7,"key":"Whetstone"},{"floor":8,"key":"MawBank"},{"floor":9,"key":"Paper Frog"},{"floor":26,"key":"Mummified Hand"},{"floor":43,"key":"Frozen Egg 2"}],"event_choices":[{"cards_removed":["Strike_R"],"damage_healed":0,"gold_gain":0,"player_choice":"Offered Basic","damage_taken":0,"max_hp_gain":0,"max_hp_loss":0,"event_name":"Bonfire Elementals","floor":2,"gold_loss":0},{"damage_healed":0,"gold_gain":0,"player_choice":"Left Gold","damage_taken":0,"max_hp_gain":0,"max_hp_loss":0,"event_name":"World of Goop","floor":12,"gold_loss":23},{"damage_healed":0,"gold_gain":0,"player_choice":"Inject Mutagens","damage_taken":0,"relics_obtained":["MutagenicStrength"],"max_hp_gain":0,"max_hp_loss":0,"event_name":"Drug Dealer","floor":20,"gold_loss":0},{"damage_healed":0,"gold_gain":0,"player_choice":"Upgraded","damage_taken":0,"max_hp_gain":0,"max_hp_loss":0,"event_name":"Upgrade Shrine","floor":22,"gold_loss":0,"cards_upgraded":["Double Tap"]},{"damage_healed":0,"gold_gain":99,"player_choice":"Stole From Cult","damage_taken":0,"max_hp_gain":0,"max_hp_loss":0,"event_name":"Nest","floor":31,"gold_loss":0},{"damage_healed":0,"gold_gain":0,"player_choice":"2 cards matched","damage_taken":0,"max_hp_gain":0,"max_hp_loss":0,"event_name":"Match and Keep!","floor":37,"gold_loss":0,"cards_obtained":["Bash","Disarm"]}],"is_beta":false,"boss_relics":[{"not_picked":["Lizard Tail","Cursed Key"],"picked":"Busted Crown"},{"not_picked":["Runic Cube","Pandora\u0027s Box"],"picked":"Velvet Choker"}],"items_purged_floors":[19,36],"is_endless":false,"potions_floor_spawned":[8,11,14,16,18,27,30,35,39,41],"ascension_level":0}