{"gold_per_floor":[119,130,130,28,103,103,129,144,170,170,170,189,189,222,222,320,320,332,104,117,117],"floor_reached":21,"playtime":855,"items_purged":["Regret","Strike_B"],"score":276,"play_id":"a2a61054-54cb-4f4e-8401-7d5593f33649","local_time":"20190426101307","is_ascension_mode":true,"campfire_choices":[{"data":"Zap","floor":6,"key":"SMITH"},{"floor":11,"key":"REST"},{"data":"Defragment","floor":13,"key":"SMITH"},{"data":"White Noise","floor":15,"key":"SMITH"}],"neow_cost":"NONE","seed_source_timestamp":58474454628896,"circlet_count":0,"master_deck":["Strike_B","Strike_B","Strike_B","Defend_B","Defend_B","Defend_B","Defend_B+1","Zap+1","Dualcast","White Noise+1","Glacier+1","Coolheaded","Parasite","Defragment+1","Heatsinks","Seek","Undo","Conserve Battery","Genetic Algorithm+1"],"relics":["FrozenCore","Smiling Mask","Oddly Smooth Stone","War Paint","Anchor","Dream Catcher","Lantern"],"potions_floor_usage":[7],"damage_taken":[{"damage":4,"enemies":"Jaw Worm","floor":1,"turns":3},{"damage":12,"enemies":"2 Louse","floor":2,"turns":3},{"damage":26,"enemies":"Gremlin Nob","floor":7,"turns":5},{"damage":0,"enemies":"Small Slimes","floor":8,"turns":3},{"damage":0,"enemies":"3 Louse","floor":12,"turns":4},{"damage":0,"enemies":"Lagavulin","floor":14,"turns":7},{"damage":17,"enemies":"The Guardian","floor":16,"turns":19},{"damage":10,"enemies":"Chosen","floor":18,"turns":8},{"damage":3,"enemies":"Spheric Guardian","floor":20,"turns":7},{"damage":70,"enemies":"3 Cultists","floor":21,"turns":6}],"seed_played":"-3682510045662387648","potions_obtained":[{"floor":1,"key":"EssenceOfSteel"},{"floor":7,"key":"Dexterity Potion"},{"floor":12,"key":"Strength Potion"}],"is_trial":false,"path_per_floor":["?","?","?"],"character_chosen":"DEFECT","items_purchased":["PowerPotion","Conserve Battery","Lantern"],"campfire_rested":1,"item_purchase_floors":[4,19,19],"current_hp_per_floor":[64,52,52,52,41,41,15,15,15,33,55,55,55,55,55,38,66,56,56,53,0],"gold":117,"neow_bonus":"RANDOM_COMMON_RELIC","is_prod":false,"is_daily":false,"chose_seed":false,"campfire_upgraded":3,"win_rate":0,"timestamp":1556248387,"path_taken":["M","M","?","$","?","R","E","M","T","?","R","M","R","E","R","BOSS","M","$","M","M"],"build_version":"2019-01-23","purchased_purges":2,"victory":false,"max_hp_per_floor":[75,75,75,75,75,75,75,75,75,75,75,75,75,75,75,75,75,75,75,75,75],"card_choices":[{"not_picked":["Barrage","Streamline"],"picked":"White Noise","floor":1},{"not_picked":["Hologram","Storm"],"picked":"Glacier","floor":2},{"not_picked":["Recycle","Stack","Steam"],"picked":"SKIP","floor":7},{"not_picked":["Skim","Turbo"],"picked":"Coolheaded","floor":8},{"not_picked":["Cold Snap","Leap"],"picked":"Defragment","floor":12},{"not_picked":["Barrage","Beam Cell"],"picked":"Heatsinks","floor":14},{"not_picked":["Core Surge","Multi-Cast"],"picked":"Seek","floor":16},{"not_picked":["Hologram","Streamline"],"picked":"Undo","floor":18},{"not_picked":["Coolheaded+1","Beam Cell"],"picked":"Genetic Algorithm+1","floor":20}],"player_experience":89877,"relics_obtained":[{"floor":7,"key":"War Paint"},{"floor":9,"key":"Anchor"},{"floor":14,"key":"Dream Catcher"}],"event_choices":[{"damage_healed":0,"gold_gain":0,"player_choice":"Box","damage_taken":0,"relics_obtained":["Oddly Smooth Stone"],"max_hp_gain":0,"max_hp_loss":0,"event_name":"Big Fish","floor":3,"gold_loss":0,"cards_obtained":["Regret"]},{"damage_healed":0,"gold_gain":75,"player_choice":"Gather Gold","damage_taken":11,"max_hp_gain":0,"max_hp_loss":0,"event_name":"World of Goop","floor":5,"gold_loss":0},{"damage_healed":18,"gold_gain":0,"player_choice":"Healed and dodged fight","damage_taken":0,"max_hp_gain":0,"max_hp_loss":0,"event_name":"Mushrooms","floor":10,"gold_loss":0,"cards_obtained":["Parasite"]}],"is_beta":false,"boss_relics":[{"not_picked":["Busted Crown","Coffee Dripper"],"picked":"FrozenCore"}],"items_purged_floors":[4,19],"is_endless":false,"potions_floor_spawned":[1,7,12,18],"killed_by":"3 Cultists","ascension_level":6}