{"gold_per_floor":[110,123,123,143,166,166,166,166,166,166,187,9,24,57,57,180,180,201,63,83,98,118,157,157,177,177,190,208,308,308,332,332,457,457,480,500,520,520],"floor_reached":38,"playtime":1699,"items_purged":["Regret"],"score":429,"play_id":"50a9e1b0-842e-400d-8996-7e5f9387d242","local_time":"20190414105033","is_ascension_mode":false,"campfire_choices":[{"data":"Limit Break","floor":6,"key":"SMITH"},{"floor":8,"key":"REST"},{"floor":15,"key":"REST"},{"floor":24,"key":"REST"},{"floor":30,"key":"REST"},{"floor":32,"key":"REST"}],"neow_cost":"CURSE","seed_source_timestamp":3567818183300,"circlet_count":0,"master_deck":["Bash","Limit Break+1","Twin Strike","Flex","Spot Weakness","Heavy Blade","Dual Wield","Heavy Blade","Double Tap","Apotheosis","Flex+1","Anger","Immolate","Bloodletting","Sword Boomerang","Iron Wave","Flame Barrier","Barricade","Infernal Blade","Demon Form","Dropkick","Sword Boomerang+1"],"relics":["Burning Blood","Golden Idol","The Courier","GremlinMask","Vajra","Ornamental Fan","Busted Crown","Bottled Lightning","Dead Branch","Pandora\u0027s Box"],"potions_floor_usage":[14,20,22,23,33,33,36],"damage_taken":[{"damage":9,"enemies":"Jaw Worm","floor":1,"turns":4},{"damage":2,"enemies":"2 Louse","floor":2,"turns":3},{"damage":0,"enemies":"Small Slimes","floor":4,"turns":2},{"damage":10,"enemies":"Gremlin Gang","floor":5,"turns":7},{"damage":28,"enemies":"Exordium Wildlife","floor":11,"turns":5},{"damage":16,"enemies":"Lots of Slimes","floor":13,"turns":4},{"damage":26,"enemies":"Lagavulin","floor":14,"turns":7},{"damage":34,"enemies":"Hexaghost","floor":16,"turns":7},{"damage":13,"enemies":"Spheric Guardian","floor":18,"turns":4},{"damage":12,"enemies":"Shell Parasite","floor":20,"turns":3},{"damage":6,"enemies":"Cultist and Chosen","floor":21,"turns":5},{"damage":27,"enemies":"Snake Plant","floor":22,"turns":4},{"damage":18,"enemies":"Book of Stabbing","floor":23,"turns":4},{"damage":15,"enemies":"Snecko","floor":25,"turns":3},{"damage":18,"enemies":"Shelled Parasite and Fungi","floor":27,"turns":3},{"damage":13,"enemies":"Snake Plant","floor":28,"turns":4},{"damage":15,"enemies":"Chosen and Byrds","floor":31,"turns":7},{"damage":49,"enemies":"Automaton","floor":33,"turns":7},{"damage":54,"enemies":"3 Shapes","floor":35,"turns":3},{"damage":17,"enemies":"Orb Walker","floor":36,"turns":3},{"damage":19,"enemies":"Jaw Worm Horde","floor":37,"turns":3},{"damage":24,"enemies":"Maw","floor":38,"turns":2}],"seed_played":"3416967671117334351","potions_obtained":[{"floor":2,"key":"Swift Potion"},{"floor":4,"key":"GamblersBrew"},{"floor":13,"key":"AttackPotion"},{"floor":16,"key":"Weak Potion"},{"floor":18,"key":"EssenceOfSteel"},{"floor":25,"key":"Strength Potion"},{"floor":28,"key":"Weak Potion"},{"floor":33,"key":"SteroidPotion"},{"floor":35,"key":"GamblersBrew"},{"floor":36,"key":"Swift Potion"}],"is_trial":false,"path_per_floor":["M","M","?","M","M","R","?","R","T","?","M","$","M","E","R","B",null,"M","$","M","M","M","E","R","M","T","M","M","?","R","M","R","B",null,"M","M","M","M"],"character_chosen":"IRONCLAD","items_purchased":["Vajra","Apotheosis"],"campfire_rested":5,"item_purchase_floors":[12,19],"current_hp_per_floor":[77,80,60,66,62,62,55,79,79,79,57,57,47,27,51,23,80,73,73,67,67,46,34,58,49,49,37,30,30,54,45,69,26,80,32,21,8,0],"gold":520,"neow_bonus":"THREE_RARE_CARDS","is_prod":false,"is_daily":false,"chose_seed":false,"campfire_upgraded":1,"win_rate":0,"timestamp":1555264233,"path_taken":["M","M","?","M","M","R","?","R","T","?","M","$","M","E","R","BOSS","M","$","M","?","M","E","R","M","T","?","M","?","R","M","R","BOSS","M","?","M","?"],"build_version":"2019-01-23","purchased_purges":1,"victory":false,"max_hp_per_floor":[80,80,80,80,80,80,80,80,80,80,80,80,80,80,80,80,80,80,80,80,80,80,80,80,80,80,80,80,80,80,80,80,80,80,80,80,80,80],"card_choices":[{"not_picked":["Reaper","Berserk"],"picked":"Limit Break","floor":0},{"not_picked":["Power Through","Pommel Strike"],"picked":"Twin Strike","floor":1},{"not_picked":["Sentinel","Fire Breathing"],"picked":"Flex","floor":2},{"not_picked":["Clash","Body Slam"],"picked":"Spot Weakness","floor":4},{"not_picked":["Dual Wield","Evolve"],"picked":"Heavy Blade","floor":5},{"not_picked":["Warcry","Second Wind"],"picked":"Dual Wield","floor":11},{"not_picked":["Thunderclap","Sword Boomerang","Armaments"],"picked":"SKIP","floor":13},{"not_picked":["Exhume","Thunderclap"],"picked":"Heavy Blade","floor":14},{"not_picked":["Reaper","Offering"],"picked":"Double Tap","floor":16},{"not_picked":["Pommel Strike"],"picked":"SKIP","floor":18},{"not_picked":["Havoc"],"picked":"SKIP","floor":20},{"not_picked":[],"picked":"Flex+1","floor":21},{"not_picked":["Entrench"],"picked":"SKIP","floor":22},{"not_picked":["Flex"],"picked":"SKIP","floor":23},{"not_picked":[],"picked":"Anger","floor":25},{"not_picked":["Entrench"],"picked":"SKIP","floor":27},{"not_picked":["Armaments"],"picked":"SKIP","floor":28},{"not_picked":["Carnage"],"picked":"SKIP","floor":31},{"not_picked":[],"picked":"Immolate","floor":33},{"not_picked":["Pummel+1"],"picked":"SKIP","floor":35},{"not_picked":["Clothesline+1"],"picked":"SKIP","floor":36},{"not_picked":[],"picked":"Sword Boomerang+1","floor":37}],"player_experience":137681,"relics_obtained":[{"floor":9,"key":"The Courier"},{"floor":14,"key":"Ornamental Fan"},{"floor":23,"key":"Bottled Lightning"},{"floor":26,"key":"Dead Branch"}],"event_choices":[{"damage_healed":0,"gold_gain":0,"player_choice":"Take Damage","damage_taken":20,"relics_obtained":["Golden Idol"],"max_hp_gain":0,"max_hp_loss":0,"event_name":"Golden Idol","floor":3,"gold_loss":0},{"cards_removed":["Strike_R"],"damage_healed":0,"gold_gain":0,"player_choice":"Card Removal","damage_taken":7,"max_hp_gain":0,"max_hp_loss":0,"event_name":"Golden Wing","floor":7,"gold_loss":0},{"damage_healed":0,"gold_gain":0,"player_choice":"Trade","damage_taken":0,"relics_obtained":["GremlinMask"],"max_hp_gain":0,"max_hp_loss":0,"event_name":"FaceTrader","floor":10,"gold_loss":0},{"damage_healed":0,"gold_gain":100,"player_choice":"Pray","damage_taken":0,"max_hp_gain":0,"max_hp_loss":0,"event_name":"Golden Shrine","floor":29,"gold_loss":0}],"is_beta":false,"boss_relics":[{"not_picked":["Cursed Key","Tiny House"],"picked":"Busted Crown"},{"not_picked":["Empty Cage","Black Star"],"picked":"Pandora\u0027s Box"}],"items_purged_floors":[12],"is_endless":false,"potions_floor_spawned":[2,4,13,16,18,25,28,33,35,36],"killed_by":"Maw","ascension_level":0}