{"gold_per_floor":[119,135,96,96,22,51,61,87,117,137,163,163,163,194,194,317,317,342,193,193,2,20,51,64,99,124,168,187,187,202,202,202,327,327,350,368,382,396,421,421,465,465,519,533,573,573,625,655,667,679],"floor_reached":51,"playtime":2826,"items_purged":["Defend_R"],"score":977,"play_id":"7c8a8026-b752-4527-b22e-f5c9cc71be63","local_time":"20190426134617","is_ascension_mode":false,"campfire_choices":[{"data":"Shockwave","floor":15,"key":"SMITH"},{"data":"Demon Form","floor":29,"key":"SMITH"},{"data":"Uppercut","floor":32,"key":"SMITH"},{"data":"Battle Trance","floor":40,"key":"SMITH"},{"data":"Bash","floor":42,"key":"SMITH"},{"data":"Limit Break","floor":49,"key":"SMITH"}],"neow_cost":"NONE","seed_source_timestamp":1218311714190500,"circlet_count":0,"master_deck":["Strike_R","Strike_R","Strike_R","Strike_R","Strike_R","Defend_R","Defend_R","Defend_R","Bash+1","Iron Wave","Iron Wave","Flame Barrier+1","Shockwave+1","Impervious+1","Armaments+1","Shrug It Off","Anger","Battle Trance+1","Demon Form+1","Shrug It Off+1","Metallicize","Uppercut+1","Spot Weakness+1","Corruption+1","Reaper+1","Sword Boomerang+1","Whirlwind+1","Feed+1","Pommel Strike+1","Burning Pact+1","Headbutt+1","True Grit+1","Headbutt+1","Pummel+1","Limit Break+1","Flame Barrier+1"],"relics":["Burning Blood","Blood Vial","Mummified Hand","Dodecahedron","Tiny Chest","Thread and Needle","Golden Idol","Ice Cream","Velvet Choker","Lantern","Happy Flower","Molten Egg 2","War Paint","Paper Frog","Mango","Coffee Dripper","Oddly Smooth Stone","Vajra","Shuriken","MawBank","Orichalcum"],"potions_floor_usage":[6,8,10,11,16,18,23,24,37,45,50,50],"damage_taken":[{"damage":1,"enemies":"Small Slimes","floor":1,"turns":3},{"damage":1,"enemies":"Cultist","floor":2,"turns":4},{"damage":24,"enemies":"Lagavulin","floor":6,"turns":9},{"damage":3,"enemies":"Jaw Worm","floor":7,"turns":3},{"damage":13,"enemies":"3 Sentries","floor":8,"turns":9},{"damage":8,"enemies":"Gremlin Gang","floor":10,"turns":7},{"damage":22,"enemies":"Gremlin Nob","floor":11,"turns":6},{"damage":5,"enemies":"Lagavulin","floor":14,"turns":9},{"damage":10,"enemies":"The Guardian","floor":16,"turns":11},{"damage":0,"enemies":"2 Thieves","floor":18,"turns":5},{"damage":0,"enemies":"Chosen","floor":22,"turns":5},{"damage":0,"enemies":"Gremlin Leader","floor":23,"turns":6},{"damage":0,"enemies":"Snake Plant","floor":24,"turns":4},{"damage":3,"enemies":"Book of Stabbing","floor":25,"turns":5},{"damage":0,"enemies":"Gremlin Leader","floor":27,"turns":6},{"damage":0,"enemies":"Cultist and Chosen","floor":28,"turns":4},{"damage":0,"enemies":"Centurion and Healer","floor":30,"turns":4},{"damage":33,"enemies":"Automaton","floor":33,"turns":8},{"damage":0,"enemies":"3 Darklings","floor":35,"turns":2},{"damage":0,"enemies":"3 Shapes","floor":36,"turns":6},{"damage":0,"enemies":"Spire Growth","floor":37,"turns":4},{"damage":0,"enemies":"Writhing Mass","floor":38,"turns":5},{"damage":0,"enemies":"Transient","floor":39,"turns":5},{"damage":0,"enemies":"Giant Head","floor":41,"turns":4},{"damage":0,"enemies":"Maw","floor":44,"turns":7},{"damage":32,"enemies":"Nemesis","floor":45,"turns":5},{"damage":0,"enemies":"Reptomancer","floor":47,"turns":4},{"damage":0,"enemies":"Spire Growth","floor":48,"turns":3},{"damage":12,"enemies":"Donu and Deca","floor":50,"turns":4}],"seed_played":"2170076010686314334","potions_obtained":[{"floor":0,"key":"GamblersBrew"},{"floor":0,"key":"Fire Potion"},{"floor":0,"key":"LiquidBronze"},{"floor":2,"key":"SteroidPotion"},{"floor":6,"key":"Poison Potion"},{"floor":8,"key":"Weak Potion"},{"floor":13,"key":"GamblersBrew"},{"floor":13,"key":"SteroidPotion"},{"floor":14,"key":"Strength Potion"},{"floor":16,"key":"Dexterity Potion"},{"floor":18,"key":"Swift Potion"},{"floor":25,"key":"Regen Potion"},{"floor":28,"key":"Energy Potion"},{"floor":35,"key":"Block Potion"},{"floor":36,"key":"Block Potion"},{"floor":39,"key":"Dexterity Potion"}],"is_trial":false,"path_per_floor":["M","M","$","?","$","E","M","E","T","M","E","?","?","E","R","B",null,"M","$","?","$","M","E","M","E","T","E","M","R","M","T","R","B",null,"M","M","M","M","M","R","E","R","T","M","E","?","E","M","R","B",null],"character_chosen":"IRONCLAD","items_purchased":["Flame Barrier","Shockwave","Metallicize","Lantern","Uppercut"],"campfire_rested":0,"item_purchase_floors":[3,5,19,21,21],"current_hp_per_floor":[80,80,80,73,73,57,62,57,57,57,43,43,43,46,46,44,74,74,74,74,74,74,74,74,74,74,74,74,74,74,88,88,85,88,88,92,96,96,96,96,96,96,96,96,96,96,96,96,96,100],"gold":691,"neow_bonus":"THREE_SMALL_POTIONS","is_prod":false,"is_daily":false,"chose_seed":false,"campfire_upgraded":6,"win_rate":1,"timestamp":1556311577,"path_taken":["M","M","$","?","$","E","M","E","T","M","E","?","?","E","R","BOSS","M","?","?","$","?","E","M","E","T","E","M","R","?","?","R","BOSS","M","M","M","M","M","R","E","R","T","M","E","?","E","?","R","BOSS"],"build_version":"2019-01-23","purchased_purges":1,"victory":true,"max_hp_per_floor":[80,80,80,80,80,80,80,80,80,80,80,74,74,74,74,74,74,74,74,74,74,74,74,74,74,74,74,74,74,74,88,88,88,88,88,92,96,96,96,96,96,96,96,96,96,96,96,96,96,100],"card_choices":[{"not_picked":["Flex","Pummel"],"picked":"Iron Wave","floor":1},{"not_picked":["Warcry","Flex"],"picked":"Iron Wave","floor":2},{"not_picked":["Wild Strike","Intimidate"],"picked":"Impervious","floor":6},{"not_picked":["Thunderclap","Clash"],"picked":"Armaments","floor":7},{"not_picked":["Flame Barrier","Dropkick"],"picked":"Shrug It Off","floor":8},{"not_picked":["Body Slam","Twin Strike"],"picked":"Anger","floor":10},{"not_picked":["Clash","Pommel Strike"],"picked":"Battle Trance","floor":11},{"not_picked":["Combust","Flex","Shockwave"],"picked":"SKIP","floor":14},{"not_picked":["Bludgeon","Impervious"],"picked":"Demon Form","floor":16},{"not_picked":["Twin Strike","Evolve"],"picked":"Shrug It Off+1","floor":18},{"not_picked":["Thunderclap","Clash","Havoc"],"picked":"SKIP","floor":22},{"not_picked":["Burning Pact","Blood for Blood+1"],"picked":"Anger","floor":23},{"not_picked":["Intimidate","Rupture"],"picked":"Spot Weakness+1","floor":24},{"not_picked":["Shrug It Off","Rupture"],"picked":"Corruption+1","floor":25},{"not_picked":["Juggernaut","Rampage+1"],"picked":"Reaper+1","floor":27},{"not_picked":["Corruption","Wild Strike+1"],"picked":"Sword Boomerang+1","floor":28},{"not_picked":["Blood for Blood+1","Thunderclap+1"],"picked":"Whirlwind+1","floor":30},{"not_picked":["Dark Embrace","Impervious"],"picked":"Feed+1","floor":33},{"not_picked":["Thunderclap+1","Rampage+1"],"picked":"Pommel Strike+1","floor":35},{"not_picked":["Twin Strike+1","Blood for Blood+1"],"picked":"Burning Pact+1","floor":36},{"not_picked":["Whirlwind+1","Cleave+1"],"picked":"Headbutt+1","floor":37},{"not_picked":["Twin Strike+1","Offering"],"picked":"True Grit+1","floor":38},{"not_picked":["Body Slam+1","True Grit+1"],"picked":"Headbutt+1","floor":39},{"not_picked":["Ghostly Armor","Rampage+1"],"picked":"Pummel+1","floor":41},{"not_picked":["Infernal Blade","Pommel Strike+1","Body Slam+1"],"picked":"SKIP","floor":44},{"not_picked":["Perfected Strike+1","Clash+1","Armaments+1"],"picked":"SKIP","floor":45},{"not_picked":["Inflame+1","Berserk"],"picked":"Limit Break","floor":47},{"not_picked":["Second Wind","Flex+1"],"picked":"Flame Barrier+1","floor":48}],"player_experience":602631,"relics_obtained":[{"floor":6,"key":"Mummified Hand"},{"floor":8,"key":"Dodecahedron"},{"floor":9,"key":"Tiny Chest"},{"floor":11,"key":"Thread and Needle"},{"floor":14,"key":"Ice Cream"},{"floor":23,"key":"Happy Flower"},{"floor":25,"key":"Molten Egg 2"},{"floor":26,"key":"War Paint"},{"floor":27,"key":"Paper Frog"},{"floor":31,"key":"Mango"},{"floor":41,"key":"Oddly Smooth Stone"},{"floor":43,"key":"Vajra"},{"floor":45,"key":"Shuriken"},{"floor":47,"key":"Orichalcum"}],"event_choices":[{"damage_healed":0,"gold_gain":0,"player_choice":"Success","damage_taken":7,"relics_obtained":["Blood Vial"],"max_hp_gain":0,"max_hp_loss":0,"event_name":"Scrap Ooze","floor":4,"gold_loss":0},{"damage_healed":0,"gold_gain":0,"player_choice":"Lose Max HP","damage_taken":0,"relics_obtained":["Golden Idol"],"max_hp_gain":0,"max_hp_loss":6,"event_name":"Golden Idol","floor":12,"gold_loss":0},{"damage_healed":0,"gold_gain":0,"player_choice":"Got Potions","damage_taken":0,"max_hp_gain":0,"max_hp_loss":0,"event_name":"Lab","floor":13,"gold_loss":0},{"damage_healed":0,"gold_gain":0,"player_choice":"Upgraded","damage_taken":0,"max_hp_gain":0,"max_hp_loss":0,"event_name":"Upgrade Shrine","floor":20,"gold_loss":0,"cards_upgraded":["Armaments"]},{"cards_removed":["Anger"],"damage_healed":0,"gold_gain":0,"player_choice":"Gave Card","damage_taken":0,"relics_obtained":["MawBank"],"max_hp_gain":0,"max_hp_loss":0,"event_name":"WeMeetAgain","floor":46,"gold_loss":0}],"is_beta":false,"boss_relics":[{"not_picked":["Runic Pyramid","Busted Crown"],"picked":"Velvet Choker"},{"not_picked":["Sozu","Pandora\u0027s Box"],"picked":"Coffee Dripper"}],"items_purged_floors":[19],"is_endless":false,"potions_floor_spawned":[2,6,8,14,16,18,25,28,35,36,39],"ascension_level":0}