{"gold_per_floor":[114,129,144,144,73,73,103,118,118,133,148,163,163,178,178,278,278,293,308,308,323,338,338],"floor_reached":23,"playtime":1441,"items_purged":[],"score":199,"play_id":"e0de0ecb-09a1-416b-8bda-71c035140d6c","local_time":"20190412002636","daily_mods":["Draft","Uncertain Future","Binary"],"is_ascension_mode":false,"campfire_choices":[{"data":"Noxious Fumes","floor":6,"key":"SMITH"},{"floor":15,"key":"REST"}],"neow_cost":"","seed_source_timestamp":0,"circlet_count":0,"master_deck":["Backflip","Sucker Punch","PiercingWail","Dagger Throw","Backflip","Quick Slash","Backflip","Sucker Punch","Cloak And Dagger","Dash","PiercingWail","Quick Slash","Well Laid Plans","Caltrops","Poisoned Stab","Noxious Fumes+1","Poisoned Stab","Caltrops","Escape Plan","Calculated Gamble","Slice","Flying Knee","After Image+1","Dodge and Roll+1"],"special_seed":17997,"relics":["Ring of the Snake","FaceOfCleric","Shovel","Dead Branch","Runic Pyramid"],"potions_floor_usage":[23,23,23],"damage_taken":[{"damage":0,"enemies":"Cultist","floor":1,"turns":3},{"damage":0,"enemies":"Jaw Worm","floor":2,"turns":3},{"damage":2,"enemies":"2 Louse","floor":3,"turns":3},{"damage":13,"enemies":"3 Sentries","floor":7,"turns":7},{"damage":1,"enemies":"Blue Slaver","floor":8,"turns":4},{"damage":2,"enemies":"Gremlin Gang","floor":10,"turns":5},{"damage":0,"enemies":"2 Fungi Beasts","floor":11,"turns":3},{"damage":14,"enemies":"Exordium Thugs","floor":12,"turns":5},{"damage":0,"enemies":"3 Louse","floor":14,"turns":4},{"damage":18,"enemies":"Hexaghost","floor":16,"turns":8},{"damage":24,"enemies":"2 Thieves","floor":18,"turns":5},{"damage":0,"enemies":"Chosen","floor":19,"turns":5},{"damage":5,"enemies":"Shelled Parasite and Fungi","floor":21,"turns":8},{"damage":27,"enemies":"Snecko","floor":22,"turns":5},{"damage":31,"enemies":"Slavers","floor":23,"turns":3}],"seed_played":"6366022716300994326","potions_obtained":[{"floor":7,"key":"Swift Potion"},{"floor":10,"key":"Poison Potion"},{"floor":11,"key":"Ancient Potion"},{"floor":16,"key":"Dexterity Potion"},{"floor":22,"key":"PowerPotion"}],"is_trial":false,"path_per_floor":["?","M","?","M","?"],"character_chosen":"THE_SILENT","items_purchased":["Noxious Fumes"],"campfire_rested":1,"item_purchase_floors":[5],"current_hp_per_floor":[70,70,68,68,68,68,56,56,56,55,56,43,43,44,66,49,77,54,55,55,51,25,0],"gold":338,"neow_bonus":"","is_prod":false,"is_daily":true,"chose_seed":false,"campfire_upgraded":1,"win_rate":1,"timestamp":1555003596,"path_taken":["M","M","M","?","$","R","E","M","T","M","?","M","?","M","R","BOSS","M","?","?","M","M","E"],"build_version":"2019-01-23","purchased_purges":0,"victory":false,"max_hp_per_floor":[70,70,70,70,70,70,71,72,72,73,74,75,75,76,76,77,77,78,79,79,80,81,81],"card_choices":[{"not_picked":["Underhanded Strike","Prepared"],"picked":"Backflip","floor":0},{"not_picked":["Outmaneuver","Deflect"],"picked":"Sucker Punch","floor":0},{"not_picked":["Outmaneuver","Deadly Poison"],"picked":"PiercingWail","floor":0},{"not_picked":["Tactician","Reflex"],"picked":"Dagger Throw","floor":0},{"not_picked":["Dodge and Roll","Sucker Punch"],"picked":"Backflip","floor":0},{"not_picked":["Outmaneuver","Cloak And Dagger"],"picked":"Quick Slash","floor":0},{"not_picked":["Heel Hook","Dodge and Roll"],"picked":"Backflip","floor":0},{"not_picked":["Underhanded Strike","Acrobatics"],"picked":"Sucker Punch","floor":0},{"not_picked":["Prepared","Bane"],"picked":"Cloak And Dagger","floor":0},{"not_picked":["Prepared","Sucker Punch"],"picked":"Dagger Throw","floor":0},{"not_picked":["Quick Slash","Deadly Poison"],"picked":"Dash","floor":0},{"not_picked":["Heel Hook","Catalyst"],"picked":"PiercingWail","floor":0},{"not_picked":["Bane","Reflex"],"picked":"Quick Slash","floor":0},{"not_picked":["Blade Dance","Blur"],"picked":"Well Laid Plans","floor":0},{"not_picked":["Underhanded Strike","Prepared"],"picked":"Caltrops","floor":0},{"not_picked":["Terror","Blade Dance"],"picked":"SKIP","floor":1},{"not_picked":["Dodge and Roll"],"picked":"Poisoned Stab","floor":2},{"not_picked":["Predator","Setup"],"picked":"SKIP","floor":3},{"not_picked":["All Out Attack"],"picked":"Poisoned Stab","floor":7},{"not_picked":["Deadly Poison"],"picked":"Caltrops","floor":8},{"not_picked":["Finisher"],"picked":"Escape Plan","floor":10},{"not_picked":["Finisher","Underhanded Strike"],"picked":"SKIP","floor":11},{"not_picked":["Bouncing Flask"],"picked":"Calculated Gamble","floor":12},{"not_picked":["Blade Dance"],"picked":"Flying Knee","floor":14},{"not_picked":["Grand Finale"],"picked":"After Image","floor":16},{"not_picked":["Masterful Stab","Slice"],"picked":"SKIP","floor":18},{"not_picked":["Riddle With Holes","Acrobatics"],"picked":"SKIP","floor":19},{"not_picked":["Bane"],"picked":"Dodge and Roll+1","floor":21},{"not_picked":["Prepared","Finisher"],"picked":"SKIP","floor":22}],"player_experience":10329,"relics_obtained":[{"floor":7,"key":"Shovel"},{"floor":9,"key":"Dead Branch"}],"event_choices":[{"damage_healed":0,"gold_gain":0,"player_choice":"Trade","damage_taken":0,"relics_obtained":["FaceOfCleric"],"max_hp_gain":0,"max_hp_loss":0,"event_name":"FaceTrader","floor":4,"gold_loss":0},{"damage_healed":0,"gold_gain":0,"cards_transformed":["Dagger Throw"],"player_choice":"Transformed","damage_taken":0,"max_hp_gain":0,"max_hp_loss":0,"event_name":"Transmorgrifier","floor":13,"gold_loss":0,"cards_obtained":["Slice"]},{"damage_healed":0,"gold_gain":0,"player_choice":"Upgraded","damage_taken":0,"max_hp_gain":0,"max_hp_loss":0,"event_name":"Upgrade Shrine","floor":20,"gold_loss":0,"cards_upgraded":["After Image"]}],"is_beta":false,"boss_relics":[{"not_picked":["WristBlade","Snecko Eye"],"picked":"Runic Pyramid"}],"items_purged_floors":[],"is_endless":false,"potions_floor_spawned":[7,10,11,16,19,22],"killed_by":"Slavers","ascension_level":0}