{"gold_per_floor":[114,64,64,64,80,110,125,155,208,222,222,280,355,365,365,463,513,485,485,485,496,31,58,58,72,141,170,249,269,45,80,80,184,184,197,419,45,45,56,56,66,16,16,27,27,127,145,105,105,105],"floor_reached":50,"playtime":2741,"items_purged":["Defend_R","Strike_R"],"score":613,"play_id":"542aaefd-04c8-4ea0-8d1d-ba488e854e63","local_time":"20190411092246","is_ascension_mode":false,"campfire_choices":[{"data":"Anger","floor":11,"key":"SMITH"},{"floor":15,"key":"REST"},{"floor":24,"key":"REST"},{"floor":32,"key":"REST"},{"floor":40,"key":"REST"},{"floor":45,"key":"REST"},{"floor":49,"key":"REST"}],"neow_cost":"NONE","seed_source_timestamp":3705768038558,"circlet_count":0,"master_deck":["Strike_R+1","Strike_R+1","Defend_R","Defend_R","Defend_R+1","Bash","Entrench","Sword Boomerang","Armaments+1","Anger+1","Disarm","Shrug It Off+1","Shrug It Off","Carnage","Rage","Juggernaut","Anger","Dual Wield+1","RitualDagger","Necronomicurse","Flex","Anger","Flex","Combust+1","Combust","Impervious","Anger+1","Rupture+1","Enlightenment","Bandage Up","Ghostly Armor+1","Feel No Pain+1"],"relics":["Burning Blood","NeowsBlessing","Matryoshka","Smiling Mask","Mummified Hand","War Paint","Anchor","StoneCalendar","Tiny House","Necronomicon","Bottled Flame","Medical Kit","Nunchaku","Strawberry","Paper Frog","Red Mask","Molten Egg 2","Potion Belt","Question Card","Busted Crown","Frozen Egg 2","Bottled Lightning","Mango"],"potions_floor_usage":[16,33,33,33,33,44],"damage_taken":[{"damage":0,"enemies":"Cultist","floor":1,"turns":1},{"damage":0,"enemies":"2 Louse","floor":5,"turns":1},{"damage":0,"enemies":"Gremlin Nob","floor":6,"turns":1},{"damage":3,"enemies":"Jaw Worm","floor":7,"turns":4},{"damage":29,"enemies":"Lagavulin","floor":8,"turns":7},{"damage":2,"enemies":"2 Fungi Beasts","floor":10,"turns":4},{"damage":11,"enemies":"3 Sentries","floor":12,"turns":11},{"damage":0,"enemies":"Looter","floor":14,"turns":2},{"damage":11,"enemies":"Hexaghost","floor":16,"turns":10},{"damage":13,"enemies":"2 Thieves","floor":18,"turns":5},{"damage":0,"enemies":"Spheric Guardian","floor":21,"turns":3},{"damage":23,"enemies":"Book of Stabbing","floor":23,"turns":7},{"damage":7,"enemies":"Snake Plant","floor":25,"turns":4},{"damage":9,"enemies":"Masked Bandits","floor":27,"turns":5},{"damage":19,"enemies":"Shelled Parasite and Fungi","floor":29,"turns":3},{"damage":12,"enemies":"Slavers","floor":31,"turns":3},{"damage":92,"enemies":"Collector","floor":33,"turns":8},{"damage":0,"enemies":"3 Shapes","floor":35,"turns":5},{"damage":60,"enemies":"3 Darklings","floor":39,"turns":6},{"damage":23,"enemies":"Sphere and 2 Shapes","floor":41,"turns":6},{"damage":33,"enemies":"Maw","floor":44,"turns":7},{"damage":34,"enemies":"Mind Bloom Boss Battle","floor":46,"turns":6},{"damage":29,"enemies":"Jaw Worm Horde","floor":47,"turns":6},{"damage":75,"enemies":"Awakened One","floor":50,"turns":6}],"seed_played":"1282924668070685802","potions_obtained":[{"floor":1,"key":"Regen Potion"},{"floor":6,"key":"GamblersBrew"},{"floor":7,"key":"LiquidBronze"},{"floor":16,"key":"Weak Potion"},{"floor":17,"key":"EssenceOfSteel"},{"floor":23,"key":"BloodPotion"},{"floor":31,"key":"SpeedPotion"},{"floor":39,"key":"BloodPotion"}],"is_trial":false,"path_per_floor":["M","?","?","?","M","E","M","E","T","M","R","?","?","M","R","B",null,"M","?","?","M","$","E","R","M","T","?","T","M","$","E","R","B",null,"M","?","$","?","M","R","M","$","T","M","R","?","M","?","R","B"],"character_chosen":"IRONCLAD","items_purchased":["Bottled Flame","Medical Kit","Combust","Potion Belt","Frozen Egg 2","Rupture+1"],"campfire_rested":6,"item_purchase_floors":[22,22,30,30,37,37],"current_hp_per_floor":[80,80,80,73,79,80,80,57,57,61,61,56,45,51,75,70,85,78,72,56,62,62,45,70,69,76,73,73,60,60,54,81,19,92,92,92,92,87,37,64,51,51,51,37,64,54,35,35,66,0],"gold":105,"neow_bonus":"THREE_ENEMY_KILL","is_prod":false,"is_daily":false,"chose_seed":false,"campfire_upgraded":1,"win_rate":0,"timestamp":1554988966,"path_taken":["M","?","?","?","?","E","M","E","T","M","R","?","?","M","R","BOSS","M","?","?","M","$","E","R","M","T","?","?","?","$","E","R","BOSS","M","?","$","?","M","R","M","$","T","M","R","?","M","?","R","BOSS"],"build_version":"2019-01-23","purchased_purges":2,"victory":false,"max_hp_per_floor":[80,80,80,80,80,80,80,80,80,80,80,80,80,80,80,80,85,85,85,85,85,85,85,85,85,92,92,92,92,92,92,92,92,92,92,92,92,92,92,92,92,92,92,92,92,106,106,106,106,106],"card_choices":[{"not_picked":["Cleave","Anger"],"picked":"Entrench","floor":1},{"not_picked":["Pommel Strike","Headbutt"],"picked":"Armaments","floor":5},{"not_picked":["Spot Weakness","Sentinel"],"picked":"Anger","floor":6},{"not_picked":["Spot Weakness","Whirlwind"],"picked":"Disarm","floor":7},{"not_picked":["Clothesline","Bloodletting"],"picked":"Shrug It Off","floor":8},{"not_picked":["Havoc","Cleave"],"picked":"Shrug It Off","floor":10},{"not_picked":["Clothesline","Twin Strike"],"picked":"Carnage","floor":12},{"not_picked":["Blood for Blood","Dropkick"],"picked":"Rage","floor":14},{"not_picked":["Demon Form","Reaper"],"picked":"Juggernaut","floor":16},{"not_picked":["Twin Strike","Burning Pact"],"picked":"Anger","floor":17},{"not_picked":["Blood for Blood","Armaments"],"picked":"Dual Wield+1","floor":18},{"not_picked":["Intimidate","Thunderclap"],"picked":"Flex","floor":21},{"not_picked":["Perfected Strike","Twin Strike"],"picked":"Anger","floor":23},{"not_picked":["Metallicize","Hemokinesis"],"picked":"Flex","floor":25},{"not_picked":["Perfected Strike","Evolve+1"],"picked":"Combust+1","floor":27},{"not_picked":["Shrug It Off","Reckless Charge+1","Havoc"],"picked":"SKIP","floor":29},{"not_picked":["Thunderclap+1","Feel No Pain","Shrug It Off"],"picked":"SKIP","floor":31},{"not_picked":["Bludgeon+1","Exhume","Dark Embrace"],"picked":"Impervious","floor":33},{"not_picked":["Havoc"],"picked":"Anger+1","floor":35},{"not_picked":["Purity"],"picked":"Enlightenment","floor":38},{"not_picked":["Forethought"],"picked":"Bandage Up","floor":38},{"not_picked":["Sword Boomerang+1","Headbutt+1"],"picked":"SKIP","floor":39},{"not_picked":["Cleave+1"],"picked":"Ghostly Armor+1","floor":41},{"not_picked":["Iron Wave+1"],"picked":"Feel No Pain+1","floor":44},{"not_picked":["Twin Strike+1","Thunderclap+1"],"picked":"SKIP","floor":47}],"player_experience":107802,"relics_obtained":[{"floor":6,"key":"Smiling Mask"},{"floor":8,"key":"Mummified Hand"},{"floor":9,"key":"War Paint"},{"floor":9,"key":"Anchor"},{"floor":12,"key":"StoneCalendar"},{"floor":20,"key":"Necronomicon"},{"floor":23,"key":"Nunchaku"},{"floor":26,"key":"Strawberry"},{"floor":26,"key":"Paper Frog"},{"floor":27,"key":"Red Mask"},{"floor":28,"key":"Molten Egg 2"},{"floor":31,"key":"Question Card"},{"floor":43,"key":"Bottled Lightning"},{"floor":46,"key":"Mango"}],"event_choices":[{"cards_removed":["Strike_R"],"damage_healed":0,"gold_gain":0,"player_choice":"Card Removal","damage_taken":0,"max_hp_gain":0,"max_hp_loss":0,"event_name":"The Cleric","floor":2,"gold_loss":50},{"damage_healed":0,"gold_gain":0,"cards_transformed":["Strike_R"],"player_choice":"Change","damage_taken":0,"max_hp_gain":0,"max_hp_loss":0,"event_name":"Living Wall","floor":3,"gold_loss":0,"cards_obtained":["Sword Boomerang"]},{"damage_healed":0,"gold_gain":0,"player_choice":"Success","damage_taken":7,"relics_obtained":["Matryoshka"],"max_hp_gain":0,"max_hp_loss":0,"event_name":"Scrap Ooze","floor":4,"gold_loss":0},{"damage_healed":0,"gold_gain":30,"player_choice":"Searched \u00272\u0027 times","damage_taken":0,"max_hp_gain":0,"max_hp_loss":0,"event_name":"Dead Adventurer","floor":12,"gold_loss":0},{"damage_healed":0,"gold_gain":75,"player_choice":"Gather Gold","damage_taken":11,"max_hp_gain":0,"max_hp_loss":0,"event_name":"World of Goop","floor":13,"gold_loss":0},{"damage_healed":0,"gold_gain":0,"player_choice":"Joined the Cult","damage_taken":6,"max_hp_gain":0,"max_hp_loss":0,"event_name":"Nest","floor":19,"gold_loss":0,"cards_obtained":["RitualDagger"]},{"damage_healed":0,"gold_gain":0,"player_choice":"Obtained Book","damage_taken":16,"max_hp_gain":0,"max_hp_loss":0,"event_name":"Cursed Tome","floor":20,"gold_loss":0},{"damage_healed":0,"gold_gain":0,"player_choice":"Fought Bandits","damage_taken":0,"max_hp_gain":0,"max_hp_loss":0,"event_name":"Masked Bandits","floor":27,"gold_loss":0},{"damage_healed":0,"gold_gain":222,"player_choice":"Wore Mask","damage_taken":0,"max_hp_gain":0,"max_hp_loss":0,"event_name":"Tomb of Lord Red Mask","floor":36,"gold_loss":0},{"damage_healed":0,"gold_gain":0,"player_choice":"Memory 2","damage_taken":5,"max_hp_gain":0,"max_hp_loss":0,"event_name":"SensoryStone","floor":38,"gold_loss":0},{"damage_healed":0,"gold_gain":0,"player_choice":"Fight","damage_taken":0,"max_hp_gain":0,"max_hp_loss":0,"event_name":"MindBloom","floor":46,"gold_loss":0},{"damage_healed":0,"gold_gain":0,"player_choice":"Upgraded Two","damage_taken":0,"max_hp_gain":0,"max_hp_loss":0,"event_name":"Designer","floor":48,"gold_loss":40,"cards_upgraded":["Strike_R","Defend_R"]}],"is_beta":false,"boss_relics":[{"not_picked":["Eternal Feather","Coffee Dripper"],"picked":"Tiny House"},{"not_picked":["Snecko Eye","Runic Dome"],"picked":"Busted Crown"}],"items_purged_floors":[37,42],"is_endless":false,"potions_floor_spawned":[1,6,7,12,16,23,27,31,39],"killed_by":"Awakened One","ascension_level":0}