{"gold_per_floor":[119,119,119,133,208,238,16,16,16,47,47,61,71,86,86,181,181,197,112,132,132],"floor_reached":21,"playtime":747,"items_purged":[],"score":208,"play_id":"3bafbeeb-23c8-474d-83ad-3c368d185367","local_time":"20190426130950","is_ascension_mode":true,"campfire_choices":[{"data":"Rampage","floor":8,"key":"SMITH"},{"floor":15,"key":"REST"}],"neow_cost":"NONE","seed_source_timestamp":69175357376582,"circlet_count":0,"master_deck":["Strike_R","Strike_R","Strike_R","Defend_R","Defend_R","Defend_R","Defend_R","Bash","Rage","Flame Barrier","Rampage+1","Feel No Pain","Body Slam+1","True Grit","Dropkick","Barricade","Iron Wave","Inflame"],"relics":["Runic Dome","Calipers","NlothsMask","Bottled Flame","PreservedInsect","Sundial","Empty Cage","Toxic Egg 2"],"potions_floor_usage":[16],"damage_taken":[{"damage":1,"enemies":"Cultist","floor":1,"turns":3},{"damage":10,"enemies":"Small Slimes","floor":4,"turns":3},{"damage":18,"enemies":"Lagavulin","floor":6,"turns":8},{"damage":13,"enemies":"3 Sentries","floor":10,"turns":7},{"damage":7,"enemies":"Jaw Worm","floor":12,"turns":2},{"damage":0,"enemies":"Exordium Wildlife","floor":13,"turns":4},{"damage":7,"enemies":"2 Fungi Beasts","floor":14,"turns":3},{"damage":17,"enemies":"Hexaghost","floor":16,"turns":9},{"damage":22,"enemies":"Shell Parasite","floor":18,"turns":8},{"damage":2,"enemies":"Chosen","floor":20,"turns":6},{"damage":56,"enemies":"Snecko","floor":21,"turns":6}],"seed_played":"2266255988187562537","potions_obtained":[{"floor":1,"key":"Ancient Potion"},{"floor":6,"key":"Swift Potion"},{"floor":12,"key":"AttackPotion"},{"floor":16,"key":"SpeedPotion"},{"floor":20,"key":"Strength Potion"}],"is_trial":false,"path_per_floor":["T","?","M","?","$","?","M","?"],"character_chosen":"IRONCLAD","items_purchased":["PreservedInsect","Feel No Pain"],"campfire_rested":1,"item_purchase_floors":[7,7],"current_hp_per_floor":[79,79,79,69,58,40,40,40,40,27,27,20,20,13,37,20,80,58,58,56,0],"gold":132,"neow_bonus":"BOSS_RELIC","is_prod":false,"is_daily":false,"chose_seed":false,"campfire_upgraded":1,"win_rate":0,"timestamp":1556258990,"path_taken":["M","?","?","?","?","E","?","R","T","E","?","M","?","M","R","BOSS","M","?","M","M"],"build_version":"2019-01-23","purchased_purges":0,"victory":false,"max_hp_per_floor":[80,80,80,80,80,80,80,80,80,80,80,80,80,80,80,80,80,80,80,80,80],"card_choices":[{"not_picked":["Iron Wave","Dropkick"],"picked":"Rage","floor":1},{"not_picked":["Thunderclap","Pommel Strike"],"picked":"Flame Barrier","floor":4},{"not_picked":["Dual Wield","Twin Strike"],"picked":"Rampage","floor":6},{"not_picked":["Rupture","Flex"],"picked":"Body Slam","floor":10},{"not_picked":["Thunderclap","Wild Strike"],"picked":"True Grit","floor":12},{"not_picked":["Clothesline","Burning Pact"],"picked":"Dropkick","floor":13},{"not_picked":["Perfected Strike","Clothesline","Blood for Blood"],"picked":"SKIP","floor":14},{"not_picked":["Bludgeon","Immolate"],"picked":"Barricade","floor":16},{"not_picked":["Havoc+1","Clothesline"],"picked":"Iron Wave","floor":18},{"not_picked":["Carnage+1","Wild Strike"],"picked":"Inflame","floor":20}],"player_experience":99382,"relics_obtained":[{"floor":2,"key":"Calipers"},{"floor":6,"key":"Bottled Flame"},{"floor":10,"key":"Sundial"}],"event_choices":[{"damage_healed":0,"gold_gain":0,"player_choice":"Trade","damage_taken":0,"relics_obtained":["NlothsMask"],"max_hp_gain":0,"max_hp_loss":0,"event_name":"FaceTrader","floor":3,"gold_loss":0},{"damage_healed":0,"gold_gain":75,"player_choice":"Gather Gold","damage_taken":11,"max_hp_gain":0,"max_hp_loss":0,"event_name":"World of Goop","floor":5,"gold_loss":0},{"damage_healed":0,"gold_gain":0,"player_choice":"Forge","damage_taken":0,"max_hp_gain":0,"max_hp_loss":0,"event_name":"Accursed Blacksmith","floor":11,"gold_loss":0,"cards_upgraded":["Body Slam"]},{"damage_healed":0,"gold_gain":0,"player_choice":"Obtained Relic","damage_taken":0,"relics_obtained":["Toxic Egg 2"],"max_hp_gain":0,"max_hp_loss":0,"event_name":"Addict","floor":19,"gold_loss":85}],"is_beta":false,"boss_relics":[{"not_picked":["Coffee Dripper","Mark of Pain"],"picked":"Empty Cage"}],"items_purged_floors":[],"is_endless":false,"potions_floor_spawned":[1,6,12,16,20],"killed_by":"Snecko","ascension_level":2}