{"gold_per_floor":[114,125,125,75,86,86,145,29,29,48,63,63,76,88,88,191,191,209,223,223,148,159,159,175,188,215,215,289,289,315,414,414,518,518,533,551,551,561,575,575,594,131,131,131,143,143,153,163,163,163],"floor_reached":51,"playtime":2297,"items_purged":["Strike_G","Strike_G"],"score":665,"play_id":"fbe60160-f055-487b-aefa-f05c6c15e2f4","local_time":"20190411225507","is_ascension_mode":false,"campfire_choices":[{"data":"Poisoned Stab","floor":6,"key":"SMITH"},{"floor":12,"key":"REST"},{"data":"Noxious Fumes","floor":15,"key":"SMITH"},{"data":"Adrenaline","floor":23,"key":"SMITH"},{"floor":27,"key":"REST"},{"data":"Neutralize","floor":29,"key":"SMITH"},{"floor":32,"key":"REST"},{"data":"Venomology","floor":40,"key":"SMITH"},{"floor":44,"key":"REST"},{"data":"Footwork","floor":49,"key":"SMITH"}],"neow_cost":"NONE","seed_source_timestamp":41944976525465,"circlet_count":0,"master_deck":["Defend_G","Defend_G","Defend_G","Defend_G","Defend_G","Strike_G","Strike_G","Strike_G","Survivor","Neutralize+1","Poisoned Stab+1","Bouncing Flask","Dagger Throw","Backflip","Noxious Fumes+1","Blur","Caltrops","Dodge and Roll","Dagger Spray","Noxious Fumes","Adrenaline+1","Noxious Fumes+1","Poisoned Stab+1","Leg Sweep+1","PiercingWail+1","Venomology+1","Footwork+1","Backflip+1","Footwork+1","Backflip"],"relics":["Ring of the Snake","Vajra","Matryoshka","Ornamental Fan","Paper Crane","Velvet Choker","Happy Flower","Regal Pillow","Bottled Tornado","Peace Pipe","White Beast Statue","Snake Skull","Gambling Chip","Meat on the Bone"],"potions_floor_usage":[7,22,24,30,30,41,45,48,50,50],"damage_taken":[{"damage":0,"enemies":"Jaw Worm","floor":1,"turns":5},{"damage":0,"enemies":"Small Slimes","floor":2,"turns":3},{"damage":1,"enemies":"2 Louse","floor":5,"turns":3},{"damage":25,"enemies":"Lagavulin Event","floor":7,"turns":4},{"damage":5,"enemies":"Exordium Wildlife","floor":10,"turns":5},{"damage":8,"enemies":"Large Slime","floor":11,"turns":5},{"damage":0,"enemies":"Red Slaver","floor":13,"turns":3},{"damage":4,"enemies":"Exordium Thugs","floor":14,"turns":5},{"damage":26,"enemies":"Hexaghost","floor":16,"turns":8},{"damage":9,"enemies":"2 Thieves","floor":18,"turns":5},{"damage":6,"enemies":"Chosen","floor":19,"turns":3},{"damage":11,"enemies":"Snecko","floor":22,"turns":5},{"damage":37,"enemies":"Shelled Parasite and Fungi","floor":24,"turns":4},{"damage":8,"enemies":"3 Cultists","floor":25,"turns":4},{"damage":24,"enemies":"Slavers","floor":30,"turns":4},{"damage":31,"enemies":"Collector","floor":33,"turns":8},{"damage":19,"enemies":"3 Darklings","floor":35,"turns":5},{"damage":11,"enemies":"Orb Walker","floor":36,"turns":4},{"damage":7,"enemies":"Spire Growth","floor":38,"turns":5},{"damage":1,"enemies":"Transient","floor":39,"turns":5},{"damage":7,"enemies":"Writhing Mass","floor":41,"turns":6},{"damage":0,"enemies":"Sphere and 2 Shapes","floor":45,"turns":6},{"damage":0,"enemies":"4 Shapes","floor":47,"turns":6},{"damage":7,"enemies":"3 Darklings","floor":48,"turns":5},{"damage":33,"enemies":"Donu and Deca","floor":50,"turns":9}],"seed_played":"-3511338251535070223","potions_obtained":[{"floor":5,"key":"Fire Potion"},{"floor":7,"key":"SkillPotion"},{"floor":10,"key":"SpeedPotion"},{"floor":11,"key":"Regen Potion"},{"floor":16,"key":"Block Potion"},{"floor":22,"key":"AttackPotion"},{"floor":25,"key":"LiquidBronze"},{"floor":33,"key":"Dexterity Potion"},{"floor":39,"key":"Fruit Juice"},{"floor":48,"key":"GhostInAJar"}],"is_trial":false,"path_per_floor":["?","?","?","M","?","M","T","?","?","M","?","M"],"character_chosen":"THE_SILENT","items_purchased":["Noxious Fumes","Blur","Gambling Chip","Footwork"],"campfire_rested":4,"item_purchase_floors":[8,8,42,42],"current_hp_per_floor":[77,77,77,77,76,76,51,51,51,46,38,61,61,57,57,31,77,68,62,62,62,51,51,26,18,18,56,56,56,32,32,70,39,77,58,47,47,40,39,39,37,37,37,76,76,76,76,69,69,48],"gold":163,"neow_bonus":"TEN_PERCENT_HP_BONUS","is_prod":false,"is_daily":false,"chose_seed":false,"campfire_upgraded":6,"win_rate":0.0,"timestamp":1554998107,"path_taken":["M","M","?","?","M","R","?","$","T","?","M","R","M","M","R","BOSS","M","M","?","$","M","R","M","?","T","R","?","R","E","?","R","BOSS","M","M","?","?","M","R","M","$","T","R","M","?","M","?","R","BOSS"],"build_version":"2019-01-23","purchased_purges":2,"victory":true,"max_hp_per_floor":[77,77,77,77,77,77,77,77,77,77,77,77,77,77,77,77,77,77,77,77,77,77,77,77,77,77,77,77,77,77,77,77,77,77,77,77,77,77,77,77,82,82,82,82,82,82,82,82,82,82],"card_choices":[{"not_picked":["Prepared","PiercingWail"],"picked":"Poisoned Stab","floor":1},{"not_picked":["Slice","Tactician"],"picked":"Bouncing Flask","floor":2},{"not_picked":["Blade Dance","Heel Hook"],"picked":"Dagger Throw","floor":5},{"not_picked":["Deadly Poison","Heel Hook"],"picked":"Backflip","floor":7},{"not_picked":["Poisoned Stab","Outmaneuver"],"picked":"Caltrops","floor":10},{"not_picked":["Dagger Throw","Blur"],"picked":"Dodge and Roll","floor":11},{"not_picked":["Dodge and Roll","Reflex"],"picked":"Dagger Spray","floor":13},{"not_picked":["Underhanded Strike","Outmaneuver"],"picked":"Noxious Fumes","floor":14},{"not_picked":["Malaise","Glass Knife"],"picked":"Adrenaline","floor":16},{"not_picked":["Blade Dance+1","Poisoned Stab"],"picked":"Noxious Fumes+1","floor":18},{"not_picked":["Blade Dance","Masterful Stab+1","Bouncing Flask"],"picked":"SKIP","floor":19},{"not_picked":["Bouncing Flask+1","Deadly Poison"],"picked":"Poisoned Stab+1","floor":22},{"not_picked":["Distraction+1","Finisher"],"picked":"Leg Sweep+1","floor":24},{"not_picked":["Dagger Throw","Deadly Poison","Quick Slash"],"picked":"SKIP","floor":25},{"not_picked":["Wraith Form v2","Dodge and Roll"],"picked":"PiercingWail+1","floor":30},{"not_picked":["Adrenaline","After Image"],"picked":"Venomology","floor":33},{"not_picked":["Masterful Stab","Blade Dance","Poisoned Stab"],"picked":"SKIP","floor":35},{"not_picked":["Prepared","Poisoned Stab"],"picked":"Footwork+1","floor":36},{"not_picked":["Blade Dance+1","All Out Attack","Riddle With Holes"],"picked":"SKIP","floor":38},{"not_picked":["Deflect+1","Poisoned Stab","Night Terror"],"picked":"SKIP","floor":39},{"not_picked":["Outmaneuver+1","Blade Dance+1"],"picked":"Backflip+1","floor":41},{"not_picked":["Outmaneuver+1","Bullet Time","Deflect"],"picked":"SKIP","floor":45},{"not_picked":["Poisoned Stab","Quick Slash"],"picked":"Backflip","floor":47},{"not_picked":["Masterful Stab+1","Finisher+1","Backflip"],"picked":"SKIP","floor":48}],"player_experience":4289,"relics_obtained":[{"floor":9,"key":"Ornamental Fan"},{"floor":9,"key":"Paper Crane"},{"floor":26,"key":"Happy Flower"},{"floor":26,"key":"Regal Pillow"},{"floor":28,"key":"Bottled Tornado"},{"floor":30,"key":"Peace Pipe"},{"floor":43,"key":"Meat on the Bone"}],"event_choices":[{"damage_healed":0,"gold_gain":0,"player_choice":"Box","damage_taken":0,"relics_obtained":["Vajra"],"max_hp_gain":0,"max_hp_loss":0,"event_name":"Big Fish","floor":3,"gold_loss":0,"cards_obtained":["Regret"]},{"cards_removed":["Regret"],"damage_healed":0,"gold_gain":0,"player_choice":"Card Removal","damage_taken":0,"max_hp_gain":0,"max_hp_loss":0,"event_name":"The Cleric","floor":4,"gold_loss":50},{"damage_healed":0,"gold_gain":0,"player_choice":"Searched \u00272\u0027 times","damage_taken":0,"relics_obtained":["Matryoshka"],"max_hp_gain":0,"max_hp_loss":0,"event_name":"Dead Adventurer","floor":7,"gold_loss":0},{"cards_removed":["Iron Wave"],"damage_healed":0,"gold_gain":0,"player_choice":"Took Card","damage_taken":0,"max_hp_gain":0,"max_hp_loss":0,"event_name":"NoteForYourself","floor":20,"gold_loss":0,"cards_obtained":["Iron Wave"]},{"damage_healed":0,"gold_gain":99,"player_choice":"Stole From Cult","damage_taken":0,"max_hp_gain":0,"max_hp_loss":0,"event_name":"Nest","floor":31,"gold_loss":0},{"damage_healed":0,"gold_gain":0,"player_choice":"Gave Potion","damage_taken":0,"relics_obtained":["Snake Skull"],"max_hp_gain":0,"max_hp_loss":0,"event_name":"WeMeetAgain","floor":37,"gold_loss":0},{"damage_healed":0,"gold_gain":0,"player_choice":"Bought 0 Potions","damage_taken":0,"max_hp_gain":0,"max_hp_loss":0,"event_name":"The Woman in Blue","floor":46,"gold_loss":0}],"is_beta":false,"boss_relics":[{"not_picked":["Philosopher\u0027s Stone","Ring of the Serpent"],"picked":"Velvet Choker"},{"not_picked":["Coffee Dripper","Calling Bell"],"picked":"White Beast Statue"}],"items_purged_floors":[21,42],"is_endless":false,"potions_floor_spawned":[5,7,10,11,16,22,25,33,35,36,38,39,41,45,47,48],"ascension_level":0}