{"gold_per_floor":[113,113,128,128,143,179,179,179,202,202,226,239,239,257,257,356,356,377,23,57,76,526,526,566,586,609,621,646,658,714,739,751,856,868,898,934,996,1021,1058,1070,1415,1476,1488,1531,1543,887,887,901,901,901],"floor_reached":51,"playtime":7244,"items_purged":["Defend_B","Strike_B"],"score":1476,"play_id":"e4b9e7bf-c61c-4458-adba-e9e72a263525","local_time":"20190426133939","is_ascension_mode":true,"campfire_choices":[{"data":"Defragment","floor":7.0,"key":"SMITH"},{"data":"Glacier","floor":10.0,"key":"SMITH"},{"data":"Sunder","floor":13.0,"key":"SMITH"},{"data":"Glacier","floor":15.0,"key":"SMITH"},{"floor":23.0,"key":"REST"},{"floor":27.0,"key":"REST"},{"data":"Defragment","floor":29.0,"key":"SMITH"},{"data":"Capacitor","floor":32.0,"key":"SMITH"},{"data":"Defragment","floor":40.0,"key":"SMITH"},{"data":"Blizzard","floor":45.0,"key":"SMITH"},{"data":"Defragment","floor":47.0,"key":"SMITH"},{"data":"Buffer","floor":49,"key":"SMITH"}],"neow_cost":"PERCENT_DAMAGE","seed_source_timestamp":15548901697275,"circlet_count":0,"master_deck":["AscendersBane","Defend_B","Defend_B","Defend_B+1","Zap+1","Dualcast","Defragment+1","Glacier+1","Self Repair","Sunder+1","BootSequence","Glacier+1","Machine Learning","FTL","Glacier","Capacitor+1","Reinforced Body","Defragment+1","Buffer+1","Defragment+1","Ball Lightning+1","Defragment+1","Blizzard+1","FTL"],"special_seed":0,"relics":["Cracked Core","War Paint","Vajra","Nuclear Battery","Bottled Tornado","Red Mask","Mercury Hourglass","MawBank","FossilizedHelix","Busted Crown","Shovel","Letter Opener","Happy Flower","Ice Cream","Chemical X"],"potions_floor_usage":[50,50],"damage_taken":[{"damage":11.0,"enemies":"Small Slimes","floor":1.0,"turns":4.0},{"damage":0.0,"enemies":"Cultist","floor":3.0,"turns":4.0},{"damage":0.0,"enemies":"Jaw Worm","floor":5.0,"turns":4.0},{"damage":5.0,"enemies":"Lagavulin","floor":6.0,"turns":10.0},{"damage":9.0,"enemies":"Red Slaver","floor":11.0,"turns":4.0},{"damage":8.0,"enemies":"Blue Slaver","floor":12.0,"turns":3.0},{"damage":5.0,"enemies":"2 Fungi Beasts","floor":14.0,"turns":3.0},{"damage":0.0,"enemies":"Slime Boss","floor":16.0,"turns":13.0},{"damage":1.0,"enemies":"3 Byrds","floor":18.0,"turns":5.0},{"damage":11.0,"enemies":"Masked Bandits","floor":20.0,"turns":5.0},{"damage":0.0,"enemies":"Spheric Guardian","floor":21.0,"turns":3.0},{"damage":27.0,"enemies":"Gremlin Leader","floor":24.0,"turns":11.0},{"damage":11.0,"enemies":"Cultist and Chosen","floor":25.0,"turns":6.0},{"damage":0.0,"enemies":"3 Cultists","floor":28.0,"turns":6.0},{"damage":0.0,"enemies":"Slavers","floor":30.0,"turns":7.0},{"damage":0.0,"enemies":"Snecko","floor":31.0,"turns":6.0},{"damage":3.0,"enemies":"Collector","floor":33.0,"turns":15.0},{"damage":0.0,"enemies":"Orb Walker","floor":35.0,"turns":4.0},{"damage":0.0,"enemies":"3 Darklings","floor":36.0,"turns":7.0},{"damage":0.0,"enemies":"Maw","floor":38.0,"turns":10.0},{"damage":0.0,"enemies":"4 Shapes","floor":39.0,"turns":9.0},{"damage":0.0,"enemies":"2 Orb Walkers","floor":42.0,"turns":7.0},{"damage":3.0,"enemies":"Reptomancer","floor":44.0,"turns":9.0},{"damage":5.0,"enemies":"3 Darklings","floor":48.0,"turns":4.0},{"damage":0,"enemies":"Donu and Deca","floor":50,"turns":11}],"seed_played":"3192465584532007586","potions_obtained":[{"floor":1.0,"key":"EssenceOfSteel"},{"floor":3.0,"key":"Poison Potion"},{"floor":16.0,"key":"PowerPotion"},{"floor":21.0,"key":"EssenceOfSteel"},{"floor":30.0,"key":"Poison Potion"},{"floor":33.0,"key":"FocusPotion"},{"floor":35.0,"key":"SpeedPotion"},{"floor":48.0,"key":"Ancient Potion"}],"is_trial":false,"path_per_floor":["M","?","M","?","M","E","R","?","T","R","M","M","R","M","R","B",null,"M","$","?","M","?","R","E","M","T","R","M","R","E","M","R","B",null,"M","M","?","M","M","R","?","?","T","E","R","$","R","M","R","B",null],"character_chosen":"DEFECT","items_purchased":["Bottled Tornado","Ice Cream","Chemical X"],"campfire_rested":2,"item_purchase_floors":[19,46,46],"current_hp_per_floor":[35,35,35,35,35,37,37,37,37,37,35,34,34,36,36,43,59,64,64,60,64,28,47,27,23,23,42,49,49,56,63,63,64,64,64,64,58,64,64,64,64,64,64,64,64,64,64,64,64,64],"gold":901,"neow_bonus":"REMOVE_TWO","is_prod":false,"is_daily":false,"chose_seed":false,"campfire_upgraded":10,"win_rate":0,"timestamp":1556300379,"path_taken":["M","?","M","?","M","E","R","?","T","R","M","M","R","?","R","BOSS","M","$","?","M","?","R","E","M","T","R","M","R","E","?","R","BOSS","M","M","?","?","M","R","?","?","T","E","R","$","R","M","R","BOSS"],"build_version":"2019-01-23","purchased_purges":2,"victory":true,"max_hp_per_floor":[71,71,71,64,64,64,64,64,64,64,64,64,64,64,64,64,64,64,64,64,64,64,64,64,64,64,64,64,64,64,64,64,64,64,64,64,64,64,64,64,64,64,64,64,64,64,64,64,64,64],"card_choices":[{"not_picked":["Scrape","Stack"],"picked":"Defragment","floor":1.0},{"not_picked":["Hologram","Streamline"],"picked":"Glacier","floor":3.0},{"not_picked":["Sweeping Beam","Hello World"],"picked":"Self Repair","floor":5.0},{"not_picked":["Sweeping Beam","Consume"],"picked":"Sunder","floor":6.0},{"not_picked":["Gash","Go for the Eyes","Barrage"],"picked":"SKIP","floor":11.0},{"not_picked":["Genetic Algorithm","Gash"],"picked":"BootSequence","floor":12.0},{"not_picked":["Ball Lightning","Sweeping Beam"],"picked":"Glacier","floor":14.0},{"not_picked":["Multi-Cast","Meteor Strike"],"picked":"Machine Learning","floor":16.0},{"not_picked":["Static Discharge","Turbo+1","Sweeping Beam"],"picked":"SKIP","floor":18.0},{"not_picked":["Sweeping Beam+1","Stack"],"picked":"FTL","floor":20.0},{"not_picked":["Auto Shields","Reprogram"],"picked":"Glacier","floor":21.0},{"not_picked":["Undo","Consume"],"picked":"Capacitor","floor":24.0},{"not_picked":["Stack","Turbo"],"picked":"Reinforced Body","floor":25.0},{"not_picked":["Cold Snap","Fusion"],"picked":"Defragment","floor":28.0},{"not_picked":["Reprogram","Beam Cell","Melter"],"picked":"SKIP","floor":30.0},{"not_picked":["Chaos","Turbo+1","Beam Cell"],"picked":"SKIP","floor":31.0},{"not_picked":["Creative AI","Hyperbeam"],"picked":"Buffer","floor":33.0},{"not_picked":["Gash"],"picked":"SKIP","floor":35.0},{"not_picked":[],"picked":"Defragment","floor":36.0},{"not_picked":["Turbo"],"picked":"SKIP","floor":38.0},{"not_picked":[],"picked":"Ball Lightning+1","floor":39.0},{"not_picked":[],"picked":"Defragment","floor":42.0},{"not_picked":[],"picked":"Blizzard","floor":44.0},{"not_picked":[],"picked":"FTL","floor":48.0}],"player_experience":945390,"relics_obtained":[{"floor":6.0,"key":"War Paint"},{"floor":9.0,"key":"Vajra"},{"floor":20.0,"key":"Red Mask"},{"floor":24.0,"key":"Mercury Hourglass"},{"floor":26.0,"key":"MawBank"},{"floor":30.0,"key":"FossilizedHelix"},{"floor":42.0,"key":"Shovel"},{"floor":43.0,"key":"Letter Opener"},{"floor":44.0,"key":"Happy Flower"}],"event_choices":[{"damage_healed":0.0,"max_hp_gain":0.0,"max_hp_loss":0.0,"gold_gain":0.0,"event_name":"Liars Game","player_choice":"Ignored","floor":2.0,"gold_loss":0.0,"damage_taken":0.0},{"damage_healed":0.0,"max_hp_gain":0.0,"max_hp_loss":7.0,"gold_gain":0.0,"event_name":"Golden Idol","player_choice":"Lose Max HP","floor":4.0,"gold_loss":0.0,"damage_taken":0.0,"relics_obtained":["Golden Idol"]},{"cards_removed":["Strike_B"],"damage_healed":0.0,"max_hp_gain":0.0,"max_hp_loss":0.0,"gold_gain":0.0,"event_name":"Bonfire Elementals","player_choice":"Offered Basic","floor":8.0,"gold_loss":0.0,"damage_taken":0.0},{"damage_healed":0.0,"max_hp_gain":0.0,"max_hp_loss":0.0,"gold_gain":0.0,"event_name":"Masked Bandits","player_choice":"Fought Bandits","floor":20.0,"gold_loss":0.0,"damage_taken":0.0},{"damage_healed":0.0,"max_hp_gain":0.0,"max_hp_loss":0.0,"gold_gain":450.0,"event_name":"Knowing Skull","player_choice":"GOLD GOLD GOLD GOLD GOLD ","floor":22.0,"potions_obtained":[],"gold_loss":0.0,"damage_taken":36.0,"cards_obtained":[]},{"damage_healed":0.0,"max_hp_gain":0.0,"max_hp_loss":0.0,"gold_gain":50.0,"event_name":"FaceTrader","player_choice":"Touch","floor":37.0,"gold_loss":0.0,"damage_taken":6.0},{"damage_healed":0.0,"max_hp_gain":0.0,"max_hp_loss":0.0,"gold_gain":333.0,"event_name":"The Moai Head","player_choice":"Gave Idol","floor":41.0,"relics_lost":["Golden Idol"],"gold_loss":0.0,"damage_taken":0.0},{"damage_healed":0.0,"max_hp_gain":0.0,"max_hp_loss":0.0,"gold_gain":0.0,"event_name":"Mysterious Sphere","player_choice":"Fight","floor":42.0,"gold_loss":0.0,"damage_taken":0.0}],"is_beta":false,"boss_relics":[{"not_picked":["FrozenCore","Tiny House"],"picked":"Nuclear Battery"},{"not_picked":["White Beast Statue","Velvet Choker"],"picked":"Busted Crown"}],"items_purged_floors":[19,46],"is_endless":false,"potions_floor_spawned":[1,3,16,21,30,33,35,38,44,48],"ascension_level":16}