{"gold_per_floor":[112,112,112,144,171,183,236,304,316,328,355,367,379],"floor_reached":13,"playtime":306,"items_purged":[],"score":137,"play_id":"efbdf782-9ff3-41da-b390-5bb56f3cac11","local_time":"20190425221807","is_ascension_mode":true,"campfire_choices":[{"data":"Deadly Poison","floor":6,"key":"SMITH"},{"floor":12,"key":"REST"}],"neow_cost":"NONE","seed_source_timestamp":1215054992877600,"circlet_count":0,"master_deck":["AscendersBane","Defend_G","Defend_G","Defend_G","Defend_G","Defend_G","Strike_G","Strike_G","Strike_G","Strike_G","Strike_G","Survivor","Neutralize","Blade Dance","Deadly Poison+1","Well Laid Plans","Venomology","Backflip"],"relics":["Ring of the Snake","NeowsBlessing","Golden Idol","MawBank","Boot","Tiny Chest","Paper Crane","Sundial"],"potions_floor_usage":[11,13],"damage_taken":[{"damage":0,"enemies":"Small Slimes","floor":1,"turns":1},{"damage":0,"enemies":"2 Louse","floor":4,"turns":1},{"damage":0,"enemies":"Jaw Worm","floor":5,"turns":1},{"damage":43,"enemies":"Lagavulin","floor":7,"turns":7},{"damage":1,"enemies":"Looter","floor":11,"turns":4},{"damage":12,"enemies":"3 Sentries","floor":13,"turns":4}],"seed_played":"-8418163328027459953","potions_obtained":[{"floor":1,"key":"Energy Potion"},{"floor":7,"key":"Block Potion"}],"is_trial":false,"path_per_floor":["M","?","?","M","M","R","E","T","T","T","M","R","E"],"character_chosen":"THE_SILENT","items_purchased":[],"campfire_rested":1,"item_purchase_floors":[],"current_hp_per_floor":[63,63,45,45,45,45,2,2,2,2,1,20,8],"gold":379,"neow_bonus":"THREE_ENEMY_KILL","is_prod":false,"is_daily":false,"chose_seed":false,"campfire_upgraded":1,"win_rate":0,"timestamp":1556198287,"path_taken":["M","?","?","M","M","R","E","?","T","?","?","R","E"],"build_version":"2019-01-23","purchased_purges":0,"victory":false,"max_hp_per_floor":[70,65,65,65,65,65,65,65,65,65,65,65,65],"card_choices":[{"not_picked":["Quick Slash","Dodge and Roll"],"picked":"Blade Dance","floor":1},{"not_picked":["Slice","Prepared"],"picked":"Deadly Poison","floor":4},{"not_picked":["Backflip","Infinite Blades"],"picked":"Well Laid Plans","floor":5},{"not_picked":["All Out Attack","Distraction"],"picked":"Venomology","floor":7},{"not_picked":["Cloak And Dagger","Endless Agony"],"picked":"Backflip","floor":11}],"player_experience":699474,"relics_obtained":[{"floor":7,"key":"Boot"},{"floor":8,"key":"Tiny Chest"},{"floor":9,"key":"Paper Crane"},{"floor":10,"key":"Sundial"}],"event_choices":[{"damage_healed":0,"gold_gain":0,"player_choice":"Lose Max HP","damage_taken":0,"relics_obtained":["Golden Idol"],"max_hp_gain":0,"max_hp_loss":5,"event_name":"Golden Idol","floor":2,"gold_loss":0},{"damage_healed":0,"gold_gain":0,"player_choice":"Success","damage_taken":18,"relics_obtained":["MawBank"],"max_hp_gain":0,"max_hp_loss":0,"event_name":"Scrap Ooze","floor":3,"gold_loss":0}],"is_beta":false,"boss_relics":[],"items_purged_floors":[],"is_endless":false,"potions_floor_spawned":[1,7],"killed_by":"3 Sentries","ascension_level":13}