{"gold_per_floor":[368,386,5,23,23,23,23,54,81,111,111,11,30,62,62,165,165,179,179,199,199,210,210,236,236,262,262,273,273,117,135,135,232,232,242,242],"floor_reached":36,"playtime":1910,"items_purged":["Strike_R","Strike_R"],"score":410,"play_id":"77a6a483-cbd5-4341-a9fa-68419dd84d23","local_time":"20190426034239","is_ascension_mode":true,"campfire_choices":[{"data":"Shrug It Off","floor":6,"key":"SMITH"},{"floor":11,"key":"REST"},{"floor":15,"key":"REST"},{"data":"Metallicize","floor":23,"key":"SMITH"},{"floor":25,"key":"REST"},{"data":"Shrug It Off","floor":27,"key":"SMITH"},{"data":"Rampage","floor":32,"key":"SMITH"}],"neow_cost":"TEN_PERCENT_HP_LOSS","seed_source_timestamp":33994121164253,"circlet_count":0,"master_deck":["Defend_R","Defend_R+1","Defend_R","Bash+1","Flame Barrier","Thunderclap","Shrug It Off+1","Flex","Shockwave","Twin Strike","Rage","Offering","Hemokinesis","Metallicize+1","Headbutt","Shrug It Off+1","Rampage+1","Fiend Fire","Sever Soul+1","Bludgeon+1","Pummel+1","True Grit+1"],"relics":["Black Blood","Shuriken","Bag of Marbles","Happy Flower","Juzu Bracelet","Mercury Hourglass","Bronze Scales","Bag of Preparation","PreservedInsect","Astrolabe"],"potions_floor_usage":[8,8,16,36,36],"damage_taken":[{"damage":5,"enemies":"Cultist","floor":1,"turns":4},{"damage":2,"enemies":"Small Slimes","floor":2,"turns":3},{"damage":10,"enemies":"Jaw Worm","floor":4,"turns":4},{"damage":37,"enemies":"3 Sentries","floor":8,"turns":10},{"damage":0,"enemies":"Exordium Wildlife","floor":13,"turns":6},{"damage":18,"enemies":"Lagavulin","floor":14,"turns":6},{"damage":44,"enemies":"Slime Boss","floor":16,"turns":9},{"damage":11,"enemies":"Spheric Guardian","floor":18,"turns":4},{"damage":9,"enemies":"Chosen","floor":20,"turns":4},{"damage":20,"enemies":"Snake Plant","floor":22,"turns":6},{"damage":23,"enemies":"Book of Stabbing","floor":24,"turns":6},{"damage":12,"enemies":"Cultist and Chosen","floor":28,"turns":5},{"damage":10,"enemies":"Centurion and Healer","floor":31,"turns":6},{"damage":71,"enemies":"Collector","floor":33,"turns":9},{"damage":30,"enemies":"3 Darklings","floor":35,"turns":6},{"damage":57,"enemies":"2 Orb Walkers","floor":36,"turns":6}],"seed_played":"5771202734260784081","potions_obtained":[{"floor":1,"key":"EntropicBrew"},{"floor":2,"key":"Fire Potion"},{"floor":18,"key":"SteroidPotion"},{"floor":29,"key":"Dexterity Potion"},{"floor":29,"key":"FairyPotion"}],"is_trial":false,"path_per_floor":["M","?","?","?","$","?","?","?","?"],"character_chosen":"IRONCLAD","items_purchased":["Shrug It Off","Shuriken","PreservedInsect"],"campfire_rested":3,"item_purchase_floors":[3,3,30],"current_hp_per_floor":[72,72,72,68,68,68,54,23,23,23,44,44,50,38,59,21,72,71,58,59,59,49,49,36,59,59,59,57,57,57,57,57,17,77,57,0],"gold":242,"neow_bonus":"TWO_FIFTY_GOLD","is_prod":false,"is_daily":false,"chose_seed":false,"campfire_upgraded":4,"win_rate":0,"timestamp":1556224959,"path_taken":["M","M","$","?","?","R","?","E","T","?","R","?","M","E","R","BOSS","M","?","M","?","M","R","E","R","T","R","M","?","$","M","R","BOSS","M","?"],"build_version":"2019-01-23","purchased_purges":2,"victory":false,"max_hp_per_floor":[72,72,72,72,72,72,72,72,72,72,72,72,72,72,72,72,72,72,77,77,77,77,77,77,77,77,77,77,77,77,77,77,77,77,77,77],"card_choices":[{"not_picked":["Iron Wave","Twin Strike"],"picked":"Flame Barrier","floor":1},{"not_picked":["Warcry","Uppercut"],"picked":"Thunderclap","floor":2},{"not_picked":["Clash","Clothesline"],"picked":"Flex","floor":4},{"not_picked":["Reckless Charge","Pummel"],"picked":"Shockwave","floor":8},{"not_picked":["Cleave","Thunderclap"],"picked":"Twin Strike","floor":13},{"not_picked":["Pommel Strike","Brutality"],"picked":"Rage","floor":14},{"not_picked":["Berserk","Immolate"],"picked":"Offering","floor":16},{"not_picked":["Burning Pact","Clothesline+1"],"picked":"Hemokinesis","floor":18},{"not_picked":["Wild Strike","Iron Wave+1"],"picked":"Metallicize","floor":20},{"not_picked":["Carnage","Battle Trance+1"],"picked":"Headbutt","floor":22},{"not_picked":["Second Wind","Cleave"],"picked":"Shrug It Off","floor":24},{"not_picked":["Infernal Blade","Pommel Strike"],"picked":"Rampage","floor":28},{"not_picked":["Combust","Armaments","Heavy Blade"],"picked":"SKIP","floor":31},{"not_picked":["Bludgeon","Offering"],"picked":"Fiend Fire","floor":33},{"not_picked":["Pommel Strike","Twin Strike"],"picked":"True Grit+1","floor":35}],"player_experience":66638,"relics_obtained":[{"floor":8,"key":"Bag of Marbles"},{"floor":9,"key":"Happy Flower"},{"floor":14,"key":"Mercury Hourglass"},{"floor":24,"key":"Bronze Scales"},{"floor":26,"key":"Bag of Preparation"}],"event_choices":[{"damage_healed":0,"gold_gain":0,"player_choice":"Leave","damage_taken":0,"max_hp_gain":0,"max_hp_loss":0,"event_name":"The Cleric","floor":5,"gold_loss":0},{"damage_healed":0,"gold_gain":0,"player_choice":"Entered Light","damage_taken":14,"max_hp_gain":0,"max_hp_loss":0,"event_name":"Shining Light","floor":7,"gold_loss":0,"cards_upgraded":["Bash","Defend_R"]},{"damage_healed":0,"gold_gain":30,"player_choice":"Searched \u00272\u0027 times","damage_taken":0,"relics_obtained":["Juzu Bracelet"],"max_hp_gain":0,"max_hp_loss":0,"event_name":"Dead Adventurer","floor":10,"gold_loss":0},{"damage_healed":0,"gold_gain":0,"player_choice":"Shed Blood","damage_taken":18,"max_hp_gain":5,"max_hp_loss":0,"event_name":"Forgotten Altar","floor":19,"gold_loss":0},{"cards_removed":["Strike_R"],"damage_healed":0,"gold_gain":0,"player_choice":"Offered Basic","damage_taken":0,"max_hp_gain":0,"max_hp_loss":0,"event_name":"Bonfire Elementals","floor":21,"gold_loss":0},{"damage_healed":0,"gold_gain":0,"player_choice":"Got Potions","damage_taken":0,"max_hp_gain":0,"max_hp_loss":0,"event_name":"Lab","floor":29,"gold_loss":0},{"damage_healed":0,"gold_gain":0,"player_choice":"Fight","damage_taken":0,"max_hp_gain":0,"max_hp_loss":0,"event_name":"Mysterious Sphere","floor":36,"gold_loss":0}],"is_beta":false,"boss_relics":[{"not_picked":["Tiny House","Mark of Pain"],"picked":"Black Blood"},{"not_picked":["Philosopher\u0027s Stone","Coffee Dripper"],"picked":"Astrolabe"}],"items_purged_floors":[3,12],"is_endless":false,"potions_floor_spawned":[1,2,18,31],"killed_by":"2 Orb Walkers","ascension_level":1}