{"gold_per_floor":[114,129,79,79,98,98,163,163,190,216,230,230,230,130,130,235,235,252,49,120,120,133,165,165,10,56,56,56,74,85,96,96,191,191,210,210,110,120,173,187,187,187,212,222,222,70,70,47,47,47],"floor_reached":51,"playtime":2730,"items_purged":["Pain","Strike_G"],"score":696,"play_id":"475863e2-75d3-4927-944e-41ca3218ac46","local_time":"20190414114909","is_ascension_mode":false,"campfire_choices":[{"data":"Crippling Poison","floor":6,"key":"SMITH"},{"floor":8,"key":"REST"},{"floor":13,"key":"REST"},{"data":"Cloak And Dagger","floor":15,"key":"SMITH"},{"data":"Burst","floor":24,"key":"SMITH"},{"data":"Crippling Poison","floor":28,"key":"SMITH"},{"data":"Neutralize","floor":32,"key":"SMITH"},{"floor":41,"key":"REST"},{"floor":45,"key":"REST"},{"data":"Malaise","floor":47,"key":"SMITH"},{"data":"Bouncing Flask","floor":49,"key":"SMITH"}],"neow_cost":"NONE","seed_source_timestamp":6047612539300,"circlet_count":0,"master_deck":["Defend_G","Defend_G","Defend_G","Defend_G","Strike_G","Strike_G","Strike_G","Strike_G","Survivor+1","Neutralize+1","Backflip","Crippling Poison+1","Cloak And Dagger+1","Well Laid Plans","Poisoned Stab","Dodge and Roll","Burst+1","Terror","Crippling Poison+1","Flechettes","Deadly Poison+1","Bane+1","Malaise+1","Bouncing Flask+1","Catalyst+1","Backflip+1","Crippling Poison+1","PiercingWail"],"relics":["Ring of the Snake","Bronze Scales","Tiny Chest","Art of War","Dodecahedron","WarpedTongs","Sozu","ClockworkSouvenir","Letter Opener","Potion Belt","Question Card","Snake Skull","PreservedInsect","HoveringKite","Calipers","Ginger","Pen Nib","Lantern"],"potions_floor_usage":[16],"damage_taken":[{"damage":0,"enemies":"Jaw Worm","floor":1,"turns":4},{"damage":0,"enemies":"Small Slimes","floor":2,"turns":3},{"damage":0,"enemies":"Cultist","floor":5,"turns":4},{"damage":22,"enemies":"Lagavulin","floor":7,"turns":9},{"damage":9,"enemies":"3 Sentries","floor":10,"turns":9},{"damage":4,"enemies":"Large Slime","floor":11,"turns":7},{"damage":28,"enemies":"Slime Boss","floor":16,"turns":16},{"damage":0,"enemies":"3 Byrds","floor":18,"turns":3},{"damage":0,"enemies":"Spheric Guardian","floor":22,"turns":4},{"damage":0,"enemies":"Gremlin Leader","floor":23,"turns":4},{"damage":0,"enemies":"Cultist and Chosen","floor":29,"turns":4},{"damage":0,"enemies":"Snecko","floor":30,"turns":3},{"damage":0,"enemies":"Snake Plant","floor":31,"turns":2},{"damage":51,"enemies":"Automaton","floor":33,"turns":9},{"damage":0,"enemies":"Orb Walker","floor":35,"turns":4},{"damage":0,"enemies":"3 Shapes","floor":38,"turns":3},{"damage":19,"enemies":"2 Orb Walkers","floor":39,"turns":3},{"damage":17,"enemies":"3 Darklings","floor":40,"turns":4},{"damage":5,"enemies":"4 Shapes","floor":44,"turns":4},{"damage":36,"enemies":"Awakened One","floor":50,"turns":15}],"seed_played":"4319257077844741530","potions_obtained":[{"floor":1,"key":"Explosive Potion"},{"floor":7,"key":"AttackPotion"}],"is_trial":false,"path_per_floor":["M","M","?","?","M","R","E","R","T","E","M","?","R","$","R","B",null,"M","$","T","T","M","E","R","$","T","?","R","M","M","M","R","B",null,"M","?","$","M","?","M","R","T","T","M","R","$","R","$","R","B",null],"character_chosen":"THE_SILENT","items_purchased":["Dodge and Roll","ClockworkSouvenir","Snake Skull","Lantern","PiercingWail"],"campfire_rested":4,"item_purchase_floors":[14,19,25,46,48],"current_hp_per_floor":[70,70,70,70,70,70,48,69,69,60,56,56,70,70,70,42,70,70,70,70,70,70,70,70,70,70,70,70,70,70,70,70,19,70,70,70,70,70,51,34,55,55,55,50,70,70,70,70,70,34],"gold":47,"neow_bonus":"UPGRADE_CARD","is_prod":false,"is_daily":false,"chose_seed":false,"campfire_upgraded":7,"win_rate":0,"timestamp":1555267749,"path_taken":["M","M","?","?","M","R","E","R","T","E","?","?","R","$","R","BOSS","M","$","?","?","M","E","R","$","T","?","R","M","?","M","R","BOSS","M","?","$","M","?","M","R","?","T","M","R","?","R","$","R","BOSS"],"build_version":"2019-01-23","purchased_purges":2,"victory":true,"max_hp_per_floor":[70,70,70,70,70,70,70,70,70,70,70,70,70,70,70,70,70,70,70,70,70,70,70,70,70,70,70,70,70,70,70,70,70,70,70,70,70,70,70,70,70,70,70,70,70,70,70,70,70,70],"card_choices":[{"not_picked":["Masterful Stab","Prepared"],"picked":"Backflip","floor":1},{"not_picked":["Slice","Backstab"],"picked":"Crippling Poison","floor":2},{"not_picked":["Skewer","Calculated Gamble","Reflex"],"picked":"SKIP","floor":5},{"not_picked":["Infinite Blades","Envenom"],"picked":"Cloak And Dagger","floor":7},{"not_picked":["Cloak And Dagger","Flying Knee"],"picked":"Well Laid Plans","floor":10},{"not_picked":["Setup","Quick Slash"],"picked":"Poisoned Stab","floor":11},{"not_picked":["Envenom","Venomology"],"picked":"Burst","floor":16},{"not_picked":["Backflip","Dodge and Roll"],"picked":"Terror","floor":18},{"not_picked":["Slice","Reflex"],"picked":"Crippling Poison","floor":22},{"not_picked":["Leg Sweep","Dodge and Roll"],"picked":"Flechettes","floor":23},{"not_picked":["Slice","Deflect","Dodge and Roll"],"picked":"Deadly Poison+1","floor":29},{"not_picked":["Flechettes","Cloak And Dagger+1","Slice+1"],"picked":"Bane+1","floor":30},{"not_picked":["All Out Attack+1","Deflect+1","Backflip","Backstab"],"picked":"SKIP","floor":31},{"not_picked":["Die Die Die","Phantasmal Killer","After Image"],"picked":"Malaise","floor":33},{"not_picked":["Bane+1","PiercingWail","Deflect"],"picked":"Bouncing Flask","floor":35},{"not_picked":["Deadly Poison+1","Bane","Bouncing Flask"],"picked":"Catalyst+1","floor":38},{"not_picked":["Endless Agony+1","Footwork+1","Setup"],"picked":"Backflip+1","floor":40},{"not_picked":["Blade Dance+1","Quick Slash","Well Laid Plans"],"picked":"Crippling Poison+1","floor":44}],"player_experience":139743,"relics_obtained":[{"floor":7,"key":"Tiny Chest"},{"floor":9,"key":"Art of War"},{"floor":10,"key":"Dodecahedron"},{"floor":20,"key":"Letter Opener"},{"floor":21,"key":"Potion Belt"},{"floor":23,"key":"Question Card"},{"floor":26,"key":"PreservedInsect"},{"floor":39,"key":"Calipers"},{"floor":42,"key":"Ginger"},{"floor":43,"key":"Pen Nib"}],"event_choices":[{"cards_removed":["Defend_G"],"damage_healed":0,"gold_gain":0,"player_choice":"Card Removal","damage_taken":0,"max_hp_gain":0,"max_hp_loss":0,"event_name":"The Cleric","floor":3,"gold_loss":50},{"damage_healed":0,"gold_gain":0,"player_choice":"Gave Potion","damage_taken":0,"relics_obtained":["Bronze Scales"],"max_hp_gain":0,"max_hp_loss":0,"event_name":"WeMeetAgain","floor":4,"gold_loss":0},{"damage_healed":0,"gold_gain":0,"player_choice":"Rummage","damage_taken":0,"relics_obtained":["WarpedTongs"],"max_hp_gain":0,"max_hp_loss":0,"event_name":"Accursed Blacksmith","floor":12,"gold_loss":0,"cards_obtained":["Pain"]},{"damage_healed":0,"gold_gain":0,"player_choice":"Ignored","damage_taken":0,"max_hp_gain":0,"max_hp_loss":0,"event_name":"N\u0027loth","floor":27,"gold_loss":0},{"damage_healed":0,"gold_gain":0,"player_choice":"Ignored","damage_taken":0,"max_hp_gain":0,"max_hp_loss":0,"event_name":"Tomb of Lord Red Mask","floor":36,"gold_loss":0},{"damage_healed":0,"gold_gain":0,"player_choice":"Fight","damage_taken":0,"max_hp_gain":0,"max_hp_loss":0,"event_name":"Mysterious Sphere","floor":39,"gold_loss":0}],"is_beta":false,"boss_relics":[{"not_picked":["Black Star","Tiny House"],"picked":"Sozu"},{"not_picked":["Orrery","Coffee Dripper"],"picked":"HoveringKite"}],"items_purged_floors":[14,37],"is_endless":false,"potions_floor_spawned":[1,7,18,29,31,39,40,44],"ascension_level":0}