{"gold_per_floor":[112,127,127,137,147,147,178,178,256,256,256,256,268,293,293,388,388,407,407,256,270,287,313,313,332,332,332,20,20,20,31,31,130,130,140,140,157,75,93,122,122],"floor_reached":41,"playtime":2831,"items_purged":["Pain"],"score":476,"play_id":"71e38a53-b22a-4038-b7a4-96e2b8f7259f","local_time":"20190405124114","is_ascension_mode":false,"campfire_choices":[{"data":"Infernal Blade","floor":6,"key":"SMITH"},{"data":"Armaments","floor":8,"key":"SMITH"},{"data":"Pommel Strike","floor":11,"key":"SMITH"},{"floor":15,"key":"REST"},{"floor":24,"key":"REST"},{"data":"Seeing Red","floor":29,"key":"SMITH"},{"data":"Shrug It Off","floor":32,"key":"SMITH"}],"neow_cost":"NONE","seed_source_timestamp":661482882774017,"circlet_count":0,"master_deck":["Strike_R","Strike_R","Strike_R","Strike_R","Strike_R","Defend_R","Defend_R","Defend_R","Defend_R","Bash","Brutality","Iron Wave","Armaments+1","Infernal Blade+1","Pommel Strike+1","Reaper","Twin Strike","Shrug It Off","Shrug It Off","Immolate","Flex","Flex+1","Rage","Inflame+1","Shrug It Off+1","Shockwave","Seeing Red+1","Clothesline","Wild Strike+1","Sever Soul","Secret Technique","Iron Wave+1","Limit Break","Iron Wave+1","Dramatic Entrance","Fire Breathing+1","True Grit+1"],"relics":["Burning Blood","Prayer Wheel","Gremlin Horn","Centennial Puzzle","Red Skull","Runic Cube","WarpedTongs","Happy Flower","Bottled Flame","Omamori","Bronze Scales","Eternal Feather","Pen Nib"],"potions_floor_usage":[7,14,16,16,23,33,33,40,40,40],"damage_taken":[{"damage":0,"enemies":"Small Slimes","floor":1,"turns":3},{"damage":1,"enemies":"Cultist","floor":2,"turns":4},{"damage":4,"enemies":"Jaw Worm","floor":4,"turns":5},{"damage":3,"enemies":"Looter","floor":5,"turns":4},{"damage":22,"enemies":"3 Sentries","floor":7,"turns":7},{"damage":3,"enemies":"Red Slaver","floor":13,"turns":4},{"damage":9,"enemies":"Lagavulin","floor":14,"turns":5},{"damage":32,"enemies":"Hexaghost","floor":16,"turns":12},{"damage":17,"enemies":"Spheric Guardian","floor":18,"turns":4},{"damage":5,"enemies":"2 Thieves","floor":21,"turns":4},{"damage":13,"enemies":"3 Cultists","floor":22,"turns":3},{"damage":40,"enemies":"Book of Stabbing","floor":23,"turns":6},{"damage":4,"enemies":"Cultist and Chosen","floor":25,"turns":8},{"damage":2,"enemies":"Shelled Parasite and Fungi","floor":31,"turns":3},{"damage":43,"enemies":"Champ","floor":33,"turns":11},{"damage":11,"enemies":"3 Darklings","floor":35,"turns":3},{"damage":17,"enemies":"3 Shapes","floor":37,"turns":2},{"damage":39,"enemies":"Spire Growth","floor":39,"turns":5},{"damage":28,"enemies":"Giant Head","floor":40,"turns":7},{"damage":23,"enemies":"Writhing Mass","floor":41,"turns":3}],"seed_played":"-878128894770616847","potions_obtained":[{"floor":1,"key":"FearPotion"},{"floor":2,"key":"EssenceOfSteel"},{"floor":4,"key":"PowerPotion"},{"floor":7,"key":"SpeedPotion"},{"floor":13,"key":"Poison Potion"},{"floor":18,"key":"PowerPotion"},{"floor":25,"key":"Weak Potion"},{"floor":31,"key":"Weak Potion"},{"floor":36,"key":"Energy Potion"},{"floor":36,"key":"Energy Potion"},{"floor":36,"key":"LiquidBronze"},{"floor":39,"key":"PowerPotion"}],"is_trial":false,"path_per_floor":["M","M","?","M","M","R","E","R","T","?","R","?","M","E","R","B",null,"M","?","$","M","M","E","R","M","T","?","$","R","?","M","R","B",null,"M","?","M","$","M","E","M"],"character_chosen":"IRONCLAD","items_purchased":["Rage","Omamori","Secret Technique","Dramatic Entrance"],"campfire_rested":2,"item_purchase_floors":[20,28,28,38],"current_hp_per_floor":[80,80,80,80,80,80,64,64,64,64,64,57,60,57,80,54,80,69,69,69,70,63,40,64,66,66,66,66,66,66,70,70,33,80,80,80,69,69,36,14,0],"gold":122,"neow_bonus":"ONE_RANDOM_RARE_CARD","is_prod":false,"is_daily":false,"chose_seed":false,"campfire_upgraded":5,"win_rate":0,"timestamp":1554482474,"path_taken":["M","M","?","M","?","R","E","R","T","?","R","?","M","E","R","BOSS","M","?","$","?","M","E","R","M","T","?","$","R","?","M","R","BOSS","M","?","M","$","M","E","M"],"build_version":"2019-01-23","purchased_purges":1,"victory":false,"max_hp_per_floor":[80,80,80,80,80,80,80,80,80,80,80,80,80,80,80,80,80,80,80,80,80,80,80,80,80,80,80,80,80,80,80,80,80,80,80,80,80,80,80,80,80],"card_choices":[{"not_picked":["Hemokinesis","Whirlwind"],"picked":"Iron Wave","floor":1},{"not_picked":["Feel No Pain","Evolve"],"picked":"Armaments","floor":2},{"not_picked":["Reckless Charge","Clash"],"picked":"Infernal Blade","floor":4},{"not_picked":["Second Wind","Cleave"],"picked":"Pommel Strike","floor":5},{"not_picked":["Second Wind","Clash"],"picked":"Reaper","floor":7},{"not_picked":["Body Slam","Thunderclap"],"picked":"Twin Strike","floor":13},{"not_picked":["Searing Blow","Dual Wield"],"picked":"Shrug It Off","floor":13},{"not_picked":["Sentinel","Dropkick"],"picked":"Shrug It Off","floor":14},{"not_picked":["Juggernaut","Brutality"],"picked":"Immolate","floor":16},{"not_picked":["Feel No Pain+1","Havoc"],"picked":"Flex","floor":18},{"not_picked":["Body Slam","Wild Strike+1"],"picked":"Flex+1","floor":18},{"not_picked":["Clothesline+1","Heavy Blade+1"],"picked":"Inflame+1","floor":21},{"not_picked":["Carnage","Anger"],"picked":"Shrug It Off","floor":21},{"not_picked":["Thunderclap","Perfected Strike"],"picked":"Shockwave","floor":22},{"not_picked":["Second Wind","Feel No Pain"],"picked":"Seeing Red","floor":22},{"not_picked":["Inflame+1","Sentinel"],"picked":"Clothesline","floor":23},{"not_picked":["True Grit","Demon Form"],"picked":"Wild Strike+1","floor":25},{"not_picked":["Armaments","Warcry"],"picked":"Sever Soul","floor":25},{"not_picked":["Thunderclap+1","Disarm+1"],"picked":"Iron Wave+1","floor":31},{"not_picked":["Intimidate","True Grit","Flex"],"picked":"SKIP","floor":31},{"not_picked":["Berserk","Feed"],"picked":"Limit Break","floor":33},{"not_picked":["Burning Pact","Headbutt"],"picked":"Iron Wave+1","floor":35},{"not_picked":["Warcry","Iron Wave","True Grit"],"picked":"SKIP","floor":35},{"not_picked":["Havoc+1","Shrug It Off+1","Battle Trance"],"picked":"SKIP","floor":37},{"not_picked":["Pommel Strike+1","Hemokinesis+1","Carnage"],"picked":"SKIP","floor":37},{"not_picked":["Pommel Strike","Combust"],"picked":"Fire Breathing+1","floor":39},{"not_picked":["Hemokinesis","Heavy Blade+1","Brutality"],"picked":"SKIP","floor":39},{"not_picked":["Warcry+1","Feel No Pain"],"picked":"True Grit+1","floor":40}],"player_experience":48229,"relics_obtained":[{"floor":7,"key":"Prayer Wheel"},{"floor":9,"key":"Gremlin Horn"},{"floor":14,"key":"Red Skull"},{"floor":23,"key":"Happy Flower"},{"floor":26,"key":"Bottled Flame"},{"floor":40,"key":"Pen Nib"}],"event_choices":[{"damage_healed":0,"gold_gain":0,"player_choice":"Ignored","damage_taken":0,"max_hp_gain":0,"max_hp_loss":0,"event_name":"NoteForYourself","floor":3,"gold_loss":0},{"damage_healed":0,"gold_gain":0,"player_choice":"Ignored","damage_taken":0,"max_hp_gain":0,"max_hp_loss":0,"event_name":"Liars Game","floor":10,"gold_loss":0},{"damage_healed":0,"gold_gain":0,"player_choice":"Success","damage_taken":7,"relics_obtained":["Centennial Puzzle"],"max_hp_gain":0,"max_hp_loss":0,"event_name":"Scrap Ooze","floor":12,"gold_loss":0},{"damage_healed":0,"gold_gain":0,"player_choice":"Rummage","damage_taken":0,"relics_obtained":["WarpedTongs"],"max_hp_gain":0,"max_hp_loss":0,"event_name":"Accursed Blacksmith","floor":19,"gold_loss":0,"cards_obtained":["Pain"]},{"damage_healed":0,"gold_gain":0,"player_choice":"Ignored","damage_taken":0,"max_hp_gain":0,"max_hp_loss":0,"event_name":"Beggar","floor":27,"gold_loss":0},{"damage_healed":0,"gold_gain":0,"player_choice":"Stole Relic","damage_taken":0,"relics_obtained":["Bronze Scales"],"max_hp_gain":0,"max_hp_loss":0,"event_name":"Addict","floor":30,"gold_loss":0,"cards_obtained":["Shame"]},{"damage_healed":0,"gold_gain":0,"player_choice":"Got Potions","damage_taken":0,"max_hp_gain":0,"max_hp_loss":0,"event_name":"Lab","floor":36,"gold_loss":0}],"is_beta":false,"boss_relics":[{"not_picked":["Fusion Hammer","Ectoplasm"],"picked":"Runic Cube"},{"not_picked":["Empty Cage","Runic Dome"],"picked":"Eternal Feather"}],"items_purged_floors":[20],"is_endless":false,"potions_floor_spawned":[1,2,4,7,13,18,25,31,37,39],"killed_by":"Writhing Mass","ascension_level":0}