{"gold_per_floor":[117,127,147,159,159,159,234,38,38,38,38,38,38,56,56,153,153,166,180,180,280,380,380,380,380,403,403,403,434,434,1,1,99,99,99],"floor_reached":35,"playtime":1221,"items_purged":["Strike_R"],"score":384,"play_id":"be33b763-ee89-44f5-b56e-5ade8fe00a89","local_time":"20190411213542","is_ascension_mode":false,"campfire_choices":[{"data":"Bash","floor":6,"key":"SMITH"},{"data":"Carnage","floor":11,"key":"SMITH"},{"data":"Headbutt","floor":13,"key":"SMITH"},{"data":"Uppercut","floor":15,"key":"SMITH"},{"data":"True Grit","floor":23,"key":"SMITH"},{"data":"Double Tap","floor":25,"key":"SMITH"},{"data":"Shockwave","floor":27,"key":"SMITH"},{"data":"Feel No Pain","floor":30,"key":"SMITH"},{"data":"Rage","floor":32,"key":"SMITH"}],"neow_cost":"NONE","seed_source_timestamp":38263141102330,"circlet_count":0,"master_deck":["Strike_R","Strike_R","Defend_R","Defend_R","Defend_R","Defend_R","Bash+1","Headbutt+1","Battle Trance","Carnage+1","Uppercut+1","Fiend Fire","Shockwave+1","True Grit+1","Ghostly","Ghostly","Ghostly","Ghostly","Ghostly","Double Tap+1","Dropkick","Feel No Pain+1","Corruption","Rage+1","Offering"],"relics":["Burning Blood","Juzu Bracelet","Bird Faced Urn","Sling","Incense Burner","Snecko Eye","Pocketwatch","Bottled Lightning","Regal Pillow","PreservedInsect","Pear","Runic Pyramid"],"potions_floor_usage":[21],"damage_taken":[{"damage":10,"enemies":"Jaw Worm","floor":1,"turns":4},{"damage":4,"enemies":"2 Louse","floor":2,"turns":3},{"damage":5,"enemies":"Cultist","floor":3,"turns":4},{"damage":5,"enemies":"Looter","floor":4,"turns":4},{"damage":17,"enemies":"Exordium Thugs","floor":14,"turns":4},{"damage":12,"enemies":"Hexaghost","floor":16,"turns":9},{"damage":26,"enemies":"Spheric Guardian","floor":18,"turns":5},{"damage":10,"enemies":"3 Byrds","floor":19,"turns":4},{"damage":0,"enemies":"Colosseum Slavers","floor":21,"turns":2},{"damage":1,"enemies":"Colosseum Nobs","floor":21,"turns":3},{"damage":3,"enemies":"Gremlin Leader","floor":29,"turns":2},{"damage":7,"enemies":"Champ","floor":33,"turns":12}],"seed_played":"-6114936260477076835","potions_obtained":[{"floor":1,"key":"Swift Potion"},{"floor":3,"key":"Weak Potion"},{"floor":4,"key":"Poison Potion"},{"floor":18,"key":"AttackPotion"},{"floor":29,"key":"Poison Potion"},{"floor":33,"key":"LiquidBronze"}],"is_trial":false,"path_per_floor":["?","?","$","?","?","?","?","?","?","?"],"character_chosen":"IRONCLAD","items_purchased":["Sling","Corruption","Rage","Pear"],"campfire_rested":0,"item_purchase_floors":[8,31,31,31],"current_hp_per_floor":[76,78,79,80,77,77,66,66,66,66,66,80,80,69,69,63,80,60,56,40,40,40,40,35,35,35,35,35,38,38,48,48,51,55,0],"gold":99,"neow_bonus":"RANDOM_COMMON_RELIC","is_prod":false,"is_daily":false,"chose_seed":false,"campfire_upgraded":9,"win_rate":0.0,"timestamp":1554993342,"path_taken":["M","M","M","M","?","R","?","?","T","?","R","?","R","M","R","BOSS","M","M","?","?","?","R","?","R","T","R","?","E","R","$","R","BOSS","M"],"build_version":"2019-01-23","purchased_purges":1,"victory":false,"max_hp_per_floor":[80,80,80,80,80,80,80,80,80,80,80,80,80,80,80,80,80,80,80,40,40,40,40,45,45,45,45,45,45,45,55,55,55,55,55],"card_choices":[{"not_picked":["Clothesline","Searing Blow","Clash"],"picked":"SKIP","floor":1},{"not_picked":["Combust","Iron Wave"],"picked":"Headbutt","floor":2},{"not_picked":["Clothesline","Combust"],"picked":"Battle Trance","floor":3},{"not_picked":["Clash","Sever Soul"],"picked":"Carnage","floor":4},{"not_picked":["Cleave","Clash"],"picked":"Uppercut","floor":14},{"not_picked":["Impervious","Brutality"],"picked":"Fiend Fire","floor":16},{"not_picked":["Clothesline","Iron Wave"],"picked":"Shockwave","floor":18},{"not_picked":["Reckless Charge","Dropkick"],"picked":"True Grit","floor":19},{"not_picked":["Sword Boomerang","Clash"],"picked":"Double Tap","floor":21},{"not_picked":["Headbutt","Thunderclap+1"],"picked":"Feel No Pain","floor":29},{"not_picked":["Impervious","Brutality"],"picked":"Offering","floor":33}],"player_experience":671,"relics_obtained":[{"floor":9,"key":"Incense Burner"},{"floor":21,"key":"Pocketwatch"},{"floor":21,"key":"Bottled Lightning"},{"floor":26,"key":"Regal Pillow"},{"floor":29,"key":"PreservedInsect"}],"event_choices":[{"damage_healed":0,"gold_gain":0,"player_choice":"Success","damage_taken":3,"relics_obtained":["Bird Faced Urn"],"max_hp_gain":0,"max_hp_loss":0,"event_name":"Scrap Ooze","floor":5,"gold_loss":0},{"damage_healed":0,"gold_gain":75,"player_choice":"Gather Gold","damage_taken":11,"max_hp_gain":0,"max_hp_loss":0,"event_name":"World of Goop","floor":7,"gold_loss":0},{"cards_removed":["Strike_R"],"damage_healed":0,"gold_gain":0,"player_choice":"Forget","damage_taken":0,"max_hp_gain":0,"max_hp_loss":0,"event_name":"Living Wall","floor":10,"gold_loss":0},{"damage_healed":14,"gold_gain":0,"player_choice":"Full Heal","damage_taken":0,"max_hp_gain":0,"max_hp_loss":0,"event_name":"Wheel of Change","floor":12,"gold_loss":0},{"damage_healed":0,"gold_gain":0,"player_choice":"Became a Ghost","damage_taken":0,"max_hp_gain":0,"max_hp_loss":40,"event_name":"Ghosts","floor":20,"gold_loss":0,"cards_obtained":["Ghostly","Ghostly","Ghostly","Ghostly","Ghostly"]},{"damage_healed":0,"gold_gain":0,"player_choice":"Fight","damage_taken":0,"max_hp_gain":0,"max_hp_loss":0,"event_name":"Colosseum","floor":21,"gold_loss":0},{"damage_healed":0,"gold_gain":0,"player_choice":"Fought Nobs","damage_taken":0,"max_hp_gain":0,"max_hp_loss":0,"event_name":"Colosseum","floor":21,"gold_loss":0},{"damage_healed":0,"gold_gain":100,"player_choice":"Pray","damage_taken":0,"max_hp_gain":0,"max_hp_loss":0,"event_name":"Golden Shrine","floor":22,"gold_loss":0},{"damage_healed":0,"gold_gain":0,"player_choice":"Shed Blood","damage_taken":10,"max_hp_gain":5,"max_hp_loss":0,"event_name":"Forgotten Altar","floor":24,"gold_loss":0},{"damage_healed":0,"gold_gain":0,"cards_transformed":["Strike_R"],"player_choice":"Transformed","damage_taken":0,"max_hp_gain":0,"max_hp_loss":0,"event_name":"Transmorgrifier","floor":28,"gold_loss":0,"cards_obtained":["Dropkick"]}],"is_beta":false,"boss_relics":[{"not_picked":["Busted Crown","Runic Cube"],"picked":"Snecko Eye"},{"not_picked":["Lizard Tail","Coffee Dripper"],"picked":"Runic Pyramid"}],"items_purged_floors":[31],"is_endless":false,"potions_floor_spawned":[1,3,4,14,18,29,33],"killed_by":"3 Shapes","ascension_level":0}