{"gold_per_floor":[112,112,112,125,125,150,150,184,184,184,71,82,7,24,24,120,120,134,134,134,134,147,147],"floor_reached":23,"playtime":1472,"items_purged":["Strike_G"],"score":246,"play_id":"ed5e76cc-d785-49b2-a6d4-8f37c9a4c25a","local_time":"20190317131234","is_ascension_mode":true,"campfire_choices":[{"floor":10,"key":"REST"},{"floor":15,"key":"REST"}],"neow_cost":"NONE","seed_source_timestamp":1121048375540021,"circlet_count":0,"master_deck":["Defend_G","Defend_G","Defend_G","Defend_G","Defend_G","Strike_G","Strike_G","Strike_G","Survivor+1","Neutralize+1","Noxious Fumes","Well Laid Plans","Noxious Fumes","Catalyst","Infinite Blades","After Image"],"relics":["Runic Dome","The Specimen","Regal Pillow","Ninja Scroll","Turnip","Fusion Hammer"],"potions_floor_usage":[18,22],"damage_taken":[{"damage":5,"enemies":"Jaw Worm","floor":1,"turns":6},{"damage":0,"enemies":"Cultist","floor":4,"turns":4},{"damage":30,"enemies":"Gremlin Nob","floor":6,"turns":6},{"damage":13,"enemies":"Lagavulin","floor":8,"turns":9},{"damage":2,"enemies":"2 Louse","floor":12,"turns":2},{"damage":18,"enemies":"Large Slime","floor":14,"turns":5},{"damage":43,"enemies":"Slime Boss","floor":16,"turns":11},{"damage":22,"enemies":"3 Byrds","floor":18,"turns":6},{"damage":9,"enemies":"Shell Parasite","floor":22,"turns":7},{"damage":16,"enemies":"Book of Stabbing","floor":23,"turns":2}],"seed_played":"-3673238676553034464","potions_obtained":[{"floor":1,"key":"Fire Potion"},{"floor":12,"key":"Energy Potion"},{"floor":16,"key":"AttackPotion"},{"floor":18,"key":"SteroidPotion"}],"is_trial":false,"path_per_floor":["M","?","?","M","?","E","?","E","T","R","$","M","$","M","R","B",null,"M","?","?","?","M","E"],"character_chosen":"THE_SILENT","items_purchased":["Noxious Fumes","Infinite Blades"],"campfire_rested":2,"item_purchase_floors":[11,13],"current_hp_per_floor":[65,65,65,65,51,21,14,1,1,37,37,35,35,17,53,10,55,33,20,20,20,11,0],"gold":147,"neow_bonus":"BOSS_RELIC","is_prod":false,"is_daily":false,"chose_seed":false,"campfire_upgraded":0,"win_rate":0,"timestamp":1552842754,"path_taken":["M","?","?","?","?","E","?","E","T","R","?","M","$","M","R","BOSS","M","?","?","?","M","E"],"build_version":"2019-01-23","purchased_purges":1,"victory":false,"max_hp_per_floor":[70,70,70,70,70,70,70,70,70,70,70,70,70,70,70,70,70,70,75,75,75,75,75],"card_choices":[{"not_picked":["Concentrate","Flying Knee","Dagger Spray"],"picked":"SKIP","floor":1},{"not_picked":["Bane","Dagger Throw"],"picked":"Noxious Fumes","floor":4},{"not_picked":["Flying Knee","Slice"],"picked":"Well Laid Plans","floor":6},{"not_picked":["Prepared","PiercingWail","Finisher"],"picked":"SKIP","floor":8},{"not_picked":["Outmaneuver","Dodge and Roll"],"picked":"Catalyst","floor":12},{"not_picked":["Well Laid Plans","Dodge and Roll","Flechettes"],"picked":"SKIP","floor":14},{"not_picked":["Venomology","Glass Knife"],"picked":"After Image","floor":16},{"not_picked":["Setup+1","Deflect","Flechettes"],"picked":"SKIP","floor":18},{"not_picked":["Quick Slash","Deadly Poison","Blade Dance"],"picked":"SKIP","floor":22}],"player_experience":765815,"relics_obtained":[{"floor":6,"key":"Regal Pillow"},{"floor":8,"key":"Ninja Scroll"},{"floor":9,"key":"Turnip"}],"event_choices":[{"damage_healed":0,"gold_gain":0,"player_choice":"Ignored","damage_taken":0,"max_hp_gain":0,"max_hp_loss":0,"event_name":"Liars Game","floor":2,"gold_loss":0},{"damage_healed":0,"gold_gain":0,"player_choice":"Gave Potion","damage_taken":0,"relics_obtained":["The Specimen"],"max_hp_gain":0,"max_hp_loss":0,"event_name":"WeMeetAgain","floor":3,"gold_loss":0},{"damage_healed":0,"gold_gain":0,"player_choice":"Entered Light","damage_taken":14,"max_hp_gain":0,"max_hp_loss":0,"event_name":"Shining Light","floor":5,"gold_loss":0,"cards_upgraded":["Neutralize","Survivor"]},{"cards_removed":["Strike_G"],"damage_healed":0,"gold_gain":0,"player_choice":"Card Removal","damage_taken":7,"max_hp_gain":0,"max_hp_loss":0,"event_name":"Golden Wing","floor":7,"gold_loss":0},{"damage_healed":0,"gold_gain":0,"player_choice":"Shed Blood","damage_taken":18,"max_hp_gain":5,"max_hp_loss":0,"event_name":"Forgotten Altar","floor":19,"gold_loss":0},{"damage_healed":0,"gold_gain":0,"player_choice":"Ignored","damage_taken":0,"max_hp_gain":0,"max_hp_loss":0,"event_name":"The Mausoleum","floor":20,"gold_loss":0},{"damage_healed":0,"gold_gain":0,"player_choice":"Ignored","damage_taken":0,"max_hp_gain":0,"max_hp_loss":0,"event_name":"Ghosts","floor":21,"gold_loss":0}],"is_beta":false,"boss_relics":[{"not_picked":["White Beast Statue","Cursed Key"],"picked":"Fusion Hammer"}],"items_purged_floors":[11],"is_endless":false,"potions_floor_spawned":[1,12,16,18],"killed_by":"Book of Stabbing","ascension_level":5}