{"gold_per_floor":[118,118,129,141,151,151,170,170,170,22,22,37,55,71,71,169,169,188,188,204,204,219,219,236,236,236,271,25,125,25,45,45,144,144,157,32,0,100,100,100,125,143,143,143,162,182,200,200,200,200,200,200,54,87,87],"floor_reached":55,"playtime":3481,"items_purged":["Strike_R","Strike_R","Strike_R"],"score":756,"play_id":"6f1b9f92-49eb-48e0-9bde-da90336530ba","local_time":"20190425174240","is_ascension_mode":false,"campfire_choices":[{"data":"Barricade","floor":6,"key":"SMITH"},{"data":"Armaments","floor":11,"key":"SMITH"},{"floor":15,"key":"REST"},{"floor":23,"key":"RECALL"},{"data":"Body Slam","floor":25,"key":"SMITH"},{"data":"Apotheosis","floor":32,"key":"SMITH"},{"data":"Bash","floor":40,"key":"SMITH"},{"data":"Ghostly","floor":49,"key":"SMITH"},{"data":"Impervious","floor":52,"key":"SMITH"}],"neow_cost":"TEN_PERCENT_HP_LOSS","seed_source_timestamp":857359913823900,"circlet_count":0,"master_deck":["Defend_R","Defend_R","Defend_R","Bash+1","Barricade+1","Shrug It Off","Armaments+1","Body Slam+1","Whirlwind","Seeing Red","Intimidate","Impervious+1","Twin Strike","Ghostly+1","Ghostly","Ghostly","Ghostly","Ghostly","Iron Wave","Apotheosis+1","Juggernaut","Burning Pact+1","Offering+1","Fiend Fire+1","Headbutt","Master of Strategy","Madness","Madness","Flame Barrier+1","Feed","Impervious","Entrench"],"relics":["Burning Blood","Vajra","Black Star","Bronze Scales","Orichalcum","Pantograph","Paper Frog","Astrolabe","Red Mask","Champion Belt","Ancient Tea Set","Meat on the Bone","Boot","Dodecahedron"],"potions_floor_usage":[16,16,16,27,27,33,50,54,54,54,55,55],"damage_taken":[{"damage":3,"enemies":"Jaw Worm","floor":1,"turns":5},{"damage":4,"enemies":"Cultist","floor":3,"turns":4},{"damage":0,"enemies":"2 Louse","floor":4,"turns":3},{"damage":13,"enemies":"Exordium Wildlife","floor":5,"turns":6},{"damage":23,"enemies":"Exordium Thugs","floor":7,"turns":8},{"damage":11,"enemies":"Blue Slaver","floor":12,"turns":8},{"damage":30,"enemies":"Exordium Wildlife","floor":13,"turns":5},{"damage":0,"enemies":"2 Fungi Beasts","floor":14,"turns":2},{"damage":10,"enemies":"The Guardian","floor":16,"turns":9},{"damage":11,"enemies":"Chosen","floor":18,"turns":9},{"damage":0,"enemies":"Spheric Guardian","floor":20,"turns":6},{"damage":6,"enemies":"Snake Plant","floor":22,"turns":7},{"damage":12,"enemies":"Centurion and Healer","floor":24,"turns":14},{"damage":0,"enemies":"Slavers","floor":27,"turns":6},{"damage":9,"enemies":"3 Cultists","floor":31,"turns":8},{"damage":0,"enemies":"Collector","floor":33,"turns":12},{"damage":0,"enemies":"3 Shapes","floor":35,"turns":7},{"damage":1,"enemies":"Mind Bloom Boss Battle","floor":38,"turns":8},{"damage":13,"enemies":"Orb Walker","floor":42,"turns":6},{"damage":6,"enemies":"Jaw Worm Horde","floor":45,"turns":6},{"damage":16,"enemies":"4 Shapes","floor":46,"turns":7},{"damage":1,"enemies":"3 Darklings","floor":47,"turns":8},{"damage":8,"enemies":"Donu and Deca","floor":50,"turns":11},{"damage":25,"enemies":"Shield and Spear","floor":54,"turns":11},{"damage":42,"enemies":"The Heart","floor":55,"turns":9}],"seed_played":"5392217356565236538","potions_obtained":[{"floor":1,"key":"LiquidBronze"},{"floor":4,"key":"Weak Potion"},{"floor":12,"key":"PowerPotion"},{"floor":16,"key":"Energy Potion"},{"floor":20,"key":"GamblersBrew"},{"floor":22,"key":"Poison Potion"},{"floor":24,"key":"PowerPotion"},{"floor":38,"key":"PowerPotion"},{"floor":45,"key":"SpeedPotion"},{"floor":46,"key":"EntropicBrew"}],"is_trial":false,"path_per_floor":["M","?","M","M","M","R","M","?","T","$","R","M","M","M","R","B",null,"M","?","M","?","M","R","M","R","T","E","$","?","$","M","R","B",null,"M","$","?","?","?","R","T","M","T","?","M","M","M","$","R","B",null,"R","$","E","B"],"character_chosen":"IRONCLAD","items_purchased":["Vajra","Apotheosis","Impervious","Entrench"],"campfire_rested":1,"item_purchase_floors":[10,28,53,53],"current_hp_per_floor":[72,72,72,72,65,65,48,72,72,72,72,67,43,49,70,66,72,67,67,72,36,36,36,30,30,30,36,36,36,36,33,33,36,36,36,36,36,36,36,36,36,29,29,24,36,26,31,31,31,38,40,40,40,33,0],"gold":87,"neow_bonus":"THREE_RARE_CARDS","is_prod":false,"is_daily":false,"chose_seed":false,"campfire_upgraded":7,"win_rate":0,"timestamp":1556228560,"path_taken":["M","?","M","M","M","R","M","?","T","$","R","M","M","M","R","BOSS","M","?","M","?","M","R","M","R","T","E","$","?","$","?","R","BOSS","M","$","?","?","?","R","?","M","T","?","M","?","M","$","R","BOSS","R","$","E","BOSS"],"build_version":"2019-01-23","purchased_purges":3,"victory":false,"max_hp_per_floor":[72,72,72,72,72,72,72,72,72,72,72,72,72,72,72,72,72,72,72,72,36,36,36,36,36,36,36,36,36,36,36,36,36,36,36,36,36,36,36,36,36,36,36,36,36,36,36,36,36,40,40,40,40,40,40],"card_choices":[{"not_picked":["Fiend Fire","Exhume"],"picked":"Barricade","floor":0},{"not_picked":["Bloodletting","Anger"],"picked":"Shrug It Off","floor":1},{"not_picked":["Pommel Strike","True Grit","Infernal Blade"],"picked":"SKIP","floor":3},{"not_picked":["Pommel Strike","Hemokinesis"],"picked":"Armaments","floor":4},{"not_picked":["Cleave","Rampage"],"picked":"Body Slam","floor":5},{"not_picked":["Feel No Pain","Headbutt"],"picked":"Whirlwind","floor":7},{"not_picked":["True Grit","Warcry"],"picked":"Seeing Red","floor":12},{"not_picked":["Perfected Strike","Dropkick"],"picked":"Intimidate","floor":13},{"not_picked":["Pummel","Perfected Strike","Seeing Red"],"picked":"SKIP","floor":14},{"not_picked":["Juggernaut","Bludgeon"],"picked":"Impervious","floor":16},{"not_picked":["Havoc","Wild Strike"],"picked":"Twin Strike","floor":18},{"not_picked":["Perfected Strike","Rampage","Thunderclap"],"picked":"SKIP","floor":20},{"not_picked":["Burning Pact","Spot Weakness","Cleave"],"picked":"SKIP","floor":22},{"not_picked":["Anger+1","True Grit","Twin Strike+1"],"picked":"SKIP","floor":24},{"not_picked":["Searing Blow+1","Wild Strike+1"],"picked":"Iron Wave","floor":27},{"not_picked":["Sentinel","Havoc","Fire Breathing"],"picked":"SKIP","floor":31},{"not_picked":["Offering","Feed"],"picked":"Juggernaut","floor":33},{"not_picked":["Cleave","Clash+1","Burning Pact"],"picked":"SKIP","floor":35},{"not_picked":["Armaments","Thunderclap+1"],"picked":"Headbutt","floor":38},{"not_picked":["Secret Weapon","Enlightenment"],"picked":"Master of Strategy","floor":39},{"not_picked":["Cleave","Armaments+1","Havoc"],"picked":"SKIP","floor":42},{"not_picked":["Sword Boomerang+1","Iron Wave"],"picked":"Flame Barrier+1","floor":45},{"not_picked":["Headbutt","Burning Pact","Clash+1"],"picked":"SKIP","floor":46},{"not_picked":["True Grit","Dropkick+1"],"picked":"Feed","floor":47},{"not_picked":["Second Wind","Warcry+1","Pommel Strike"],"picked":"SKIP","floor":54}],"player_experience":241274,"relics_obtained":[{"floor":26,"key":"Orichalcum"},{"floor":27,"key":"Pantograph"},{"floor":27,"key":"Paper Frog"},{"floor":38,"key":"Champion Belt"},{"floor":41,"key":"Ancient Tea Set"},{"floor":43,"key":"Meat on the Bone"},{"floor":54,"key":"Boot"},{"floor":54,"key":"Dodecahedron"}],"event_choices":[{"damage_healed":0,"gold_gain":0,"player_choice":"Ignored","damage_taken":0,"max_hp_gain":0,"max_hp_loss":0,"event_name":"Liars Game","floor":2,"gold_loss":0},{"damage_healed":24,"gold_gain":0,"player_choice":"Full Heal","damage_taken":0,"max_hp_gain":0,"max_hp_loss":0,"event_name":"Wheel of Change","floor":8,"gold_loss":0},{"damage_healed":0,"gold_gain":0,"player_choice":"Opened","damage_taken":0,"relics_obtained":["Bronze Scales"],"max_hp_gain":0,"max_hp_loss":0,"event_name":"The Mausoleum","floor":19,"gold_loss":0},{"damage_healed":0,"gold_gain":0,"player_choice":"Became a Ghost","damage_taken":0,"max_hp_gain":0,"max_hp_loss":36,"event_name":"Ghosts","floor":21,"gold_loss":0,"cards_obtained":["Ghostly","Ghostly","Ghostly","Ghostly","Ghostly"]},{"damage_healed":0,"gold_gain":100,"player_choice":"Pray","damage_taken":0,"max_hp_gain":0,"max_hp_loss":0,"event_name":"Golden Shrine","floor":29,"gold_loss":0},{"damage_healed":0,"gold_gain":0,"player_choice":"Paid","damage_taken":0,"relics_obtained":["Red Mask"],"max_hp_gain":0,"max_hp_loss":0,"event_name":"Tomb of Lord Red Mask","floor":37,"gold_loss":32},{"damage_healed":0,"gold_gain":0,"player_choice":"Fight","damage_taken":0,"max_hp_gain":0,"max_hp_loss":0,"event_name":"MindBloom","floor":38,"gold_loss":0},{"damage_healed":0,"gold_gain":0,"player_choice":"Memory 1","damage_taken":0,"max_hp_gain":0,"max_hp_loss":0,"event_name":"SensoryStone","floor":39,"gold_loss":0},{"damage_healed":0,"gold_gain":0,"player_choice":"Embrace Madness","damage_taken":5,"max_hp_gain":0,"max_hp_loss":0,"event_name":"Winding Halls","floor":44,"gold_loss":0,"cards_obtained":["Madness","Madness"]}],"is_beta":false,"boss_relics":[{"not_picked":["Pandora\u0027s Box","Runic Cube"],"picked":"Black Star"},{"not_picked":["Eternal Feather","Snecko Eye"],"picked":"Astrolabe"}],"items_purged_floors":[28,30,36],"is_endless":false,"potions_floor_spawned":[1,4,12,13,14,16,20,22,24,38,45,46],"killed_by":"The Heart","ascension_level":0}