{"gold_per_floor":[118,118,12,12,24,24,50,70,70,145,145,64,64,99,99,172,172,183,193,210,235,255,290,290,305,305,305,355,355,355],"floor_reached":30,"playtime":1684,"items_purged":[],"score":473,"play_id":"7ba395f1-5a02-4e6e-9a00-11e82576e94b","local_time":"20190421132441","is_ascension_mode":true,"campfire_choices":[{"data":"Defragment","floor":6,"key":"SMITH"},{"floor":11,"key":"REST"},{"data":"Consume","floor":13,"key":"SMITH"},{"data":"Sunder","floor":15,"key":"SMITH"},{"floor":24,"key":"REST"}],"neow_cost":"PERCENT_DAMAGE","seed_source_timestamp":616880313691015,"circlet_count":0,"master_deck":["AscendersBane","Strike_B","Strike_B","Defend_B","Defend_B","Defend_B","Defend_B","Zap","Dualcast","Defragment+1","Chill","Consume+1","BootSequence","Sunder+1","Electrodynamics","Biased Cognition","Conserve Battery","Cold Snap","BootSequence"],"relics":["Cracked Core","Pantograph","Strawberry","Juzu Bracelet","Sundial","Sozu","Red Mask","Lantern","Boot","PreservedInsect"],"potions_floor_usage":[18,19],"damage_taken":[{"damage":4,"enemies":"2 Louse","floor":1,"turns":2},{"damage":2,"enemies":"Jaw Worm","floor":5,"turns":4},{"damage":11,"enemies":"3 Sentries","floor":7,"turns":9},{"damage":4,"enemies":"Cultist","floor":8,"turns":3},{"damage":8,"enemies":"Lagavulin","floor":14,"turns":6},{"damage":13,"enemies":"Slime Boss","floor":16,"turns":8},{"damage":8,"enemies":"Spheric Guardian","floor":18,"turns":4},{"damage":0,"enemies":"Chosen","floor":19,"turns":4},{"damage":21,"enemies":"Shelled Parasite and Fungi","floor":20,"turns":6},{"damage":21,"enemies":"Masked Bandits","floor":21,"turns":4},{"damage":16,"enemies":"Snake Plant","floor":22,"turns":3},{"damage":15,"enemies":"Gremlin Leader","floor":23,"turns":6},{"damage":16,"enemies":"Snecko","floor":25,"turns":4},{"damage":16,"enemies":"Shelled Parasite and Fungi","floor":30,"turns":3}],"seed_played":"6373982302490333182","potions_obtained":[{"floor":5,"key":"Ancient Potion"},{"floor":7,"key":"SkillPotion"}],"is_trial":false,"path_per_floor":["M","?","$","?","M","R","E","M","T","?","R","$","R","E","R","B",null,"M","M","M","?","M","E","R","M","T","?","?","T","M"],"character_chosen":"DEFECT","items_purchased":["Defragment","Chill","Electrodynamics"],"campfire_rested":2,"item_purchase_floors":[3,3,12],"current_hp_per_floor":[56,49,49,49,47,47,43,39,39,28,55,55,55,47,47,59,84,76,76,55,34,18,3,30,14,14,14,14,14,0],"gold":355,"neow_bonus":"TWENTY_PERCENT_HP_BONUS","is_prod":false,"is_daily":false,"chose_seed":false,"campfire_upgraded":3,"win_rate":0,"timestamp":1555867481,"path_taken":["M","?","$","?","?","R","E","M","T","?","R","?","R","E","R","BOSS","M","M","M","?","M","E","R","M","T","?","?","?","M"],"build_version":"2019-01-23","purchased_purges":0,"victory":false,"max_hp_per_floor":[85,85,85,85,85,85,92,92,92,92,92,92,92,92,92,92,92,92,92,92,92,92,92,92,92,92,92,92,92,92],"card_choices":[{"not_picked":["Stack","Auto Shields"],"picked":"Coolheaded","floor":1},{"not_picked":["Chaos","Sweeping Beam"],"picked":"Consume","floor":5},{"not_picked":["Stack","Go for the Eyes"],"picked":"BootSequence","floor":7},{"not_picked":["Coolheaded","Heatsinks"],"picked":"Sunder","floor":8},{"not_picked":["Sunder","Tempest","Darkness"],"picked":"SKIP","floor":14},{"not_picked":["Fission","Amplify"],"picked":"Biased Cognition","floor":16},{"not_picked":["Ball Lightning","Go for the Eyes","Scrape"],"picked":"SKIP","floor":18},{"not_picked":["Steam+1","Reinforced Body"],"picked":"Conserve Battery","floor":19},{"not_picked":["Compile Driver","Stack"],"picked":"Cold Snap","floor":20},{"not_picked":["Steam","Ball Lightning"],"picked":"BootSequence","floor":22},{"not_picked":["Sweeping Beam","Scrape","Static Discharge"],"picked":"SKIP","floor":23},{"not_picked":["Go for the Eyes","Force Field","Amplify"],"picked":"SKIP","floor":25}],"player_experience":848664,"relics_obtained":[{"floor":7,"key":"Strawberry"},{"floor":9,"key":"Juzu Bracelet"},{"floor":14,"key":"Sundial"},{"floor":21,"key":"Red Mask"},{"floor":23,"key":"Lantern"},{"floor":26,"key":"Boot"},{"floor":29,"key":"PreservedInsect"}],"event_choices":[{"cards_removed":["Strike_B"],"damage_healed":0,"gold_gain":0,"player_choice":"Card Removal","damage_taken":7,"max_hp_gain":0,"max_hp_loss":0,"event_name":"Golden Wing","floor":2,"gold_loss":0},{"cards_removed":["Coolheaded"],"damage_healed":0,"gold_gain":0,"player_choice":"Gave Card","damage_taken":0,"relics_obtained":["Pantograph"],"max_hp_gain":0,"max_hp_loss":0,"event_name":"WeMeetAgain","floor":4,"gold_loss":0},{"damage_healed":0,"gold_gain":75,"player_choice":"Gather Gold","damage_taken":11,"max_hp_gain":0,"max_hp_loss":0,"event_name":"World of Goop","floor":10,"gold_loss":0},{"damage_healed":0,"gold_gain":0,"player_choice":"Fought Bandits","damage_taken":0,"max_hp_gain":0,"max_hp_loss":0,"event_name":"Masked Bandits","floor":21,"gold_loss":0},{"cards_removed":["Strike_B"],"damage_healed":0,"gold_gain":0,"player_choice":"Elegance","damage_taken":0,"max_hp_gain":0,"max_hp_loss":0,"event_name":"Back to Basics","floor":27,"gold_loss":0},{"damage_healed":0,"gold_gain":50,"player_choice":"Stole From Cult","damage_taken":0,"max_hp_gain":0,"max_hp_loss":0,"event_name":"Nest","floor":28,"gold_loss":0}],"is_beta":false,"boss_relics":[{"not_picked":["Eternal Feather","Fusion Hammer"],"picked":"Sozu"}],"items_purged_floors":[],"is_endless":false,"potions_floor_spawned":[5,7,16,18,20,23,25],"killed_by":"Shelled Parasite and Fungi","ascension_level":15}