{"gold_per_floor":[111,91,110,123,123,123,152,152,175,188,188,43,43,19,19,119,119,134,169,169,188,103,103,103,103,126,154,5,5,5,17,17,17],"floor_reached":33,"playtime":1464,"items_purged":["Defend_G"],"score":284,"play_id":"d05841f3-cfff-4861-b4c6-9779516a07ea","local_time":"20190423112922","is_ascension_mode":false,"campfire_choices":[{"data":"Malaise","floor":6,"key":"SMITH"},{"floor":8,"key":"REST"},{"data":"Cloak And Dagger","floor":11,"key":"SMITH"},{"data":"Accuracy","floor":13,"key":"SMITH"},{"data":"PiercingWail","floor":15,"key":"SMITH"},{"data":"Burst","floor":23,"key":"SMITH"},{"floor":25,"key":"RECALL"},{"floor":30,"key":"REST"},{"floor":32,"key":"REST"}],"neow_cost":"NONE","seed_source_timestamp":664184701340100,"circlet_count":0,"master_deck":["Survivor","Neutralize+1","Malaise+1","All Out Attack+1","Cloak And Dagger+1","Dagger Throw","Backflip","Accuracy+1","PiercingWail+1","Corpse Explosion","Grand Finale","Caltrops","PiercingWail+1","Bouncing Flask","Burst+1","Bouncing Flask","Dagger Spray","Backflip","Infinite Blades","Dash","Quick Slash+1","Cloak And Dagger","Escape Plan+1","Accuracy","Blur+1"],"relics":["Ring of the Snake","Art of War","Whetstone","Pandora\u0027s Box","Red Mask","Ninja Scroll","War Paint","Boot","Pen Nib"],"potions_floor_usage":[16,16,27],"damage_taken":[{"damage":0,"enemies":"Small Slimes","floor":1,"turns":5},{"damage":2,"enemies":"Cultist","floor":3,"turns":4},{"damage":0,"enemies":"Jaw Worm","floor":4,"turns":5},{"damage":9,"enemies":"3 Sentries","floor":7,"turns":5},{"damage":0,"enemies":"Exordium Thugs","floor":10,"turns":4},{"damage":23,"enemies":"Hexaghost","floor":16,"turns":11},{"damage":6,"enemies":"Spheric Guardian","floor":18,"turns":3},{"damage":9,"enemies":"Masked Bandits","floor":19,"turns":3},{"damage":0,"enemies":"3 Byrds","floor":21,"turns":2},{"damage":19,"enemies":"Book of Stabbing","floor":27,"turns":3},{"damage":6,"enemies":"Centurion and Healer","floor":31,"turns":3},{"damage":69,"enemies":"Automaton","floor":33,"turns":6}],"seed_played":"542706265488893015","potions_obtained":[{"floor":1,"key":"AttackPotion"},{"floor":2,"key":"Strength Potion"},{"floor":3,"key":"Poison Potion"},{"floor":19,"key":"FearPotion"},{"floor":27,"key":"Strength Potion"},{"floor":31,"key":"Poison Potion"}],"is_trial":false,"path_per_floor":["M","?","M","M","?","R","E","R","T","M","R","$","R","$","R","B",null,"M","?","?","M","?","R","?","R","T","E","$","?","R","M","R","B"],"character_chosen":"THE_SILENT","items_purchased":["Accuracy","PiercingWail","Pen Nib"],"campfire_rested":3,"item_purchase_floors":[12,14,28],"current_hp_per_floor":[70,70,68,68,54,54,45,66,66,66,66,66,66,66,66,43,70,64,55,55,55,55,55,55,55,55,36,36,23,45,39,61,0],"gold":17,"neow_bonus":"ONE_RANDOM_RARE_CARD","is_prod":false,"is_daily":false,"chose_seed":false,"campfire_upgraded":5,"win_rate":0,"timestamp":1556033362,"path_taken":["M","?","M","?","?","R","E","R","T","M","R","?","R","$","R","BOSS","M","?","?","?","?","R","?","R","T","E","$","?","R","M","R","BOSS"],"build_version":"2019-01-23","purchased_purges":1,"victory":false,"max_hp_per_floor":[70,70,70,70,70,70,70,70,70,70,70,70,70,70,70,70,70,70,70,70,70,70,70,70,70,70,70,70,75,75,75,75,75],"card_choices":[{"not_picked":["Well Laid Plans","Leg Sweep"],"picked":"All Out Attack","floor":1},{"not_picked":["Concentrate","Prepared"],"picked":"Cloak And Dagger","floor":3},{"not_picked":["Acrobatics","Blade Dance"],"picked":"Dagger Throw","floor":4},{"not_picked":["Dagger Throw","Acrobatics"],"picked":"Backflip","floor":7},{"not_picked":["Tactician","Bane"],"picked":"Dagger Spray","floor":10},{"not_picked":["Tools of the Trade","Grand Finale"],"picked":"Corpse Explosion","floor":16},{"not_picked":["Flying Knee","Infinite Blades+1"],"picked":"Dash","floor":18},{"not_picked":["Crippling Poison","Infinite Blades"],"picked":"Quick Slash+1","floor":19},{"not_picked":["Deflect","Footwork"],"picked":"Escape Plan","floor":21},{"not_picked":["Outmaneuver+1","Acrobatics+1","PiercingWail+1"],"picked":"SKIP","floor":27},{"not_picked":["Bane","Dagger Throw"],"picked":"Blur+1","floor":31}],"player_experience":223803,"relics_obtained":[{"floor":7,"key":"Art of War"},{"floor":9,"key":"Whetstone"},{"floor":19,"key":"Red Mask"},{"floor":26,"key":"War Paint"},{"floor":27,"key":"Boot"}],"event_choices":[{"damage_healed":0,"gold_gain":0,"player_choice":"Bought 1 Potion","damage_taken":0,"max_hp_gain":0,"max_hp_loss":0,"event_name":"The Woman in Blue","floor":2,"gold_loss":0},{"damage_healed":0,"gold_gain":0,"player_choice":"Entered Light","damage_taken":14,"max_hp_gain":0,"max_hp_loss":0,"event_name":"Shining Light","floor":5,"gold_loss":0,"cards_upgraded":["Strike_G","All Out Attack"]},{"damage_healed":0,"gold_gain":0,"player_choice":"Fought Bandits","damage_taken":0,"max_hp_gain":0,"max_hp_loss":0,"event_name":"Masked Bandits","floor":19,"gold_loss":0},{"damage_healed":0,"gold_gain":0,"cards_transformed":["Dagger Spray"],"player_choice":"Transformed","damage_taken":0,"max_hp_gain":0,"max_hp_loss":0,"event_name":"Transmorgrifier","floor":20,"gold_loss":0,"cards_obtained":["Cloak And Dagger"]},{"damage_healed":0,"gold_gain":0,"player_choice":"Obtained Relic","damage_taken":0,"relics_obtained":["Ninja Scroll"],"max_hp_gain":0,"max_hp_loss":0,"event_name":"Addict","floor":22,"gold_loss":85},{"damage_healed":0,"gold_gain":0,"player_choice":"Read","damage_taken":0,"max_hp_gain":0,"max_hp_loss":0,"event_name":"The Library","floor":24,"gold_loss":0,"cards_obtained":["Accuracy"]},{"damage_healed":0,"gold_gain":0,"player_choice":"Shed Blood","damage_taken":18,"max_hp_gain":5,"max_hp_loss":0,"event_name":"Forgotten Altar","floor":29,"gold_loss":0}],"is_beta":false,"boss_relics":[{"not_picked":["HoveringKite","Runic Pyramid"],"picked":"Pandora\u0027s Box"}],"items_purged_floors":[12],"is_endless":false,"potions_floor_spawned":[1,3,7,19,27,31],"killed_by":"Automaton","ascension_level":0}