{"gold_per_floor":[114,64,239,89,39,39,64,74,101,101,101,115,149,161,161,265,265,278,278,278,278,298,298,312,312,312,130,5,5,5,33,33,33],"floor_reached":33,"playtime":863,"items_purged":["Doubt","Normality","Pain"],"score":309,"play_id":"6625708c-61b0-4a1d-b8e6-4147da3808ac","local_time":"20190426031029","is_ascension_mode":true,"campfire_choices":[{"data":"Bash","floor":6,"key":"SMITH"},{"data":"Anger","floor":10,"key":"SMITH"},{"data":"True Grit","floor":15,"key":"SMITH"},{"data":"Heavy Blade","floor":23,"key":"SMITH"},{"data":"RitualDagger","floor":25,"key":"SMITH"},{"data":"Spot Weakness","floor":32,"key":"SMITH"}],"neow_cost":"NONE","seed_source_timestamp":33109900688595,"circlet_count":0,"master_deck":["Strike_R","Strike_R","Strike_R","Strike_R","Defend_R","Defend_R","Defend_R","Defend_R","Bash+1","Shrug It Off","Carnage","Combust","Anger+1","Regret","True Grit+1","Heavy Blade+1","Battle Trance","Reaper","Parasite","Rage+1","RitualDagger+1","Cleave+1","Iron Wave+1","Spot Weakness+1"],"relics":["Bag of Preparation","Champion Belt","Vajra","PreservedInsect","Du-Vu Doll","Calling Bell","Bag of Marbles","Matryoshka","Ice Cream","Frozen Egg 2","Letter Opener","Incense Burner","Happy Flower","Regal Pillow","Nloth\u0027s Gift","Dodecahedron"],"potions_floor_usage":[7,7,13,16,33,33],"damage_taken":[{"damage":0,"enemies":"2 Louse","floor":1,"turns":2},{"damage":14,"enemies":"Gremlin Nob","floor":7,"turns":3},{"damage":4,"enemies":"Jaw Worm","floor":8,"turns":3},{"damage":0,"enemies":"Small Slimes","floor":12,"turns":2},{"damage":24,"enemies":"Lagavulin","floor":13,"turns":5},{"damage":1,"enemies":"Red Slaver","floor":14,"turns":4},{"damage":50,"enemies":"Hexaghost","floor":16,"turns":7},{"damage":8,"enemies":"2 Thieves","floor":18,"turns":3},{"damage":8,"enemies":"Chosen","floor":22,"turns":3},{"damage":25,"enemies":"Centurion and Healer","floor":24,"turns":8},{"damage":0,"enemies":"Slavers","floor":31,"turns":2},{"damage":70,"enemies":"Automaton","floor":33,"turns":6}],"seed_played":"1133326403538703283","potions_obtained":[{"floor":0,"key":"BloodPotion"},{"floor":0,"key":"Strength Potion"},{"floor":0,"key":"PowerPotion"},{"floor":1,"key":"AttackPotion"},{"floor":8,"key":"Regen Potion"},{"floor":12,"key":"LiquidBronze"},{"floor":14,"key":"Swift Potion"},{"floor":22,"key":"BloodPotion"}],"is_trial":false,"path_per_floor":["?","?","$","?","M","?","?","?","T","$","?"],"character_chosen":"IRONCLAD","items_purchased":["Carnage","Spot Weakness"],"campfire_rested":0,"item_purchase_floors":[4,27],"current_hp_per_floor":[80,80,80,80,80,80,72,74,74,74,74,80,62,67,67,37,80,78,78,72,72,70,70,51,51,51,51,51,51,51,58,58,0],"gold":33,"neow_bonus":"THREE_SMALL_POTIONS","is_prod":false,"is_daily":false,"chose_seed":false,"campfire_upgraded":6,"win_rate":0,"timestamp":1556223029,"path_taken":["M","?","?","?","?","R","E","?","T","R","?","M","E","M","R","BOSS","M","?","?","?","M","R","M","R","T","?","$","?","$","E","R","BOSS"],"build_version":"2019-01-23","purchased_purges":3,"victory":false,"max_hp_per_floor":[80,80,80,80,80,80,80,80,80,80,80,80,80,80,80,80,80,80,80,80,80,80,80,80,80,80,80,80,80,80,80,80,80],"card_choices":[{"not_picked":["Thunderclap","Headbutt"],"picked":"Shrug It Off","floor":1},{"not_picked":["Iron Wave","Immolate"],"picked":"Combust","floor":7},{"not_picked":["True Grit","Cleave"],"picked":"Anger","floor":8},{"not_picked":["Warcry","Burning Pact"],"picked":"True Grit","floor":12},{"not_picked":["Searing Blow","Evolve"],"picked":"Heavy Blade","floor":13},{"not_picked":["Whirlwind","Disarm"],"picked":"Battle Trance","floor":14},{"not_picked":["Impervious","Double Tap"],"picked":"Reaper","floor":16},{"not_picked":["Fire Breathing","Burning Pact"],"picked":"Rage+1","floor":18},{"not_picked":["Clothesline","Bloodletting"],"picked":"Cleave+1","floor":22},{"not_picked":["Sword Boomerang","Armaments"],"picked":"Iron Wave+1","floor":24},{"not_picked":["Dark Embrace+1","Bloodletting","Bludgeon"],"picked":"SKIP","floor":31}],"player_experience":65775,"relics_obtained":[{"floor":7,"key":"Champion Belt"},{"floor":9,"key":"Vajra"},{"floor":13,"key":"Du-Vu Doll"},{"floor":17,"key":"Bag of Marbles"},{"floor":17,"key":"Matryoshka"},{"floor":17,"key":"Ice Cream"},{"floor":21,"key":"Letter Opener"},{"floor":21,"key":"Incense Burner"},{"floor":26,"key":"Happy Flower"},{"floor":26,"key":"Regal Pillow"},{"floor":31,"key":"Dodecahedron"}],"event_choices":[{"cards_removed":["Strike_R"],"damage_healed":0,"gold_gain":0,"player_choice":"Card Removal","damage_taken":0,"max_hp_gain":0,"max_hp_loss":0,"event_name":"The Cleric","floor":2,"gold_loss":50},{"damage_healed":0,"gold_gain":175,"player_choice":"AGREE","damage_taken":0,"max_hp_gain":0,"max_hp_loss":0,"event_name":"Liars Game","floor":3,"gold_loss":0,"cards_obtained":["Doubt"]},{"damage_healed":0,"gold_gain":0,"player_choice":"Paid Gold","damage_taken":0,"relics_obtained":["Bag of Preparation"],"max_hp_gain":0,"max_hp_loss":0,"event_name":"WeMeetAgain","floor":5,"gold_loss":50},{"damage_healed":0,"gold_gain":0,"player_choice":"Box","damage_taken":0,"relics_obtained":["PreservedInsect"],"max_hp_gain":0,"max_hp_loss":0,"event_name":"Big Fish","floor":11,"gold_loss":0,"cards_obtained":["Regret"]},{"damage_healed":0,"gold_gain":0,"player_choice":"Opened","damage_taken":0,"relics_obtained":["Frozen Egg 2"],"max_hp_gain":0,"max_hp_loss":0,"event_name":"The Mausoleum","floor":19,"gold_loss":0},{"damage_healed":0,"gold_gain":0,"player_choice":"Joined the Cult","damage_taken":6,"max_hp_gain":0,"max_hp_loss":0,"event_name":"Nest","floor":20,"gold_loss":0,"cards_obtained":["RitualDagger"]},{"damage_healed":0,"gold_gain":0,"player_choice":"Traded Relic","damage_taken":0,"relics_obtained":["Nloth\u0027s Gift"],"max_hp_gain":0,"max_hp_loss":0,"event_name":"N\u0027loth","floor":29,"relics_lost":["Burning Blood"],"gold_loss":0}],"is_beta":false,"boss_relics":[{"not_picked":["Snecko Eye","Tiny House"],"picked":"Calling Bell"}],"items_purged_floors":[4,27,28],"is_endless":false,"potions_floor_spawned":[1,8,12,14,22,31],"killed_by":"Automaton","ascension_level":1}