{"gold_per_floor":[118,138,153,153,164,191,191,207,207,207,5,5,22,22,22,141,141,160,180,193,68,82,82,97,118,118,118,33,33,72,95,95,215,215,231,231,244,244],"floor_reached":38,"playtime":11165,"items_purged":["Strike_B","Defend_B"],"score":425,"play_id":"68682ab9-36a5-4a61-9a9f-089effde548c","local_time":"20190223191827","is_ascension_mode":false,"campfire_choices":[{"floor":10,"key":"REST"},{"floor":12,"key":"REST"},{"floor":15,"key":"REST"},{"floor":23,"key":"REST"},{"floor":27,"key":"REST"},{"floor":32,"key":"REST"}],"neow_cost":"NONE","seed_source_timestamp":670315885647797,"circlet_count":0,"master_deck":["Strike_B","Strike_B","Defend_B","Defend_B","Defend_B","Zap","Dualcast","White Noise","Sweeping Beam","Streamline","Skim","Sweeping Beam","Leap","Self Repair","Stack","Auto Shields","Electrodynamics","Lockon","Leap","Glacier","Aggregate","Defragment","Ball Lightning","Compile Driver+1","Cold Snap","Conserve Battery","Go for the Eyes+1","Tempest","Chaos+1","Cold Snap","J.A.X.+1","Conserve Battery+1","BootSequence+1","Multi-Cast+1","Aggregate+1","Enlightenment+1","Thunder Strike","Streamline+1"],"relics":["FrozenCore","NeowsBlessing","Unceasing Top","Turnip","Ice Cream","Golden Idol","Orrery","Toxic Egg 2","Meat on the Bone"],"potions_floor_usage":[6,16,20,22,24,33,33,33],"damage_taken":[{"damage":0,"enemies":"2 Louse","floor":1,"turns":1},{"damage":0,"enemies":"Small Slimes","floor":2,"turns":1},{"damage":0,"enemies":"Jaw Worm","floor":3,"turns":1},{"damage":21,"enemies":"Gremlin Gang","floor":5,"turns":4},{"damage":29,"enemies":"Gremlin Nob","floor":6,"turns":5},{"damage":9,"enemies":"Blue Slaver","floor":8,"turns":6},{"damage":11,"enemies":"3 Louse","floor":13,"turns":3},{"damage":38,"enemies":"Slime Boss","floor":16,"turns":13},{"damage":3,"enemies":"Shell Parasite","floor":18,"turns":9},{"damage":1,"enemies":"Spheric Guardian","floor":19,"turns":4},{"damage":47,"enemies":"Shelled Parasite and Fungi","floor":20,"turns":11},{"damage":22,"enemies":"3 Cultists","floor":22,"turns":4},{"damage":1,"enemies":"Snake Plant","floor":24,"turns":7},{"damage":21,"enemies":"Shelled Parasite and Fungi","floor":25,"turns":12},{"damage":38,"enemies":"Book of Stabbing","floor":30,"turns":9},{"damage":6,"enemies":"Snecko","floor":31,"turns":6},{"damage":46,"enemies":"Automaton","floor":33,"turns":13},{"damage":0,"enemies":"Orb Walker","floor":35,"turns":6},{"damage":26,"enemies":"3 Darklings","floor":37,"turns":8},{"damage":56,"enemies":"2 Orb Walkers","floor":38,"turns":5}],"seed_played":"-2839916432685513418","potions_obtained":[{"floor":3,"key":"Dexterity Potion"},{"floor":6,"key":"GamblersBrew"},{"floor":8,"key":"Swift Potion"},{"floor":16,"key":"Ancient Potion"},{"floor":19,"key":"FocusPotion"},{"floor":22,"key":"SkillPotion"},{"floor":24,"key":"Poison Potion"},{"floor":30,"key":"SpeedPotion"},{"floor":31,"key":"FocusPotion"}],"is_trial":false,"path_per_floor":["M","M","M","?","M","E","?","M","T","R","$","R","M","?","R","B",null,"M","M","M","$","M","R","M","M","T","R","$","?","E","M","R","B",null,"M","?","M","?"],"character_chosen":"DEFECT","items_purchased":["Self Repair","Stack","Conserve Battery","Chaos+1","Cold Snap"],"campfire_rested":6,"item_purchase_floors":[11,11,21,28,28],"current_hp_per_floor":[75,75,75,75,54,25,18,9,9,31,31,53,49,49,69,31,69,69,69,29,29,14,34,40,26,26,46,46,46,15,28,48,14,69,69,69,50,0],"gold":244,"neow_bonus":"THREE_ENEMY_KILL","is_prod":false,"is_daily":false,"chose_seed":false,"campfire_upgraded":0,"win_rate":0,"timestamp":1550945907,"path_taken":["M","M","M","?","M","E","?","M","T","R","$","R","M","?","R","BOSS","M","M","M","$","M","R","M","M","T","R","$","?","E","M","R","BOSS","M","?","?","?"],"build_version":"2019-01-23","purchased_purges":2,"victory":false,"max_hp_per_floor":[75,75,75,75,75,75,75,75,75,75,75,75,75,69,69,69,69,69,69,69,69,69,69,69,69,69,69,69,69,69,69,69,69,69,69,69,69,69],"card_choices":[{"not_picked":["Hologram","Steam Power"],"picked":"White Noise","floor":1},{"not_picked":["Rebound","Static Discharge","Sweeping Beam"],"picked":"SKIP","floor":2},{"not_picked":["Rebound","Static Discharge"],"picked":"Sweeping Beam","floor":2},{"not_picked":["Storm","Rebound"],"picked":"Streamline","floor":3},{"not_picked":["Steam","White Noise"],"picked":"Skim","floor":5},{"not_picked":["Cold Snap","Fusion"],"picked":"Sweeping Beam","floor":6},{"not_picked":["Gash","Hello World"],"picked":"Leap","floor":8},{"not_picked":["Heatsinks","White Noise"],"picked":"Auto Shields","floor":13},{"not_picked":["Amplify","All For One"],"picked":"Electrodynamics","floor":16},{"not_picked":["Fusion","Auto Shields"],"picked":"Lockon","floor":17},{"not_picked":["White Noise","Capacitor"],"picked":"Leap","floor":17},{"not_picked":["Consume","Blizzard"],"picked":"Glacier","floor":17},{"not_picked":["Compile Driver","Rebound"],"picked":"Aggregate","floor":17},{"not_picked":["Hologram","Streamline"],"picked":"Defragment","floor":17},{"not_picked":["Go for the Eyes","Sweeping Beam"],"picked":"Ball Lightning","floor":18},{"not_picked":["Biased Cognition","Hologram"],"picked":"Compile Driver+1","floor":19},{"not_picked":["Sweeping Beam","Double Energy"],"picked":"Cold Snap","floor":20},{"not_picked":["Self Repair","Genetic Algorithm"],"picked":"Go for the Eyes+1","floor":22},{"not_picked":["Beam Cell+1","Amplify"],"picked":"Tempest","floor":24},{"not_picked":["Conserve Battery","Gash+1","Steam Power"],"picked":"SKIP","floor":25},{"not_picked":["Chaos+1","Double Energy+1"],"picked":"Conserve Battery+1","floor":30},{"not_picked":["Sweeping Beam","Barrage"],"picked":"BootSequence+1","floor":31},{"not_picked":["Echo Form","Seek+1"],"picked":"Multi-Cast+1","floor":33},{"not_picked":["Compile Driver","Undo+1"],"picked":"Aggregate+1","floor":35},{"not_picked":["Steam+1","Beam Cell"],"picked":"Streamline+1","floor":37}],"player_experience":654883,"relics_obtained":[{"floor":6,"key":"Unceasing Top"},{"floor":9,"key":"Ice Cream"},{"floor":26,"key":"Toxic Egg 2"},{"floor":30,"key":"Meat on the Bone"}],"event_choices":[{"cards_removed":["Strike_B"],"damage_healed":0,"gold_gain":0,"player_choice":"Forget","damage_taken":0,"max_hp_gain":0,"max_hp_loss":0,"event_name":"Living Wall","floor":4,"gold_loss":0},{"damage_healed":0,"gold_gain":0,"player_choice":"Success","damage_taken":7,"relics_obtained":["Turnip"],"max_hp_gain":0,"max_hp_loss":0,"event_name":"Scrap Ooze","floor":7,"gold_loss":0},{"damage_healed":0,"gold_gain":0,"player_choice":"Lose Max HP","damage_taken":0,"relics_obtained":["Golden Idol"],"max_hp_gain":0,"max_hp_loss":6,"event_name":"Golden Idol","floor":14,"gold_loss":0},{"damage_healed":0,"gold_gain":0,"player_choice":"Obtain J.A.X.","damage_taken":0,"max_hp_gain":0,"max_hp_loss":0,"event_name":"Drug Dealer","floor":29,"gold_loss":0,"cards_obtained":["J.A.X."]},{"damage_healed":0,"gold_gain":0,"player_choice":"2 cards matched","damage_taken":0,"max_hp_gain":0,"max_hp_loss":0,"event_name":"Match and Keep!","floor":36,"gold_loss":0,"cards_obtained":["Enlightenment","Thunder Strike"]},{"damage_healed":0,"gold_gain":0,"player_choice":"Fight","damage_taken":0,"max_hp_gain":0,"max_hp_loss":0,"event_name":"Mysterious Sphere","floor":38,"gold_loss":0}],"is_beta":false,"boss_relics":[{"not_picked":["Runic Dome","Coffee Dripper"],"picked":"Orrery"},{"not_picked":["Calling Bell","Tiny House"],"picked":"FrozenCore"}],"items_purged_floors":[11,21],"is_endless":false,"potions_floor_spawned":[3,6,8,16,19,22,24,30,31],"killed_by":"2 Orb Walkers","ascension_level":0}