{"gold_per_floor":[115,40,55,55,68,68,68,81,81,81,115,115,135,148,148,252,252,267,281,299,19,19,19,35,35,109,9,40,50,70,100,100,202,202,212,225,225,237,237,237,250,264,264,280,280,291,291,98,98,98,98,98,23,57,57],"floor_reached":56,"playtime":5953,"items_purged":["Strike_G","Clumsy","Pain"],"score":1248,"play_id":"52eae3f3-a097-44a0-8bb0-1277068fb3a3","local_time":"20181226001020","is_ascension_mode":false,"campfire_choices":[{"data":"PiercingWail","floor":6,"key":"SMITH"},{"data":"Catalyst","floor":12,"key":"SMITH"},{"data":"Bouncing Flask","floor":15,"key":"SMITH"},{"data":"After Image","floor":23,"key":"SMITH"},{"data":"Noxious Fumes","floor":25,"key":"SMITH"},{"floor":32,"key":"RECALL"},{"data":"After Image","floor":40,"key":"SMITH"},{"data":"After Image","floor":45,"key":"SMITH"},{"data":"Crippling Poison","floor":47,"key":"SMITH"},{"data":"Footwork","floor":49,"key":"SMITH"},{"data":"Crippling Poison","floor":52,"key":"SMITH"}],"neow_cost":"NONE","seed_source_timestamp":675608107220097,"circlet_count":0,"master_deck":["Defend_G","Defend_G","Defend_G","Defend_G","Strike_G","Strike_G","Strike_G","Survivor","Neutralize","Catalyst+1","PiercingWail+1","Crippling Poison+1","Die Die Die","Bouncing Flask+1","After Image+1","Catalyst+1","Noxious Fumes+1","Deflect+1","After Image+1","Crippling Poison+1","After Image+1","Tools of the Trade","Leg Sweep+1","Normality","Backstab+1","Backstab+1","Footwork+1","Catalyst","Leg Sweep+1"],"relics":["Ring of the Snake","Question Card","Kunai","Pantograph","Cursed Key","TwistedFunnel","Meat on the Bone","Bottled Flame","Bag of Preparation","Coffee Dripper","Sundial","Ornamental Fan","Letter Opener"],"potions_floor_usage":[8,13,18,31,38,50,54],"damage_taken":[{"damage":4,"enemies":"Cultist","floor":1,"turns":5},{"damage":0,"enemies":"Small Slimes","floor":3,"turns":3},{"damage":1,"enemies":"Jaw Worm","floor":5,"turns":6},{"damage":1,"enemies":"Exordium Thugs","floor":8,"turns":6},{"damage":42,"enemies":"Gremlin Nob","floor":11,"turns":7},{"damage":8,"enemies":"2 Fungi Beasts","floor":13,"turns":3},{"damage":0,"enemies":"Lots of Slimes","floor":14,"turns":1},{"damage":1,"enemies":"The Guardian","floor":16,"turns":6},{"damage":2,"enemies":"Spheric Guardian","floor":18,"turns":3},{"damage":4,"enemies":"2 Thieves","floor":19,"turns":5},{"damage":9,"enemies":"Centurion and Healer","floor":20,"turns":7},{"damage":0,"enemies":"Snake Plant","floor":24,"turns":2},{"damage":0,"enemies":"Gremlin Leader","floor":28,"turns":3},{"damage":1,"enemies":"Cultist and Chosen","floor":29,"turns":6},{"damage":1,"enemies":"Snecko","floor":30,"turns":4},{"damage":8,"enemies":"Slavers","floor":31,"turns":5},{"damage":0,"enemies":"Champ","floor":33,"turns":6},{"damage":0,"enemies":"Orb Walker","floor":35,"turns":2},{"damage":3,"enemies":"3 Darklings","floor":36,"turns":4},{"damage":13,"enemies":"Jaw Worm Horde","floor":38,"turns":4},{"damage":0,"enemies":"Transient","floor":41,"turns":5},{"damage":1,"enemies":"4 Shapes","floor":42,"turns":5},{"damage":8,"enemies":"Spire Growth","floor":44,"turns":4},{"damage":7,"enemies":"Maw","floor":46,"turns":6},{"damage":19,"enemies":"Donu and Deca","floor":50,"turns":9},{"damage":19,"enemies":"Shield and Spear","floor":54,"turns":6},{"damage":62,"enemies":"The Heart","floor":55,"turns":8}],"seed_played":"4218862723694001246","potions_obtained":[{"floor":1,"key":"Explosive Potion"},{"floor":5,"key":"Regen Potion"},{"floor":8,"key":"AttackPotion"},{"floor":14,"key":"GamblersBrew"},{"floor":24,"key":"Energy Potion"},{"floor":28,"key":"Weak Potion"},{"floor":29,"key":"Dexterity Potion"},{"floor":35,"key":"PowerPotion"},{"floor":38,"key":"SteroidPotion"},{"floor":41,"key":"Explosive Potion"}],"is_trial":false,"path_per_floor":["M","$","M","T","M","R","?","M","T","?","E","R","M","M","R","B",null,"M","M","M","$","?","R","M","R","T","$","E","M","M","E","R","B",null,"M","M","?","M","T","R","M","M","T","M","R","M","R","$","R","B",null,"R","$","E","B",null],"character_chosen":"THE_SILENT","items_purchased":["TwistedFunnel","Noxious Fumes","Footwork","Catalyst"],"campfire_rested":0,"item_purchase_floors":[21,21,48,53],"current_hp_per_floor":[73,73,73,73,72,72,72,71,71,71,29,29,30,30,30,54,77,75,71,62,62,62,62,62,62,62,62,62,61,60,52,52,77,77,77,74,74,61,61,61,61,60,60,52,52,45,45,45,45,51,77,77,77,58,27],"gold":57,"neow_bonus":"TEN_PERCENT_HP_BONUS","is_prod":false,"is_daily":false,"chose_seed":false,"campfire_upgraded":10,"win_rate":0,"timestamp":1545801020,"path_taken":["M","$","M","?","M","R","?","M","T","?","E","R","M","M","R","BOSS","M","M","M","?","?","R","M","R","T","$","E","?","M","E","R","BOSS","M","M","?","M","?","R","M","M","T","M","R","M","R","$","R","BOSS","R","$","E","BOSS"],"build_version":"2018-12-20","purchased_purges":3,"victory":true,"max_hp_per_floor":[77,77,77,77,77,77,77,77,77,77,77,77,77,77,77,77,77,77,77,77,77,77,77,77,77,77,77,77,77,77,77,77,77,77,77,77,77,77,77,77,77,77,77,77,77,77,77,77,77,77,77,77,77,77,77],"card_choices":[{"not_picked":["Deadly Poison","Dagger Spray"],"picked":"Catalyst","floor":1},{"not_picked":["Slice","Prepared","Underhanded Strike"],"picked":"SKIP","floor":3},{"not_picked":["Prepared","Underhanded Strike","Slice"],"picked":"PiercingWail","floor":5},{"not_picked":["Deflect","Bane","Catalyst"],"picked":"Crippling Poison","floor":8},{"not_picked":["PiercingWail","Calculated Gamble","Backflip"],"picked":"Die Die Die","floor":11},{"not_picked":["All Out Attack","Eviscerate","Tactician"],"picked":"Bouncing Flask","floor":13},{"not_picked":["Deadly Poison","Quick Slash","Distraction","Outmaneuver"],"picked":"SKIP","floor":14},{"not_picked":["Wraith Form v2","Storm of Steel","Malaise"],"picked":"After Image","floor":16},{"not_picked":["Blade Dance+1","Prepared","Well Laid Plans"],"picked":"Catalyst+1","floor":18},{"not_picked":["Dodge and Roll","PiercingWail","Deadly Poison","Dagger Spray"],"picked":"SKIP","floor":19},{"not_picked":["Blade Dance+1","Slice","Underhanded Strike+1","Dagger Spray+1"],"picked":"SKIP","floor":20},{"not_picked":["Calculated Gamble","Distraction","Terror"],"picked":"Deflect+1","floor":24},{"not_picked":["Outmaneuver","Noxious Fumes+1","Heel Hook"],"picked":"After Image","floor":28},{"not_picked":["Skewer","Outmaneuver","Prepared","Flechettes"],"picked":"SKIP","floor":29},{"not_picked":["Distraction","Tactician","Blade Dance"],"picked":"Crippling Poison","floor":30},{"not_picked":["Eviscerate","Heel Hook","Outmaneuver"],"picked":"After Image","floor":31},{"not_picked":["Venomology","Unload","Wraith Form v2"],"picked":"Tools of the Trade","floor":33},{"not_picked":["Masterful Stab","Flechettes","Infinite Blades","Deadly Poison+1"],"picked":"SKIP","floor":35},{"not_picked":["Expertise+1","Bane","Caltrops+1"],"picked":"Leg Sweep+1","floor":36},{"not_picked":["Underhanded Strike+1","Blade Dance","PiercingWail","Escape Plan"],"picked":"SKIP","floor":38},{"not_picked":["Choke+1","Slice","Venomology"],"picked":"Backstab+1","floor":41},{"not_picked":["Outmaneuver+1","Poisoned Stab","Terror"],"picked":"Backstab+1","floor":42},{"not_picked":["Tactician","Dodge and Roll","Outmaneuver","Masterful Stab+1"],"picked":"SKIP","floor":44},{"not_picked":["Underhanded Strike","Acrobatics","Deadly Poison+1","Outmaneuver+1"],"picked":"SKIP","floor":46},{"not_picked":["Venomology","Expertise+1","Bane+1"],"picked":"Leg Sweep+1","floor":54}],"player_experience":547449,"relics_obtained":[{"floor":4,"key":"Question Card"},{"floor":11,"key":"Pantograph"},{"floor":26,"key":"Meat on the Bone"},{"floor":28,"key":"Bottled Flame"},{"floor":31,"key":"Bag of Preparation"},{"floor":39,"key":"Sundial"},{"floor":43,"key":"Ornamental Fan"},{"floor":54,"key":"Letter Opener"}],"event_choices":[{"cards_removed":["Defend_G"],"damage_healed":0,"gold_gain":0,"player_choice":"Forget","damage_taken":0,"max_hp_gain":0,"max_hp_loss":0,"event_name":"Living Wall","floor":7,"gold_loss":0},{"damage_healed":0,"gold_gain":0,"player_choice":"Gave Potion","damage_taken":0,"relics_obtained":["Kunai"],"max_hp_gain":0,"max_hp_loss":0,"event_name":"WeMeetAgain","floor":10,"gold_loss":0},{"cards_removed":["Strike_G"],"damage_healed":0,"gold_gain":0,"player_choice":"Purged","damage_taken":0,"max_hp_gain":0,"max_hp_loss":0,"event_name":"Purifier","floor":22,"gold_loss":0},{"damage_healed":0,"gold_gain":0,"player_choice":"Ignored","damage_taken":0,"max_hp_gain":0,"max_hp_loss":0,"event_name":"Tomb of Lord Red Mask","floor":37,"gold_loss":0}],"is_beta":false,"boss_relics":[{"not_picked":["Lizard Tail","Runic Pyramid"],"picked":"Cursed Key"},{"not_picked":["White Beast Statue","Black Star"],"picked":"Coffee Dripper"}],"items_purged_floors":[2,27,48],"is_endless":false,"potions_floor_spawned":[1,5,8,14,24,28,29,35,36,38,41],"ascension_level":0}