{"gold_per_floor":[115,190,190,243,256,287,314,314,314,340,351,45,55,69,69,168,168,182,196,111,124,124,124,151,163,208,222,222,222,250,267,267,366,366,386,386,257,272,17,17,31,43,69,7,7,25,38,9,9,9],"floor_reached":51,"playtime":2892,"items_purged":["Strike_R"],"score":699,"play_id":"9567e34d-9365-42be-a68e-c9c1aa446595","local_time":"20190417171713","is_ascension_mode":false,"campfire_choices":[{"floor":8,"key":"REST"},{"floor":15,"key":"REST"},{"floor":23,"key":"REST"},{"floor":29,"key":"REST"},{"data":"Armaments","floor":32,"key":"SMITH"},{"data":"Barricade","floor":40,"key":"SMITH"},{"floor":45,"key":"REST"},{"data":"Impervious","floor":49,"key":"SMITH"}],"neow_cost":"NONE","seed_source_timestamp":165220496532900,"circlet_count":0,"master_deck":["Strike_R","Strike_R","Strike_R","Strike_R","Defend_R","Defend_R","Defend_R","Defend_R","Bash+1","Anger","Armaments+1","Flex","Disarm","True Grit","Cleave","Barricade+1","Juggernaut","Anger","Immolate","Whirlwind","RitualDagger","Perfected Strike","Corruption+1","Impervious+1","Clash","Ghostly Armor","Exhume+1","True Grit","PanicButton","Metallicize","Body Slam+1","PanicButton","Metallicize","Feel No Pain"],"relics":["Burning Blood","Ornamental Fan","Odd Mushroom","Charon\u0027s Ashes","Self Forming Clay","Regal Pillow","Velvet Choker","The Courier","Oddly Smooth Stone","Bag of Preparation","Magic Flower","Omamori","Cursed Key","Membership Card","Bronze Scales","Smiling Mask"],"potions_floor_usage":[7,14,16,24,25,25,30,33,33,42,42,50],"damage_taken":[{"damage":1,"enemies":"2 Louse","floor":1,"turns":3},{"damage":4,"enemies":"Jaw Worm","floor":5,"turns":4},{"damage":31,"enemies":"Lagavulin","floor":6,"turns":5},{"damage":5,"enemies":"The Mushroom Lair","floor":7,"turns":5},{"damage":32,"enemies":"Gremlin Nob","floor":10,"turns":5},{"damage":10,"enemies":"Small Slimes","floor":11,"turns":3},{"damage":3,"enemies":"2 Fungi Beasts","floor":13,"turns":3},{"damage":11,"enemies":"Large Slime","floor":14,"turns":4},{"damage":33,"enemies":"Hexaghost","floor":16,"turns":10},{"damage":11,"enemies":"2 Thieves","floor":18,"turns":3},{"damage":15,"enemies":"3 Byrds","floor":19,"turns":6},{"damage":22,"enemies":"Snake Plant","floor":21,"turns":4},{"damage":23,"enemies":"Slavers","floor":24,"turns":4},{"damage":8,"enemies":"Shelled Parasite and Fungi","floor":25,"turns":5},{"damage":20,"enemies":"Sentry and Sphere","floor":27,"turns":5},{"damage":0,"enemies":"Book of Stabbing","floor":30,"turns":5},{"damage":11,"enemies":"Snecko","floor":31,"turns":5},{"damage":81,"enemies":"Automaton","floor":33,"turns":11},{"damage":11,"enemies":"Orb Walker","floor":35,"turns":3},{"damage":22,"enemies":"3 Darklings","floor":38,"turns":4},{"damage":10,"enemies":"Spire Growth","floor":41,"turns":5},{"damage":24,"enemies":"Writhing Mass","floor":42,"turns":6},{"damage":0,"enemies":"Maw","floor":46,"turns":7},{"damage":0,"enemies":"Sphere and 2 Shapes","floor":47,"turns":4},{"damage":63,"enemies":"Donu and Deca","floor":50,"turns":10}],"seed_played":"-4843545860134157735","potions_obtained":[{"floor":5,"key":"Poison Potion"},{"floor":10,"key":"BloodPotion"},{"floor":11,"key":"Fire Potion"},{"floor":14,"key":"PowerPotion"},{"floor":16,"key":"AttackPotion"},{"floor":21,"key":"EssenceOfSteel"},{"floor":24,"key":"BloodPotion"},{"floor":27,"key":"PowerPotion"},{"floor":31,"key":"PowerPotion"},{"floor":33,"key":"LiquidBronze"},{"floor":35,"key":"Poison Potion"},{"floor":42,"key":"Explosive Potion"}],"is_trial":false,"path_per_floor":["M","?","?","?","M","E","?","R","T","E","M","$","M","M","R","B",null,"M","M","?","M","?","R","E","M","T","M","T","R","E","M","R","B",null,"M","?","$","M","$","R","M","M","T","$","R","M","M","$","R","B",null],"character_chosen":"IRONCLAD","items_purchased":["Barricade","Regal Pillow","PanicButton","Membership Card","Bronze Scales","Metallicize","PanicButton","Metallicize","Feel No Pain"],"campfire_rested":5,"item_purchase_floors":[12,12,37,39,39,39,44,44,48],"current_hp_per_floor":[80,69,69,69,71,46,47,71,71,45,41,41,44,39,78,51,80,75,66,66,50,44,80,63,69,69,55,55,80,80,78,78,18,80,78,78,78,65,65,65,64,49,49,49,80,80,80,80,80,26],"gold":9,"neow_bonus":"UPGRADE_CARD","is_prod":false,"is_daily":false,"chose_seed":false,"campfire_upgraded":3,"win_rate":0,"timestamp":1555535833,"path_taken":["M","?","?","?","M","E","?","R","T","E","M","$","M","M","R","BOSS","M","M","?","M","?","R","E","M","T","M","?","R","E","M","R","BOSS","M","?","?","M","$","R","M","M","T","$","R","M","M","$","R","BOSS"],"build_version":"2019-01-23","purchased_purges":1,"victory":true,"max_hp_per_floor":[80,80,80,80,80,80,80,80,80,80,80,80,80,80,80,80,80,80,80,80,80,80,80,80,80,80,80,80,80,80,80,80,80,80,80,80,80,80,80,80,80,80,80,80,80,80,80,80,80,80],"card_choices":[{"not_picked":["Metallicize","Cleave"],"picked":"Anger","floor":1},{"not_picked":["Reckless Charge","Flame Barrier"],"picked":"Armaments","floor":5},{"not_picked":["Sword Boomerang","Clothesline"],"picked":"Flex","floor":6},{"not_picked":["Second Wind","Havoc"],"picked":"Disarm","floor":7},{"not_picked":["Warcry","Wild Strike"],"picked":"True Grit","floor":10},{"not_picked":["True Grit","Sentinel"],"picked":"Cleave","floor":11},{"not_picked":["Wild Strike","Hemokinesis"],"picked":"Juggernaut","floor":13},{"not_picked":["Iron Wave","Armaments"],"picked":"Anger","floor":14},{"not_picked":["Limit Break","Reaper"],"picked":"Immolate","floor":16},{"not_picked":["Uppercut","Armaments","Heavy Blade"],"picked":"SKIP","floor":18},{"not_picked":["Cleave","Iron Wave+1"],"picked":"Whirlwind","floor":19},{"not_picked":["Headbutt+1","Evolve","Clothesline"],"picked":"SKIP","floor":21},{"not_picked":["Heavy Blade+1","Warcry"],"picked":"Perfected Strike","floor":24},{"not_picked":["Evolve+1","Bloodletting"],"picked":"Corruption+1","floor":25},{"not_picked":["True Grit+1","Second Wind"],"picked":"Impervious","floor":27},{"not_picked":["Dual Wield","Wild Strike"],"picked":"Clash","floor":30},{"not_picked":["Havoc+1","Pommel Strike"],"picked":"Ghostly Armor","floor":31},{"not_picked":["Barricade","Berserk"],"picked":"Exhume","floor":33},{"not_picked":["Anger+1","Flex+1"],"picked":"True Grit","floor":35},{"not_picked":["Clothesline","Shockwave+1","Cleave+1"],"picked":"SKIP","floor":38},{"not_picked":["Combust","Flex","Fire Breathing+1"],"picked":"SKIP","floor":41},{"not_picked":["Armaments","Infernal Blade"],"picked":"Body Slam+1","floor":42},{"not_picked":["Perfected Strike+1","Sever Soul","Blood for Blood+1"],"picked":"SKIP","floor":46},{"not_picked":["Combust","Warcry","Clothesline"],"picked":"SKIP","floor":47}],"player_experience":166342,"relics_obtained":[{"floor":6,"key":"Ornamental Fan"},{"floor":7,"key":"Odd Mushroom"},{"floor":9,"key":"Charon\u0027s Ashes"},{"floor":10,"key":"Self Forming Clay"},{"floor":24,"key":"Oddly Smooth Stone"},{"floor":26,"key":"Bag of Preparation"},{"floor":28,"key":"Magic Flower"},{"floor":30,"key":"Omamori"},{"floor":43,"key":"Smiling Mask"}],"event_choices":[{"damage_healed":0,"gold_gain":75,"player_choice":"Gather Gold","damage_taken":11,"max_hp_gain":0,"max_hp_loss":0,"event_name":"World of Goop","floor":2,"gold_loss":0},{"damage_healed":0,"gold_gain":0,"player_choice":"Ignored","damage_taken":0,"max_hp_gain":0,"max_hp_loss":0,"event_name":"Liars Game","floor":3,"gold_loss":0},{"damage_healed":0,"gold_gain":53,"player_choice":"Gained Gold","damage_taken":0,"max_hp_gain":0,"max_hp_loss":0,"event_name":"Golden Wing","floor":4,"gold_loss":0},{"damage_healed":0,"gold_gain":0,"player_choice":"Fought Mushrooms","damage_taken":0,"max_hp_gain":0,"max_hp_loss":0,"event_name":"Mushrooms","floor":7,"gold_loss":0},{"damage_healed":0,"gold_gain":0,"player_choice":"Obtained Relic","damage_taken":0,"relics_obtained":["The Courier"],"max_hp_gain":0,"max_hp_loss":0,"event_name":"Addict","floor":20,"gold_loss":85},{"damage_healed":0,"gold_gain":0,"player_choice":"Joined the Cult","damage_taken":6,"max_hp_gain":0,"max_hp_loss":0,"event_name":"Nest","floor":22,"gold_loss":0,"cards_obtained":["RitualDagger"]},{"damage_healed":0,"gold_gain":0,"player_choice":"Upgraded","damage_taken":0,"max_hp_gain":0,"max_hp_loss":0,"event_name":"Upgrade Shrine","floor":36,"gold_loss":0,"cards_upgraded":["Exhume"]}],"is_beta":false,"boss_relics":[{"not_picked":["Runic Dome","White Beast Statue"],"picked":"Velvet Choker"},{"not_picked":["Snecko Eye","Coffee Dripper"],"picked":"Cursed Key"}],"items_purged_floors":[37],"is_endless":false,"potions_floor_spawned":[5,10,11,14,16,21,24,27,31,33,35,42],"ascension_level":0}