{"gold_per_floor":[117,67,78,94,111,111,145,160,160,160,172,172,21,38,38,112,112,129,147,117,134,150,150],"floor_reached":23,"playtime":1075,"items_purged":["Strike_B"],"score":325,"play_id":"70f1dbba-12a1-457e-b14b-f01edb19a07a","local_time":"20190412221010","is_ascension_mode":true,"campfire_choices":[{"floor":6.0,"key":"REST"},{"floor":10.0,"key":"REST"},{"data":"Tempest","floor":12.0,"key":"SMITH"},{"data":"Coolheaded","floor":15.0,"key":"SMITH"}],"neow_cost":"NONE","seed_source_timestamp":90500298619169,"circlet_count":0,"master_deck":["AscendersBane","Strike_B","Strike_B","Strike_B","Defend_B","Defend_B","Defend_B","Defend_B","Zap","Dualcast","Cold Snap","Tempest+1","Reinforced Body","Leap","Ball Lightning","Coolheaded+1","Leap","Static Discharge","Conserve Battery","Electrodynamics","Chill","Static Discharge+1","Echo Form"],"special_seed":0,"relics":["Cracked Core","Ancient Tea Set","Blue Candle","Singing Bowl","Bottled Lightning","Cursed Key"],"potions_floor_usage":[23,23],"damage_taken":[{"damage":11.0,"enemies":"Cultist","floor":1.0,"turns":4.0},{"damage":11.0,"enemies":"2 Louse","floor":3.0,"turns":2.0},{"damage":8.0,"enemies":"Small Slimes","floor":4.0,"turns":3.0},{"damage":14.0,"enemies":"Blue Slaver","floor":5.0,"turns":3.0},{"damage":14.0,"enemies":"Lagavulin","floor":7.0,"turns":8.0},{"damage":13.0,"enemies":"Large Slime","floor":8.0,"turns":4.0},{"damage":0.0,"enemies":"Exordium Wildlife","floor":11.0,"turns":3.0},{"damage":0.0,"enemies":"Looter","floor":14.0,"turns":3.0},{"damage":28.0,"enemies":"Slime Boss","floor":16.0,"turns":12.0},{"damage":0.0,"enemies":"3 Byrds","floor":18.0,"turns":3.0},{"damage":9.0,"enemies":"Shell Parasite","floor":19.0,"turns":5.0},{"damage":29.0,"enemies":"Shelled Parasite and Fungi","floor":21.0,"turns":8.0},{"damage":9.0,"enemies":"Snake Plant","floor":22.0,"turns":3.0},{"damage":18,"enemies":"Book of Stabbing","floor":23,"turns":5}],"seed_played":"-6931597595334911687","potions_obtained":[{"floor":4.0,"key":"SkillPotion"},{"floor":7.0,"key":"PowerPotion"},{"floor":11.0,"key":"EssenceOfSteel"},{"floor":14.0,"key":"LiquidBronze"},{"floor":19.0,"key":"FearPotion"},{"floor":20.0,"key":"Explosive Potion"}],"is_trial":false,"path_per_floor":["M","?","M","M","M","R","E","M","T","R","M","R","$","M","R","B",null,"M","M","?","M","M","E"],"character_chosen":"DEFECT","items_purchased":["Static Discharge"],"campfire_rested":2,"item_purchase_floors":[13],"current_hp_per_floor":[57,57,46,38,24,46,32,19,19,41,41,41,41,41,41,13,60,62,53,53,24,15,0],"gold":150,"neow_bonus":"RANDOM_COMMON_RELIC","is_prod":false,"is_daily":false,"chose_seed":false,"campfire_upgraded":2,"win_rate":0,"timestamp":1555074610,"path_taken":["M","?","M","M","M","R","E","M","T","R","M","R","$","M","R","BOSS","M","?","?","M","M","E"],"build_version":"2019-01-23","purchased_purges":1,"victory":false,"max_hp_per_floor":[75,75,75,75,75,75,75,75,75,75,75,75,75,75,75,75,75,77,77,77,77,77,77],"card_choices":[{"not_picked":["Ball Lightning","Blizzard"],"picked":"Cold Snap","floor":1.0},{"not_picked":["Redo","Cold Snap"],"picked":"Tempest","floor":3.0},{"not_picked":["Aggregate","Loop"],"picked":"Reinforced Body","floor":4.0},{"not_picked":["Go for the Eyes","Doom and Gloom"],"picked":"Leap","floor":5.0},{"not_picked":["Go for the Eyes","Undo"],"picked":"Ball Lightning","floor":7.0},{"not_picked":["Compile Driver","Sweeping Beam"],"picked":"Coolheaded","floor":8.0},{"not_picked":["Skim","Ball Lightning"],"picked":"Leap","floor":11.0},{"not_picked":["BootSequence","Meteor Strike"],"picked":"Conserve Battery","floor":14.0},{"not_picked":["Echo Form","Meteor Strike"],"picked":"Electrodynamics","floor":16.0},{"not_picked":["Compile Driver","Force Field","Stack"],"picked":"Singing Bowl","floor":18.0},{"not_picked":["Redo","Storm"],"picked":"Chill","floor":19.0},{"not_picked":["Compile Driver","Hologram"],"picked":"Static Discharge+1","floor":21.0},{"not_picked":["Go for the Eyes","Steam"],"picked":"Echo Form","floor":22.0}],"player_experience":559774,"relics_obtained":[{"floor":7.0,"key":"Singing Bowl"},{"floor":9.0,"key":"Bottled Lightning"}],"event_choices":[{"damage_healed":0.0,"max_hp_gain":0.0,"max_hp_loss":0.0,"gold_gain":0.0,"event_name":"WeMeetAgain","player_choice":"Paid Gold","floor":2.0,"gold_loss":50.0,"damage_taken":0.0,"relics_obtained":["Blue Candle"]},{"damage_healed":0.0,"max_hp_gain":0.0,"max_hp_loss":0.0,"gold_gain":0.0,"event_name":"The Woman in Blue","player_choice":"Bought 2 Potions","floor":20.0,"gold_loss":0.0,"damage_taken":0.0}],"is_beta":false,"boss_relics":[{"not_picked":["Orrery","Tiny House"],"picked":"Cursed Key"}],"items_purged_floors":[13],"is_endless":false,"potions_floor_spawned":[4,7,11,14,19,21],"killed_by":"Book of Stabbing","ascension_level":13}