{"gold_per_floor":[361,371,391,391,391,431,431,456,456,456,456,477,502,10,10,131,131,147,147],"floor_reached":19,"playtime":921,"items_purged":["Strike_B"],"score":228,"play_id":"7817cb79-2e5c-4429-bd5b-cb17732c36cf","local_time":"20190330043749","is_ascension_mode":true,"campfire_choices":[{"data":"Sunder","floor":7.0,"key":"SMITH"},{"floor":11.0,"key":"REST"},{"floor":15.0,"key":"REST"}],"neow_cost":"PERCENT_DAMAGE","seed_source_timestamp":58784028653884,"circlet_count":0,"master_deck":["Strike_B","Defend_B","Defend_B","Defend_B","Defend_B","Zap","Dualcast","Streamline","Conserve Battery","Sunder+1","Hologram","All For One","Undo","FTL","Hyperbeam","Melter"],"special_seed":0,"relics":["Cracked Core","Golden Idol","Omamori","Centennial Puzzle","Peace Pipe","Tiny Chest","Black Star"],"potions_floor_usage":[16,16,19],"damage_taken":[{"damage":9.0,"enemies":"Small Slimes","floor":1.0,"turns":3.0},{"damage":3.0,"enemies":"2 Louse","floor":2.0,"turns":2.0},{"damage":0.0,"enemies":"Cultist","floor":3.0,"turns":4.0},{"damage":17.0,"enemies":"3 Sentries","floor":6.0,"turns":9.0},{"damage":8.0,"enemies":"Blue Slaver","floor":8.0,"turns":3.0},{"damage":0.0,"enemies":"2 Fungi Beasts","floor":12.0,"turns":3.0},{"damage":15.0,"enemies":"Exordium Wildlife","floor":13.0,"turns":6.0},{"damage":28,"enemies":"Hexaghost","floor":16,"turns":10},{"damage":35,"enemies":"Shell Parasite","floor":18,"turns":7},{"damage":22,"enemies":"Colosseum Slavers","floor":19,"turns":1}],"seed_played":"-7032985249875743287","potions_obtained":[{"floor":2.0,"key":"EntropicBrew"},{"floor":8.0,"key":"Dexterity Potion"},{"floor":16,"key":"Dexterity Potion"}],"is_trial":false,"path_per_floor":["M","M","M","?","?","E","R","M","T","?","R","M","M","$","R","B",null,"M","?"],"character_chosen":"DEFECT","items_purchased":["Peace Pipe","Tiny Chest"],"campfire_rested":2,"item_purchase_floors":[14,14],"current_hp_per_floor":[41,38,38,38,31,14,14,6,6,6,26,26,11,11,31,3,53,18,0],"gold":147,"neow_bonus":"TWO_FIFTY_GOLD","is_prod":false,"is_daily":false,"chose_seed":false,"campfire_upgraded":1,"win_rate":0,"timestamp":1553888269,"path_taken":["M","M","M","?","?","E","R","M","T","?","R","?","M","$","R","BOSS","M","?"],"build_version":"2019-01-23","purchased_purges":1,"victory":false,"max_hp_per_floor":[75,75,75,69,69,69,69,69,69,69,69,69,69,69,69,69,69,69,69],"card_choices":[{"not_picked":["Go for the Eyes","Coolheaded"],"picked":"Streamline","floor":1.0},{"not_picked":["White Noise","Turbo"],"picked":"Conserve Battery","floor":2.0},{"not_picked":["Go for the Eyes","Sweeping Beam"],"picked":"Sunder","floor":3.0},{"not_picked":["Coolheaded","Barrage"],"picked":"Hologram","floor":6.0},{"not_picked":["Turbo","Conserve Battery"],"picked":"All For One","floor":8.0},{"not_picked":["Cold Snap","Steam"],"picked":"Undo","floor":12.0},{"not_picked":["Sweeping Beam","Auto Shields"],"picked":"FTL","floor":13.0},{"not_picked":["Seek","Buffer"],"picked":"Hyperbeam","floor":16},{"not_picked":["Steam Power","Leap"],"picked":"Melter","floor":18}],"player_experience":638713,"relics_obtained":[{"floor":6.0,"key":"Omamori"},{"floor":9.0,"key":"Centennial Puzzle"}],"event_choices":[{"damage_healed":0.0,"max_hp_gain":0.0,"max_hp_loss":6.0,"gold_gain":0.0,"event_name":"Golden Idol","player_choice":"Lose Max HP","floor":4.0,"gold_loss":0.0,"damage_taken":0.0,"relics_obtained":["Golden Idol"]},{"cards_removed":["Strike_B"],"damage_healed":0.0,"max_hp_gain":0.0,"max_hp_loss":0.0,"gold_gain":0.0,"event_name":"Golden Wing","player_choice":"Card Removal","floor":5.0,"gold_loss":0.0,"damage_taken":7.0},{"cards_removed":["Strike_B"],"damage_healed":0.0,"max_hp_gain":0.0,"max_hp_loss":0.0,"gold_gain":0.0,"event_name":"Bonfire Elementals","player_choice":"Offered Basic","floor":10.0,"gold_loss":0.0,"damage_taken":0.0},{"damage_healed":0,"gold_gain":0,"player_choice":"Fight","damage_taken":0,"max_hp_gain":0,"max_hp_loss":0,"event_name":"Colosseum","floor":19,"gold_loss":0}],"is_beta":false,"boss_relics":[{"not_picked":["Lizard Tail","Velvet Choker"],"picked":"Black Star"}],"items_purged_floors":[14],"is_endless":false,"potions_floor_spawned":[2,8,12,16],"killed_by":"Colosseum Slavers","ascension_level":7}