{"gold_per_floor":[111,38,38,38,52,52,80,80,80,80,144,144,174,192,192,296,296,312,312,411,439,439],"floor_reached":22,"playtime":676,"items_purged":[],"score":266,"play_id":"23db86a4-e2b2-4208-b392-0187f843c8c9","local_time":"20190324013243","is_ascension_mode":true,"campfire_choices":[{"data":"Noxious Fumes","floor":6.0,"key":"SMITH"},{"data":"Caltrops","floor":8.0,"key":"SMITH"},{"data":"Bane","floor":10.0,"key":"SMITH"},{"floor":15.0,"key":"REST"}],"neow_cost":"NONE","seed_source_timestamp":46735054421743,"circlet_count":0,"master_deck":["Defend_G","Defend_G","Defend_G","Defend_G","Defend_G+1","Strike_G","Strike_G+1","Strike_G","Survivor","Neutralize","Bane+1","Noxious Fumes+1","Escape Plan","Caltrops+1","Acrobatics","Reflex","Wraith Form v2","Cloak And Dagger+1"],"special_seed":0,"relics":["Ring of the Snake","NeowsBlessing","Lantern","Singing Bowl","Ornamental Fan","Du-Vu Doll","Empty Cage","Red Mask"],"potions_floor_usage":[],"damage_taken":[{"damage":0.0,"enemies":"Jaw Worm","floor":1.0,"turns":1.0},{"damage":0.0,"enemies":"2 Louse","floor":5.0,"turns":1.0},{"damage":0.0,"enemies":"Lagavulin","floor":7.0,"turns":1.0},{"damage":20.0,"enemies":"Lagavulin Event","floor":11.0,"turns":5.0},{"damage":20.0,"enemies":"Gremlin Nob","floor":13.0,"turns":4.0},{"damage":0.0,"enemies":"Small Slimes","floor":14.0,"turns":2.0},{"damage":21.0,"enemies":"Slime Boss","floor":16.0,"turns":7.0},{"damage":18.0,"enemies":"3 Byrds","floor":18.0,"turns":1.0},{"damage":39,"enemies":"Masked Bandits","floor":21,"turns":6},{"damage":11,"enemies":"Chosen","floor":22,"turns":4}],"seed_played":"3560777044108946025","potions_obtained":[{"floor":7.0,"key":"SteroidPotion"},{"floor":11.0,"key":"Fruit Juice"},{"floor":14.0,"key":"Strength Potion"}],"is_trial":false,"path_per_floor":["M","$","?","$","M","R","E","R","T","R","?","?","E","M","R","B",null,"M","?","?","?","M"],"character_chosen":"THE_SILENT","items_purchased":["Noxious Fumes"],"campfire_rested":1,"item_purchase_floors":[2],"current_hp_per_floor":[70,70,70,70,70,70,70,70,70,70,55,40,22,22,45,24,64,46,46,46,9,0],"gold":439,"neow_bonus":"THREE_ENEMY_KILL","is_prod":false,"is_daily":false,"chose_seed":false,"campfire_upgraded":3,"win_rate":0,"timestamp":1553358763,"path_taken":["M","$","?","$","M","R","E","R","T","R","?","?","E","?","R","BOSS","M","?","?","?","?"],"build_version":"2019-01-23","purchased_purges":0,"victory":false,"max_hp_per_floor":[70,70,70,70,70,70,70,70,70,70,75,75,77,77,77,77,77,77,77,77,79,79],"card_choices":[{"not_picked":["Deflect","Distraction"],"picked":"Bane","floor":1.0},{"not_picked":["Dagger Spray","Sucker Punch"],"picked":"Escape Plan","floor":5.0},{"not_picked":["A Thousand Cuts","Flying Knee"],"picked":"Caltrops","floor":7.0},{"not_picked":["Cloak And Dagger","All Out Attack"],"picked":"Acrobatics","floor":11.0},{"not_picked":["Deflect","Acrobatics","Prepared"],"picked":"Singing Bowl","floor":13.0},{"not_picked":["Dagger Spray","Acrobatics"],"picked":"Reflex","floor":14.0},{"not_picked":["Phantasmal Killer","Grand Finale"],"picked":"Wraith Form v2","floor":16.0},{"not_picked":["Quick Slash+1","Blade Dance"],"picked":"Cloak And Dagger+1","floor":18},{"not_picked":["Prepared","Grand Finale","Setup"],"picked":"Singing Bowl","floor":21}],"player_experience":547870,"relics_obtained":[{"floor":7.0,"key":"Lantern"},{"floor":9.0,"key":"Singing Bowl"},{"floor":13.0,"key":"Du-Vu Doll"},{"floor":21,"key":"Red Mask"}],"event_choices":[{"damage_healed":0.0,"max_hp_gain":0.0,"max_hp_loss":0.0,"gold_gain":0.0,"event_name":"The Cleric","player_choice":"Leave","floor":3.0,"gold_loss":0.0,"damage_taken":0.0},{"damage_healed":0.0,"max_hp_gain":0.0,"max_hp_loss":0.0,"gold_gain":0.0,"event_name":"Dead Adventurer","player_choice":"Searched \u00272\u0027 times","floor":11.0,"gold_loss":0.0,"damage_taken":0.0,"relics_obtained":["Ornamental Fan"]},{"damage_healed":0.0,"max_hp_gain":0.0,"max_hp_loss":0.0,"gold_gain":0.0,"event_name":"Shining Light","player_choice":"Entered Light","floor":12.0,"gold_loss":0.0,"damage_taken":15.0,"cards_upgraded":["Strike_G","Defend_G"]},{"damage_healed":0,"gold_gain":0,"player_choice":"Ignored","damage_taken":0,"max_hp_gain":0,"max_hp_loss":0,"event_name":"Ghosts","floor":19,"gold_loss":0},{"damage_healed":0,"gold_gain":99,"player_choice":"Stole From Cult","damage_taken":0,"max_hp_gain":0,"max_hp_loss":0,"event_name":"Nest","floor":20,"gold_loss":0},{"damage_healed":0,"gold_gain":0,"player_choice":"Fought Bandits","damage_taken":0,"max_hp_gain":0,"max_hp_loss":0,"event_name":"Masked Bandits","floor":21,"gold_loss":0}],"is_beta":false,"boss_relics":[{"not_picked":["Black Star","White Beast Statue"],"picked":"Empty Cage"}],"items_purged_floors":[],"is_endless":false,"potions_floor_spawned":[7,11,14],"killed_by":"Chosen","ascension_level":5}