{"gold_per_floor":[109,109,109,124,140,140,1,1,81,31,45,83,83,83,83,202,202,217,241,11,27,27,27,65,78,105,130,130,30,30,30,30,150,150,169,228,47,63,63,63,98,98,123,44,44,65,65,106,106,106],"floor_reached":51,"playtime":3010,"items_purged":["Strike_B","Shame"],"score":1120,"play_id":"da1f5ef1-5652-48ba-856d-f506bfb48f01","local_time":"20190410005055","is_ascension_mode":true,"campfire_choices":[{"data":"Hologram","floor":6.0,"key":"SMITH"},{"data":"Creative AI","floor":8.0,"key":"SMITH"},{"data":"Self Repair","floor":13.0,"key":"SMITH"},{"data":"Conserve Battery","floor":15.0,"key":"SMITH"},{"data":"Amplify","floor":23.0,"key":"SMITH"},{"data":"Storm","floor":30.0,"key":"SMITH"},{"floor":32.0,"key":"REST"},{"floor":40.0,"key":"REST"},{"floor":49,"key":"REST"}],"neow_cost":"CURSE","seed_source_timestamp":4847099515341,"circlet_count":0,"master_deck":["AscendersBane","Strike_B","Defend_B","Defend_B","Defend_B","Zap","Dualcast","Conserve Battery+1","Self Repair+1","Hologram+1","Creative AI+1","Sweeping Beam+1","Amplify+1","Core Surge+1","Cold Snap+1","Necronomicurse","Storm+1","Double Energy+1","Core Surge+1","Recycle","Loop+1","Panacea","Jack Of All Trades","Dark Shackles","Consume","Creative AI+1","Melter+1","Defragment+1"],"special_seed":0,"relics":["Cracked Core","Bird Faced Urn","Golden Idol","Molten Egg 2","Incense Burner","Snecko Eye","Centennial Puzzle","Necronomicon","Ancient Tea Set","Orichalcum","Blood Vial","Anchor","Fusion Hammer","Nunchaku","Dream Catcher","Potion Belt","Happy Flower","Smiling Mask"],"potions_floor_usage":[41,41],"damage_taken":[{"damage":0.0,"enemies":"Small Slimes","floor":1.0,"turns":2.0},{"damage":4.0,"enemies":"2 Louse","floor":4.0,"turns":3.0},{"damage":1.0,"enemies":"Cultist","floor":5.0,"turns":4.0},{"damage":26.0,"enemies":"3 Louse","floor":11.0,"turns":5.0},{"damage":62.0,"enemies":"Lagavulin","floor":12.0,"turns":7.0},{"damage":23.0,"enemies":"Hexaghost","floor":16.0,"turns":7.0},{"damage":11.0,"enemies":"Shell Parasite","floor":18.0,"turns":8.0},{"damage":7.0,"enemies":"Chosen","floor":21.0,"turns":6.0},{"damage":63.0,"enemies":"Gremlin Leader","floor":24.0,"turns":9.0},{"damage":21.0,"enemies":"Centurion and Healer","floor":25.0,"turns":4.0},{"damage":55.0,"enemies":"Champ","floor":33.0,"turns":10.0},{"damage":7.0,"enemies":"3 Shapes","floor":35.0,"turns":3.0},{"damage":51.0,"enemies":"2 Orb Walkers","floor":36.0,"turns":5.0},{"damage":1.0,"enemies":"3 Darklings","floor":38.0,"turns":5.0},{"damage":0,"enemies":"Giant Head","floor":41,"turns":7},{"damage":24,"enemies":"Writhing Mass","floor":46,"turns":5},{"damage":49,"enemies":"Reptomancer","floor":48,"turns":6},{"damage":54,"enemies":"Donu and Deca","floor":50,"turns":5}],"seed_played":"-4094430582911880118","potions_obtained":[{"floor":11.0,"key":"LiquidBronze"},{"floor":16.0,"key":"SpeedPotion"},{"floor":33.0,"key":"EssenceOfSteel"},{"floor":35.0,"key":"SkillPotion"}],"is_trial":false,"path_per_floor":["M","?","?","M","M","R","$","R","T","?","M","E","R","?","R","B",null,"M","T","$","M","?","R","E","M","T","T","?","$","R","?","R","B",null,"M","?","$","M","?","R","E","?","T","$","?","M","?","E","R","B",null],"character_chosen":"DEFECT","items_purchased":["Creative AI","Core Surge+1","Recycle","Dream Catcher","Consume"],"campfire_rested":3,"item_purchase_floors":[7,20,37,37,44],"current_hp_per_floor":[68,61,61,57,65,65,65,65,65,65,56,21,21,21,21,38,66,75,75,75,75,59,59,26,27,27,27,27,27,27,27,49,46,68,75,50,50,69,69,75,75,65,65,65,65,71,64,65,75,43],"gold":106,"neow_bonus":"ONE_RARE_RELIC","is_prod":false,"is_daily":false,"chose_seed":false,"campfire_upgraded":6,"win_rate":0,"timestamp":1554825055,"path_taken":["M","?","?","M","M","R","$","R","T","?","M","E","R","?","R","BOSS","M","?","$","M","?","R","E","M","T","?","?","?","R","?","R","BOSS","M","?","$","M","?","R","E","?","T","$","?","?","?","E","R","BOSS"],"build_version":"2019-01-23","purchased_purges":2,"victory":true,"max_hp_per_floor":[75,75,75,75,75,75,75,75,75,75,75,75,75,75,75,75,75,75,75,75,75,75,75,75,75,75,75,75,75,75,75,75,75,75,75,75,75,75,75,75,75,75,75,75,75,75,75,75,75,75],"card_choices":[{"not_picked":["Turbo","Sweeping Beam"],"picked":"Conserve Battery","floor":1.0},{"not_picked":["Chill","Rebound"],"picked":"Self Repair","floor":4.0},{"not_picked":["Tempest","Fusion"],"picked":"Hologram","floor":5.0},{"not_picked":["Hologram","Coolheaded"],"picked":"Sweeping Beam+1","floor":11.0},{"not_picked":["Redo","Blizzard+1","Darkness"],"picked":"SKIP","floor":12.0},{"not_picked":["Reboot","Multi-Cast"],"picked":"Amplify","floor":16.0},{"not_picked":["Leap","Turbo","Doom and Gloom+1"],"picked":"SKIP","floor":18.0},{"not_picked":["Blizzard+1","Streamline+1"],"picked":"Cold Snap+1","floor":21.0},{"not_picked":["Cold Snap+1","Self Repair"],"picked":"Storm","floor":24.0},{"not_picked":["Storm","Go for the Eyes+1"],"picked":"Double Energy+1","floor":25.0},{"not_picked":["Electrodynamics","Machine Learning"],"picked":"Core Surge+1","floor":33.0},{"not_picked":["Hello World","Streamline+1","Coolheaded"],"picked":"SKIP","floor":35.0},{"not_picked":["Sweeping Beam+1","Aggregate+1","Compile Driver+1"],"picked":"SKIP","floor":38.0},{"not_picked":["Undo","Cold Snap+1"],"picked":"Loop+1","floor":40.0},{"not_picked":["Hyperbeam+1","Streamline+1","Beam Cell+1"],"picked":"SKIP","floor":41},{"not_picked":["Madness","Good Instincts"],"picked":"Panacea","floor":42},{"not_picked":["Panacea","Enlightenment"],"picked":"Jack Of All Trades","floor":42},{"not_picked":["Forethought","Trip"],"picked":"Dark Shackles","floor":42},{"not_picked":["Streamline+1","Leap+1"],"picked":"Melter+1","floor":46},{"not_picked":["Tempest","Barrage+1","BootSequence+1"],"picked":"SKIP","floor":48},{"not_picked":["Redo","Ball Lightning+1"],"picked":"Defragment+1","floor":49}],"player_experience":708757,"relics_obtained":[{"floor":9.0,"key":"Molten Egg 2"},{"floor":12.0,"key":"Incense Burner"},{"floor":19.0,"key":"Centennial Puzzle"},{"floor":22.0,"key":"Necronomicon"},{"floor":24.0,"key":"Ancient Tea Set"},{"floor":26.0,"key":"Orichalcum"},{"floor":27.0,"key":"Blood Vial"},{"floor":36.0,"key":"Nunchaku"},{"floor":41,"key":"Potion Belt"},{"floor":43,"key":"Happy Flower"},{"floor":48,"key":"Smiling Mask"}],"event_choices":[{"cards_removed":["Normality"],"damage_healed":0.0,"max_hp_gain":0.0,"max_hp_loss":0.0,"gold_gain":0.0,"event_name":"Golden Wing","player_choice":"Card Removal","floor":2.0,"gold_loss":0.0,"damage_taken":7.0},{"damage_healed":0.0,"max_hp_gain":0.0,"max_hp_loss":0.0,"gold_gain":0.0,"event_name":"Golden Idol","player_choice":"Take Wound","floor":3.0,"gold_loss":0.0,"damage_taken":0.0,"relics_obtained":["Golden Idol"],"cards_obtained":["Injury"]},{"cards_removed":["Injury"],"damage_healed":0.0,"max_hp_gain":0.0,"max_hp_loss":0.0,"gold_gain":0.0,"event_name":"The Cleric","player_choice":"Card Removal","floor":10.0,"gold_loss":50.0,"damage_taken":0.0},{"cards_removed":["Strike_B"],"damage_healed":0.0,"max_hp_gain":0.0,"max_hp_loss":0.0,"gold_gain":0.0,"event_name":"Bonfire Elementals","player_choice":"Offered Basic","floor":14.0,"gold_loss":0.0,"damage_taken":0.0},{"damage_healed":0.0,"max_hp_gain":0.0,"max_hp_loss":0.0,"gold_gain":0.0,"event_name":"Cursed Tome","player_choice":"Obtained Book","floor":22.0,"gold_loss":0.0,"damage_taken":16.0},{"damage_healed":0.0,"max_hp_gain":0.0,"max_hp_loss":0.0,"gold_gain":0.0,"event_name":"Addict","player_choice":"Stole Relic","floor":28.0,"gold_loss":0.0,"damage_taken":0.0,"relics_obtained":["Anchor"],"cards_obtained":["Shame"]},{"cards_removed":["Strike_B"],"damage_healed":0.0,"max_hp_gain":0.0,"max_hp_loss":0.0,"gold_gain":0.0,"event_name":"Back to Basics","player_choice":"Elegance","floor":31.0,"gold_loss":0.0,"damage_taken":0.0},{"damage_healed":0.0,"max_hp_gain":0.0,"max_hp_loss":0.0,"gold_gain":0.0,"event_name":"Mysterious Sphere","player_choice":"Fight","floor":36.0,"gold_loss":0.0,"damage_taken":0.0},{"cards_removed":["Defend_B"],"damage_healed":0.0,"max_hp_gain":0.0,"max_hp_loss":0.0,"gold_gain":0.0,"event_name":"Falling","player_choice":"Removed Skill","floor":39.0,"gold_loss":0.0,"damage_taken":0.0},{"damage_healed":0,"gold_gain":0,"player_choice":"Memory 3","damage_taken":10,"max_hp_gain":0,"max_hp_loss":0,"event_name":"SensoryStone","floor":42,"gold_loss":0},{"damage_healed":0,"gold_gain":0,"player_choice":"Copied","damage_taken":0,"max_hp_gain":0,"max_hp_loss":0,"event_name":"Duplicator","floor":45,"gold_loss":0,"cards_obtained":["Creative AI"]},{"damage_healed":0,"gold_gain":0,"player_choice":"Damaged","damage_taken":7,"max_hp_gain":0,"max_hp_loss":0,"event_name":"Wheel of Change","floor":47,"gold_loss":0}],"is_beta":false,"boss_relics":[{"not_picked":["Coffee Dripper","Busted Crown"],"picked":"Snecko Eye"},{"not_picked":["Orrery","Runic Pyramid"],"picked":"Fusion Hammer"}],"items_purged_floors":[20,29],"is_endless":false,"potions_floor_spawned":[11,16,33,35],"ascension_level":11}