{"gold_per_floor":[112,187,187,187,187,187,78,108,108,134,149,159,171,71,71,176,176],"floor_reached":17,"playtime":371,"items_purged":["Pain","Defend_R"],"score":213,"play_id":"02f68044-38a0-4cc5-809a-0b36ac6178f1","local_time":"20190313110223","is_ascension_mode":false,"campfire_choices":[{"data":"Dual Wield","floor":6,"key":"SMITH"},{"data":"Limit Break","floor":15,"key":"SMITH"}],"neow_cost":"NONE","seed_source_timestamp":2386332330600419,"circlet_count":0,"master_deck":["Strike_R","Strike_R","Strike_R","Strike_R","Defend_R","Defend_R","Defend_R","Bash","Dual Wield+1","Corruption","Thunderclap","Headbutt","Flame Barrier","Flex","Limit Break+1","Offering"],"relics":["Burning Blood","NeowsBlessing","Mango","WarpedTongs","Lantern","Question Card","Strawberry","Snecko Eye"],"potions_floor_usage":[16,16],"damage_taken":[{"damage":0,"enemies":"Jaw Worm","floor":1,"turns":1},{"damage":1,"enemies":"3 Sentries","floor":8,"turns":3},{"damage":0,"enemies":"Gremlin Nob","floor":10,"turns":1},{"damage":0,"enemies":"2 Louse","floor":11,"turns":1},{"damage":0,"enemies":"Small Slimes","floor":12,"turns":3},{"damage":30,"enemies":"Gremlin Gang","floor":13,"turns":4},{"damage":20,"enemies":"Slime Boss","floor":16,"turns":8}],"seed_played":"8246579096442233545","potions_obtained":[{"floor":1,"key":"PowerPotion"},{"floor":11,"key":"Block Potion"},{"floor":12,"key":"Strength Potion"}],"is_trial":false,"path_per_floor":["M","?","?","?","?","R","$","E","T","E","M","M","M","$","R","B",null],"character_chosen":"IRONCLAD","items_purchased":["Corruption"],"campfire_rested":0,"item_purchase_floors":[7],"current_hp_per_floor":[80,69,62,64,64,64,64,69,69,82,88,94,70,70,70,56,56],"gold":176,"neow_bonus":"THREE_ENEMY_KILL","is_prod":false,"is_daily":false,"chose_seed":false,"campfire_upgraded":2,"win_rate":0,"timestamp":1552442543,"path_taken":["M","?","?","?","?","R","$","E","T","E","?","M","M","$","R","BOSS"],"build_version":"2019-01-23","purchased_purges":2,"victory":false,"max_hp_per_floor":[80,80,80,94,94,94,94,94,94,101,101,101,101,101,101,101,101],"card_choices":[{"not_picked":["Sword Boomerang","Pummel"],"picked":"Dual Wield","floor":1},{"not_picked":["Headbutt","Iron Wave"],"picked":"Thunderclap","floor":8},{"not_picked":["Twin Strike","Bloodletting","Havoc"],"picked":"Headbutt","floor":10},{"not_picked":["Clash","Pommel Strike","Rampage"],"picked":"Flame Barrier","floor":11},{"not_picked":["Heavy Blade","Sword Boomerang","Uppercut"],"picked":"Flex","floor":12},{"not_picked":["Pommel Strike","Anger","Twin Strike"],"picked":"Limit Break","floor":13},{"not_picked":["Bludgeon","Demon Form","Double Tap"],"picked":"Offering","floor":16}],"player_experience":347007,"relics_obtained":[{"floor":8,"key":"Lantern"},{"floor":9,"key":"Question Card"},{"floor":10,"key":"Strawberry"}],"event_choices":[{"damage_healed":0,"gold_gain":75,"player_choice":"Gather Gold","damage_taken":11,"max_hp_gain":0,"max_hp_loss":0,"event_name":"World of Goop","floor":2,"gold_loss":0},{"cards_removed":["Strike_R"],"damage_healed":0,"gold_gain":0,"player_choice":"Card Removal","damage_taken":7,"max_hp_gain":0,"max_hp_loss":0,"event_name":"Golden Wing","floor":3,"gold_loss":0},{"damage_healed":0,"gold_gain":0,"player_choice":"Success","damage_taken":12,"relics_obtained":["Mango"],"max_hp_gain":0,"max_hp_loss":0,"event_name":"Scrap Ooze","floor":4,"gold_loss":0},{"damage_healed":0,"gold_gain":0,"player_choice":"Rummage","damage_taken":0,"relics_obtained":["WarpedTongs"],"max_hp_gain":0,"max_hp_loss":0,"event_name":"Accursed Blacksmith","floor":5,"gold_loss":0,"cards_obtained":["Pain"]}],"is_beta":false,"boss_relics":[{"not_picked":["Mark of Pain","Busted Crown"],"picked":"Snecko Eye"}],"items_purged_floors":[7,14],"is_endless":false,"potions_floor_spawned":[1,11,12],"ascension_level":0}