{"gold_per_floor":[114,12,32,32,32,62,62,97,97,132,132,146,146,146,146,244,244,255,255,165,175,185,210,210,242,292,310,59,59,71,91,91,195,195,210,228,328,51,62,90,90,90,90,0,0,55,5,5,5,5],"floor_reached":51,"playtime":3373,"items_purged":["Zap","Strike_B","Defend_B"],"score":1010,"play_id":"0dbca654-ce5a-460f-8383-65f048de0cdc","local_time":"20190408205236","is_ascension_mode":true,"campfire_choices":[{"floor":7.0,"key":"REST"},{"floor":11.0,"key":"REST"},{"data":"Fusion","floor":15.0,"key":"SMITH"},{"floor":24.0,"key":"REST"},{"floor":29.0,"key":"REST"},{"floor":32.0,"key":"REST"},{"floor":42.0,"key":"REST"},{"data":"Hyperbeam","floor":45.0,"key":"SMITH"},{"data":"Beam Cell","floor":49.0,"key":"SMITH"}],"neow_cost":"TEN_PERCENT_HP_LOSS","seed_source_timestamp":180434574885,"circlet_count":0,"master_deck":["Defend_B","Defend_B","Defend_B+1","Hyperbeam+1","Beam Cell+1","Gash","Leap","Hologram","Fusion+1","Conserve Battery","Turbo+1","Meteor Strike","Hologram+1","Necronomicurse","Reinforced Body+1","Seek","Leap","Machine Learning","White Noise+1","Chill+1","Hello World+1","Writhe"],"special_seed":0,"relics":["Cracked Core","Thread and Needle","Turnip","Letter Opener","Bottled Lightning","Potion Belt","Calling Bell","Blood Vial","Kunai","Du-Vu Doll","Necronomicon","Dream Catcher","Shuriken","DataDisk","Bag of Marbles","Empty Cage","Emotion Chip","War Paint","Symbiotic Virus","Pantograph","Red Mask","Pocketwatch"],"potions_floor_usage":[50,50],"damage_taken":[{"damage":5.0,"enemies":"Small Slimes","floor":1.0,"turns":3.0},{"damage":0.0,"enemies":"2 Louse","floor":3.0,"turns":1.0},{"damage":35.0,"enemies":"Lagavulin","floor":6.0,"turns":7.0},{"damage":8.0,"enemies":"3 Sentries","floor":8.0,"turns":4.0},{"damage":28.0,"enemies":"Gremlin Nob","floor":10.0,"turns":5.0},{"damage":0.0,"enemies":"Cultist","floor":12.0,"turns":3.0},{"damage":12.0,"enemies":"Hexaghost","floor":16.0,"turns":11.0},{"damage":0.0,"enemies":"Chosen","floor":18.0,"turns":4.0},{"damage":0.0,"enemies":"2 Thieves","floor":21.0,"turns":1.0},{"damage":0.0,"enemies":"Centurion and Healer","floor":22.0,"turns":2.0},{"damage":29.0,"enemies":"Slavers","floor":23.0,"turns":3.0},{"damage":33.0,"enemies":"Gremlin Leader","floor":25.0,"turns":7.0},{"damage":0.0,"enemies":"3 Cultists","floor":27.0,"turns":2.0},{"damage":0.0,"enemies":"Snake Plant","floor":30.0,"turns":1.0},{"damage":0.0,"enemies":"Centurion and Healer","floor":31.0,"turns":5.0},{"damage":52.0,"enemies":"Champ","floor":33.0,"turns":11.0},{"damage":6.0,"enemies":"3 Darklings","floor":35.0,"turns":3.0},{"damage":0.0,"enemies":"Orb Walker","floor":36.0,"turns":2.0},{"damage":19.0,"enemies":"Mind Bloom Boss Battle","floor":37.0,"turns":5.0},{"damage":0.0,"enemies":"Sphere and 2 Shapes","floor":39.0,"turns":3.0},{"damage":13.0,"enemies":"Nemesis","floor":40.0,"turns":5.0},{"damage":0.0,"enemies":"2 Orb Walkers","floor":46.0,"turns":1.0},{"damage":51,"enemies":"Awakened One","floor":50,"turns":9}],"seed_played":"4439815862365005531","potions_obtained":[{"floor":3.0,"key":"GamblersBrew"},{"floor":10.0,"key":"Weak Potion"},{"floor":12.0,"key":"LiquidBronze"},{"floor":14.0,"key":"Ancient Potion"},{"floor":14.0,"key":"SkillPotion"},{"floor":14.0,"key":"Dexterity Potion"},{"floor":21.0,"key":"FearPotion"},{"floor":25.0,"key":"Weak Potion"},{"floor":30.0,"key":"LiquidBronze"},{"floor":33.0,"key":"FocusPotion"},{"floor":36.0,"key":"FocusPotion"},{"floor":39.0,"key":"SteroidPotion"}],"is_trial":false,"path_per_floor":["M","$","M","?","?","E","R","E","T","E","R","M","?","?","R","B",null,"M","?","?","M","M","E","R","E","T","M","$","R","M","M","R","B",null,"M","M","?","$","M","E","$","R","T","?","R","?","$","?","R","B",null],"character_chosen":"DEFECT","items_purchased":["Gash","Bag of Marbles","War Paint","Energy Potion"],"campfire_rested":6,"item_purchase_floors":[2,28,38,47],"current_hp_per_floor":[63,63,63,56,56,21,41,33,33,5,25,25,25,25,25,13,54,56,40,40,42,44,17,37,6,6,8,8,28,30,32,52,2,52,48,50,33,33,35,24,24,44,44,44,44,46,46,63,63,17],"gold":5,"neow_bonus":"THREE_RARE_CARDS","is_prod":false,"is_daily":false,"chose_seed":false,"campfire_upgraded":3,"win_rate":0,"timestamp":1554724356,"path_taken":["M","$","M","?","?","E","R","E","T","E","R","M","?","?","R","BOSS","M","?","?","?","M","E","R","E","T","M","$","R","M","M","R","BOSS","M","M","?","$","M","E","$","R","T","?","R","?","$","?","R","BOSS"],"build_version":"2019-01-23","purchased_purges":3,"victory":true,"max_hp_per_floor":[68,68,68,68,68,68,68,68,68,68,68,68,68,68,68,68,68,68,68,68,68,68,68,68,68,68,68,68,68,68,68,68,68,68,68,68,68,68,68,68,68,68,68,68,68,68,68,68,68,68],"card_choices":[{"not_picked":["Electrodynamics","Thunder Strike"],"picked":"Hyperbeam","floor":0.0},{"not_picked":["Ball Lightning","Redo"],"picked":"Beam Cell","floor":1.0},{"not_picked":["Rebound","Storm"],"picked":"Leap","floor":3.0},{"not_picked":["Thunder Strike","Gash"],"picked":"Hologram","floor":6.0},{"not_picked":["Turbo","Capacitor"],"picked":"Fusion","floor":8.0},{"not_picked":["Steam","Coolheaded"],"picked":"Conserve Battery","floor":10.0},{"not_picked":["Biased Cognition","Cold Snap"],"picked":"Turbo","floor":12.0},{"not_picked":["Amplify","Multi-Cast"],"picked":"Meteor Strike","floor":16.0},{"not_picked":["Turbo","Stack"],"picked":"Hologram+1","floor":18.0},{"not_picked":["Rebound","Tempest","Redo"],"picked":"SKIP","floor":21.0},{"not_picked":["Scrape","Redo","Cold Snap"],"picked":"SKIP","floor":22.0},{"not_picked":["Tempest+1","Steam Power"],"picked":"Reinforced Body","floor":23.0},{"not_picked":["Gash","Ball Lightning","Turbo"],"picked":"SKIP","floor":25.0},{"not_picked":["Turbo","Coolheaded"],"picked":"Seek","floor":27.0},{"not_picked":["Hologram+1","Gash"],"picked":"Leap","floor":30.0},{"not_picked":["Doom and Gloom","Barrage","Streamline"],"picked":"SKIP","floor":31.0},{"not_picked":["Amplify","Reboot"],"picked":"Machine Learning","floor":33.0},{"not_picked":["Conserve Battery","Turbo"],"picked":"White Noise+1","floor":35.0},{"not_picked":["Streamline+1","Amplify"],"picked":"Chill+1","floor":36.0},{"not_picked":["Beam Cell","Coolheaded+1"],"picked":"Hello World+1","floor":39.0},{"not_picked":["Ball Lightning","Hologram","Go for the Eyes"],"picked":"SKIP","floor":40.0}],"player_experience":702421,"relics_obtained":[{"floor":6.0,"key":"Turnip"},{"floor":8.0,"key":"Letter Opener"},{"floor":9.0,"key":"Bottled Lightning"},{"floor":10.0,"key":"Potion Belt"},{"floor":17.0,"key":"Blood Vial"},{"floor":17.0,"key":"Kunai"},{"floor":17.0,"key":"Du-Vu Doll"},{"floor":19.0,"key":"Necronomicon"},{"floor":23.0,"key":"Dream Catcher"},{"floor":25.0,"key":"Shuriken"},{"floor":26.0,"key":"DataDisk"},{"floor":37.0,"key":"Emotion Chip"},{"floor":40.0,"key":"Symbiotic Virus"},{"floor":43.0,"key":"Pantograph"},{"floor":46.0,"key":"Pocketwatch"}],"event_choices":[{"cards_removed":["Dualcast"],"damage_healed":0.0,"max_hp_gain":0.0,"max_hp_loss":0.0,"gold_gain":0.0,"event_name":"Golden Wing","player_choice":"Card Removal","floor":4.0,"gold_loss":0.0,"damage_taken":7.0},{"damage_healed":0.0,"max_hp_gain":0.0,"max_hp_loss":0.0,"gold_gain":0.0,"event_name":"Big Fish","player_choice":"Box","floor":5.0,"gold_loss":0.0,"damage_taken":0.0,"relics_obtained":["Thread and Needle"],"cards_obtained":["Regret"]},{"cards_removed":["Regret"],"damage_healed":0.0,"max_hp_gain":0.0,"max_hp_loss":0.0,"gold_gain":0.0,"event_name":"Living Wall","player_choice":"Forget","floor":13.0,"gold_loss":0.0,"damage_taken":0.0},{"damage_healed":0.0,"max_hp_gain":0.0,"max_hp_loss":0.0,"gold_gain":0.0,"event_name":"Lab","player_choice":"Got Potions","floor":14.0,"gold_loss":0.0,"damage_taken":0.0},{"damage_healed":0.0,"max_hp_gain":0.0,"max_hp_loss":0.0,"gold_gain":0.0,"event_name":"Cursed Tome","player_choice":"Obtained Book","floor":19.0,"gold_loss":0.0,"damage_taken":16.0},{"cards_removed":["Strike_B"],"damage_healed":0.0,"max_hp_gain":0.0,"max_hp_loss":0.0,"gold_gain":0.0,"event_name":"Designer","player_choice":"Upgrade and Remove","floor":20.0,"gold_loss":90.0,"damage_taken":0.0,"cards_upgraded":["Turbo"]},{"damage_healed":0.0,"max_hp_gain":0.0,"max_hp_loss":0.0,"gold_gain":0.0,"event_name":"MindBloom","player_choice":"Fight","floor":37.0,"gold_loss":0.0,"damage_taken":0.0},{"damage_healed":0.0,"max_hp_gain":0.0,"max_hp_loss":0.0,"gold_gain":0.0,"event_name":"Tomb of Lord Red Mask","player_choice":"Paid","floor":44.0,"gold_loss":90.0,"damage_taken":0.0,"relics_obtained":["Red Mask"]},{"damage_healed":0.0,"max_hp_gain":0.0,"max_hp_loss":0.0,"gold_gain":0.0,"event_name":"Mysterious Sphere","player_choice":"Fight","floor":46.0,"gold_loss":0.0,"damage_taken":0.0},{"damage_healed":17.0,"max_hp_gain":0.0,"max_hp_loss":0.0,"gold_gain":0.0,"event_name":"Winding Halls","player_choice":"Writhe","floor":48.0,"gold_loss":0.0,"damage_taken":0.0,"cards_obtained":["Writhe"]}],"is_beta":false,"boss_relics":[{"not_picked":["Inserter","White Beast Statue"],"picked":"Calling Bell"},{"not_picked":["Orrery","Runic Dome"],"picked":"Empty Cage"}],"items_purged_floors":[2,28,38],"is_endless":false,"potions_floor_spawned":[3,10,12,21,25,30,33,36,39],"ascension_level":9}