{"gold_per_floor":[112,123,134,148,19,19,19,19,19,19,36,66,78,91,91,91],"floor_reached":16,"playtime":814,"items_purged":["Strike_B"],"score":161,"play_id":"0ebcc772-e3bf-4f70-a52b-1b9be855983b","local_time":"20190410123830","is_ascension_mode":true,"campfire_choices":[{"floor":6,"key":"REST"},{"data":"Coolheaded","floor":10,"key":"SMITH"},{"data":"Go for the Eyes","floor":15,"key":"SMITH"}],"neow_cost":"NONE","seed_source_timestamp":9910690870526,"circlet_count":0,"master_deck":["AscendersBane","Strike_B","Strike_B","Strike_B","Defend_B","Defend_B","Defend_B","Defend_B","Zap+1","Dualcast","Coolheaded+1","Chill","Coolheaded","Loop","Cold Snap","Auto Shields","Genetic Algorithm","Coolheaded","Ball Lightning","Go for the Eyes+1"],"relics":["Sozu","Thread and Needle","Prayer Wheel"],"potions_floor_usage":[],"damage_taken":[{"damage":6,"enemies":"2 Louse","floor":1,"turns":4},{"damage":4,"enemies":"Small Slimes","floor":2,"turns":4},{"damage":2,"enemies":"Cultist","floor":3,"turns":4},{"damage":21,"enemies":"Large Slime","floor":4,"turns":8},{"damage":0,"enemies":"3 Louse","floor":11,"turns":5},{"damage":13,"enemies":"3 Sentries","floor":12,"turns":12},{"damage":4,"enemies":"2 Fungi Beasts","floor":13,"turns":4},{"damage":0,"enemies":"Blue Slaver","floor":14,"turns":4},{"damage":41,"enemies":"Slime Boss","floor":16,"turns":10}],"seed_played":"-5669798847742901253","potions_obtained":[],"is_trial":false,"path_per_floor":["M","M","M","M","$","R","?","?","T","R","M","E","M","M","R","B"],"character_chosen":"DEFECT","items_purchased":["Cold Snap"],"campfire_rested":1,"item_purchase_floors":[5],"current_hp_per_floor":[62,58,56,35,35,57,57,57,57,57,57,44,40,40,40,0],"gold":91,"neow_bonus":"BOSS_RELIC","is_prod":false,"is_daily":false,"chose_seed":false,"campfire_upgraded":2,"win_rate":0,"timestamp":1554867510,"path_taken":["M","M","M","M","$","R","?","?","T","R","?","E","M","M","R","BOSS"],"build_version":"2019-01-23","purchased_purges":1,"victory":false,"max_hp_per_floor":[75,75,75,75,75,75,75,75,75,75,75,75,75,75,75,75],"card_choices":[{"not_picked":["Static Discharge","Sweeping Beam"],"picked":"Coolheaded","floor":1},{"not_picked":["Double Energy","Stack"],"picked":"Chill","floor":2},{"not_picked":["Cold Snap","Amplify"],"picked":"Coolheaded","floor":3},{"not_picked":["Static Discharge","Gash"],"picked":"Loop","floor":4},{"not_picked":["Hologram","Steam"],"picked":"Auto Shields","floor":11},{"not_picked":["Chaos","Redo"],"picked":"Genetic Algorithm","floor":12},{"not_picked":["Cold Snap","Chill"],"picked":"Coolheaded","floor":13},{"not_picked":["Sweeping Beam","Double Energy","FTL"],"picked":"SKIP","floor":13},{"not_picked":["Cold Snap","Sweeping Beam"],"picked":"Ball Lightning","floor":14},{"not_picked":["Stack","Melter"],"picked":"Go for the Eyes","floor":14}],"player_experience":533885,"relics_obtained":[{"floor":9,"key":"Thread and Needle"},{"floor":12,"key":"Prayer Wheel"}],"event_choices":[{"damage_healed":0,"gold_gain":0,"player_choice":"Leave","damage_taken":0,"max_hp_gain":0,"max_hp_loss":0,"event_name":"The Cleric","floor":7,"gold_loss":0},{"damage_healed":0,"gold_gain":0,"player_choice":"Upgraded","damage_taken":0,"max_hp_gain":0,"max_hp_loss":0,"event_name":"Upgrade Shrine","floor":8,"gold_loss":0,"cards_upgraded":["Zap"]}],"is_beta":false,"boss_relics":[],"items_purged_floors":[5],"is_endless":false,"potions_floor_spawned":[1,2,12,13,14],"killed_by":"Slime Boss","ascension_level":11}