{"gold_per_floor":[118,71,246,262,315,315,340,137,137,137,70,87,87,51,51,172,172,188,188,88,103,50,50,50,50,50,75,91,91,134,152,152,282,282,295,295,628,15,29,56,56,87,87,97,112,112,132,147,147,147],"floor_reached":50,"playtime":3709,"items_purged":["Doubt","Strike_B","Strike_B"],"score":704,"play_id":"506e1b13-54da-427f-859d-9955094526a3","local_time":"20190324034250","is_ascension_mode":true,"campfire_choices":[{"data":"Defragment","floor":6.0,"key":"SMITH"},{"data":"Coolheaded","floor":10.0,"key":"SMITH"},{"data":"White Noise","floor":15.0,"key":"SMITH"},{"data":"Blizzard","floor":23.0,"key":"SMITH"},{"data":"Self Repair","floor":29.0,"key":"SMITH"},{"data":"Creative AI","floor":32.0,"key":"SMITH"},{"data":"Fission","floor":41,"key":"SMITH"},{"data":"Defragment","floor":46,"key":"SMITH"},{"data":"Hologram","floor":49,"key":"SMITH"}],"neow_cost":"NONE","seed_source_timestamp":51558781352175,"circlet_count":0,"master_deck":["Defend_B","Defend_B","Defend_B","Defend_B","Zap","Dualcast","Cold Snap","Defragment+1","Leap","Biased Cognition","Coolheaded+1","White Noise+1","Self Repair+1","Machine Learning","Hello World","Blizzard+1","Hologram+1","Hologram","Defragment+1","Creative AI+1","Fission+1","Force Field","Calculated Gamble+1","Brutality","Buffer","Secret Technique+1","Aggregate+1"],"special_seed":0,"relics":["Coffee Dripper","Lantern","Bronze Scales","Nuclear Battery","Enchiridion","Nloth\u0027s Gift","Shuriken","Meat on the Bone","Snecko Eye","PrismaticShard","Bird Faced Urn","Incense Burner","Anchor","Toxic Egg 2"],"potions_floor_usage":[47,50,50,50],"damage_taken":[{"damage":1.0,"enemies":"2 Louse","floor":1.0,"turns":4.0},{"damage":5.0,"enemies":"Jaw Worm","floor":4.0,"turns":5.0},{"damage":13.0,"enemies":"3 Sentries","floor":7.0,"turns":8.0},{"damage":0.0,"enemies":"Cultist","floor":12.0,"turns":4.0},{"damage":33.0,"enemies":"Slime Boss","floor":16.0,"turns":14.0},{"damage":21.0,"enemies":"Spheric Guardian","floor":18.0,"turns":5.0},{"damage":35.0,"enemies":"2 Thieves","floor":21.0,"turns":5.0},{"damage":1.0,"enemies":"Cultist and Chosen","floor":27.0,"turns":4.0},{"damage":2.0,"enemies":"Shelled Parasite and Fungi","floor":28.0,"turns":4.0},{"damage":20.0,"enemies":"Gremlin Leader","floor":30.0,"turns":5.0},{"damage":0.0,"enemies":"Snake Plant","floor":31.0,"turns":6.0},{"damage":15.0,"enemies":"Automaton","floor":33.0,"turns":11.0},{"damage":13.0,"enemies":"Orb Walker","floor":35.0,"turns":4.0},{"damage":0.0,"enemies":"3 Darklings","floor":39.0,"turns":5.0},{"damage":30.0,"enemies":"Nemesis","floor":40.0,"turns":11.0},{"damage":60,"enemies":"Reptomancer","floor":42,"turns":6},{"damage":15,"enemies":"Spire Growth","floor":44,"turns":6},{"damage":65,"enemies":"4 Shapes","floor":45,"turns":8},{"damage":22,"enemies":"3 Darklings","floor":47,"turns":6},{"damage":32,"enemies":"Spire Growth","floor":48,"turns":4},{"damage":95,"enemies":"Donu and Deca","floor":50,"turns":8}],"seed_played":"3135593423139766475","potions_obtained":[{"floor":12.0,"key":"AttackPotion"},{"floor":16.0,"key":"Regen Potion"},{"floor":28.0,"key":"Dexterity Potion"},{"floor":30.0,"key":"Block Potion"},{"floor":33.0,"key":"Dexterity Potion"},{"floor":45,"key":"SneckoOil"},{"floor":47,"key":"AttackPotion"},{"floor":48,"key":"FocusPotion"}],"is_trial":false,"path_per_floor":["M","?","?","M","T","R","E","$","T","R","$","M","?","$","R","B",null,"M","?","$","M","$","R","?","?","T","M","M","R","E","M","R","B",null,"M","?","?","$","M","E","R","E","T","M","M","R","M","M","R","B"],"character_chosen":"DEFECT","items_purchased":["Biased Cognition","Coolheaded","Capacitor","Self Repair","Hologram","PrismaticShard","Bird Faced Urn"],"campfire_rested":0,"item_purchase_floors":[8,8,11,14,22,38,38],"current_hp_per_floor":[74,74,74,69,69,69,56,56,56,56,56,56,56,56,56,30,59,45,45,45,17,17,17,1,1,1,19,24,24,14,36,36,43,63,60,60,60,60,69,69,69,51,51,69,50,50,68,65,65,0],"gold":147,"neow_bonus":"BOSS_RELIC","is_prod":false,"is_daily":false,"chose_seed":false,"campfire_upgraded":9,"win_rate":0,"timestamp":1553366570,"path_taken":["M","?","?","M","?","R","E","$","T","R","$","?","?","?","R","BOSS","M","?","$","M","$","R","?","?","T","M","?","R","E","M","R","BOSS","M","?","?","$","M","E","R","E","T","M","M","R","M","M","R","BOSS"],"build_version":"2019-01-23","purchased_purges":3,"victory":false,"max_hp_per_floor":[75,75,75,75,75,75,75,75,75,75,75,75,69,69,69,69,69,69,69,69,69,69,69,69,69,69,69,69,69,69,69,69,69,69,69,69,69,69,69,69,69,69,69,69,69,69,69,69,69,69],"card_choices":[{"not_picked":["Turbo","Hello World"],"picked":"Cold Snap","floor":1.0},{"not_picked":["Darkness","Redo"],"picked":"Defragment","floor":4.0},{"not_picked":["Consume","Steam"],"picked":"Leap","floor":7.0},{"not_picked":["FTL","Compile Driver"],"picked":"White Noise","floor":12.0},{"not_picked":["Hyperbeam","Biased Cognition"],"picked":"Machine Learning","floor":16.0},{"not_picked":["Streamline+1","Ball Lightning","Go for the Eyes"],"picked":"SKIP","floor":18.0},{"not_picked":["Gash","Steam","Streamline+1"],"picked":"SKIP","floor":21.0},{"not_picked":["Fusion","Conserve Battery+1","Gash"],"picked":"SKIP","floor":27.0},{"not_picked":["Beam Cell","Static Discharge+1"],"picked":"Hologram","floor":28.0},{"not_picked":["Machine Learning","Conserve Battery+1"],"picked":"Defragment","floor":30.0},{"not_picked":["Rebound","Go for the Eyes+1"],"picked":"Creative AI","floor":31.0},{"not_picked":["Rainbow","Buffer"],"picked":"Fission","floor":33.0},{"not_picked":["Ball Lightning","Gash+1"],"picked":"Force Field","floor":35.0},{"not_picked":["Rainbow","Swift Strike"],"picked":"Calculated Gamble+1","floor":39.0},{"not_picked":["Twin Strike","Heavy Blade+1"],"picked":"Brutality","floor":40},{"not_picked":["Rip and Tear+1","Rebound+1"],"picked":"Buffer","floor":42},{"not_picked":["Predator+1","Deep Breath+1"],"picked":"Secret Technique+1","floor":44},{"not_picked":["Iron Wave","PiercingWail+1","Glass Knife"],"picked":"SKIP","floor":45},{"not_picked":["Undo+1","Sword Boomerang"],"picked":"Aggregate+1","floor":47},{"not_picked":["Dramatic Entrance","Backflip+1","Blade Dance+1"],"picked":"SKIP","floor":48}],"player_experience":551919,"relics_obtained":[{"floor":5.0,"key":"Lantern"},{"floor":7.0,"key":"Bronze Scales"},{"floor":9.0,"key":"WingedGreaves"},{"floor":24.0,"key":"Enchiridion"},{"floor":26.0,"key":"Shuriken"},{"floor":30.0,"key":"Meat on the Bone"},{"floor":40,"key":"Incense Burner"},{"floor":42,"key":"Anchor"},{"floor":43,"key":"Toxic Egg 2"}],"event_choices":[{"damage_healed":0.0,"max_hp_gain":0.0,"max_hp_loss":0.0,"gold_gain":0.0,"event_name":"World of Goop","player_choice":"Left Gold","floor":2.0,"gold_loss":47.0,"damage_taken":0.0},{"damage_healed":0.0,"max_hp_gain":0.0,"max_hp_loss":0.0,"gold_gain":175.0,"event_name":"Liars Game","player_choice":"AGREE","floor":3.0,"gold_loss":0.0,"damage_taken":0.0,"cards_obtained":["Doubt"]},{"damage_healed":0.0,"max_hp_gain":0.0,"max_hp_loss":6.0,"gold_gain":0.0,"event_name":"Golden Idol","player_choice":"Lose Max HP","floor":13.0,"gold_loss":0.0,"damage_taken":0.0,"relics_obtained":["Golden Idol"]},{"damage_healed":0.0,"max_hp_gain":0.0,"max_hp_loss":0.0,"gold_gain":0.0,"cards_transformed":["Strike_B","Strike_B"],"event_name":"Drug Dealer","player_choice":"Became Test Subject","floor":19.0,"gold_loss":0.0,"damage_taken":0.0,"cards_obtained":["Hello World","Blizzard"]},{"damage_healed":0.0,"max_hp_gain":0.0,"max_hp_loss":0.0,"gold_gain":0.0,"event_name":"Cursed Tome","player_choice":"Obtained Book","floor":24.0,"gold_loss":0.0,"damage_taken":16.0},{"damage_healed":0.0,"max_hp_gain":0.0,"max_hp_loss":0.0,"gold_gain":0.0,"event_name":"N\u0027loth","player_choice":"Traded Relic","floor":25.0,"relics_lost":["WingedGreaves"],"gold_loss":0.0,"damage_taken":0.0,"relics_obtained":["Nloth\u0027s Gift"]},{"cards_removed":["Capacitor"],"damage_healed":0.0,"max_hp_gain":0.0,"max_hp_loss":0.0,"gold_gain":0.0,"event_name":"Falling","player_choice":"Removed Power","floor":36.0,"gold_loss":0.0,"damage_taken":0.0},{"damage_healed":0.0,"max_hp_gain":0.0,"max_hp_loss":0.0,"gold_gain":333.0,"event_name":"The Moai Head","player_choice":"Gave Idol","floor":37.0,"relics_lost":["Golden Idol"],"gold_loss":0.0,"damage_taken":0.0}],"is_beta":false,"boss_relics":[{"not_picked":["Runic Pyramid","Black Star"],"picked":"Nuclear Battery"},{"not_picked":["Inserter","Eternal Feather"],"picked":"Snecko Eye"}],"items_purged_floors":[8,20,38],"is_endless":false,"potions_floor_spawned":[12,16,28,30,33,45,47,48],"killed_by":"Donu and Deca","ascension_level":5}