{"gold_per_floor":[20,32,51,63,75,75,107,126,152,178,200,212,242,269,281,389,401,430,442],"floor_reached":19,"playtime":1692,"items_purged":[],"score":287,"play_id":"e5d71dd9-ec70-4f69-9d6f-739b300bb7af","local_time":"20190411150758","is_ascension_mode":true,"campfire_choices":[{"data":"Coolheaded","floor":6,"key":"SMITH"},{"floor":12,"key":"REST"},{"floor":15,"key":"REST"}],"neow_cost":"NO_GOLD","seed_source_timestamp":0,"circlet_count":0,"master_deck":["AscendersBane","Strike_B","Strike_B","Defend_B","Defend_B","Defend_B","Defend_B","Zap","Dualcast+1","Coolheaded+1","Glacier+1","Fusion","Chill","Compile Driver","Loop","White Noise+1","Coolheaded+1","Force Field+1","Skim+1","Seek+1","Clumsy","Injury","Clumsy","Fusion+1"],"special_seed":0,"relics":["Cracked Core","Toxic Egg 2","Bag of Marbles","MawBank","Calling Bell","WingedGreaves","War Paint","Blue Candle"],"potions_floor_usage":[16,16],"damage_taken":[{"damage":1.0,"enemies":"Cultist","floor":1.0,"turns":4.0},{"damage":2.0,"enemies":"Small Slimes","floor":2.0,"turns":5.0},{"damage":7.0,"enemies":"2 Louse","floor":3.0,"turns":3.0},{"damage":21.0,"enemies":"Exordium Thugs","floor":4.0,"turns":7.0},{"damage":0.0,"enemies":"Blue Slaver","floor":5.0,"turns":5.0},{"damage":11,"enemies":"3 Sentries","floor":7,"turns":12},{"damage":0,"enemies":"Looter","floor":8,"turns":4},{"damage":21,"enemies":"Lagavulin","floor":10,"turns":13},{"damage":2,"enemies":"Exordium Wildlife","floor":11,"turns":7},{"damage":15,"enemies":"Large Slime","floor":13,"turns":8},{"damage":0,"enemies":"Blue Slaver","floor":14,"turns":5},{"damage":15,"enemies":"Slime Boss","floor":16,"turns":15},{"damage":35,"enemies":"Shell Parasite","floor":18,"turns":11},{"damage":22,"enemies":"Spheric Guardian","floor":19,"turns":8}],"seed_played":"6691019258991009287","potions_obtained":[{"floor":1.0,"key":"Regen Potion"},{"floor":2.0,"key":"AttackPotion"},{"floor":4.0,"key":"FocusPotion"},{"floor":8,"key":"EssenceOfSteel"},{"floor":10,"key":"PowerPotion"}],"is_trial":false,"path_per_floor":["M","M","M","M","M","R","E","M","T","E","M","R","M","M","R","B",null,"M","M"],"character_chosen":"DEFECT","items_purchased":[],"campfire_rested":2,"item_purchase_floors":[],"current_hp_per_floor":[67,65,58,52,52,52,41,41,41,20,18,40,25,25,47,32,64,29,7],"gold":442,"neow_bonus":"REMOVE_TWO","is_prod":false,"is_daily":false,"chose_seed":false,"campfire_upgraded":1,"win_rate":0,"timestamp":1554962878,"path_taken":["M","M","M","M","M","R","E","M","T","E","M","R","M","M","R","BOSS","M","M"],"build_version":"2019-01-23","purchased_purges":0,"victory":false,"max_hp_per_floor":[75,75,75,75,75,75,75,75,75,75,75,75,75,75,75,75,75,75,75],"card_choices":[{"not_picked":["Lockon","Stack"],"picked":"Coolheaded","floor":1.0},{"not_picked":["Static Discharge","Steam"],"picked":"Glacier","floor":2.0},{"not_picked":["Beam Cell","Sweeping Beam"],"picked":"Fusion","floor":3.0},{"not_picked":["Go for the Eyes","Doom and Gloom"],"picked":"Chill","floor":4.0},{"not_picked":["Stack","Go for the Eyes"],"picked":"Compile Driver","floor":5.0},{"not_picked":["Beam Cell","Streamline"],"picked":"Loop","floor":7},{"not_picked":["Beam Cell","Reprogram+1","Sunder"],"picked":"SKIP","floor":8},{"not_picked":["Chill+1","Biased Cognition"],"picked":"White Noise+1","floor":10},{"not_picked":["Undo+1","Steam Power+1"],"picked":"Coolheaded+1","floor":11},{"not_picked":["Rebound","Compile Driver"],"picked":"Force Field+1","floor":13},{"not_picked":["Redo+1","Compile Driver"],"picked":"Skim+1","floor":14},{"not_picked":["Meteor Strike","Biased Cognition"],"picked":"Seek+1","floor":16},{"not_picked":["Compile Driver","Gash"],"picked":"Fusion+1","floor":18}],"player_experience":540746,"relics_obtained":[{"floor":7,"key":"Toxic Egg 2"},{"floor":9,"key":"Bag of Marbles"},{"floor":10,"key":"MawBank"},{"floor":17,"key":"WingedGreaves"},{"floor":17,"key":"War Paint"},{"floor":17,"key":"Blue Candle"}],"event_choices":[],"is_beta":false,"boss_relics":[{"not_picked":["Tiny House","Cursed Key"],"picked":"Calling Bell"}],"items_purged_floors":[],"is_endless":false,"potions_floor_spawned":[1,2,4,8,10],"killed_by":"Spheric Guardian","ascension_level":11}