{"gold_per_floor":[117,117,29,104,104,130,130,130,155,175,187,206,218,218],"floor_reached":14,"playtime":465,"items_purged":[],"score":150,"play_id":"9a632eb2-5ae9-4024-9059-413f1414e2f3","local_time":"20190324174204","is_ascension_mode":true,"campfire_choices":[{"data":"Flash of Steel","floor":7,"key":"SMITH"}],"neow_cost":"NONE","seed_source_timestamp":6407545731335,"circlet_count":0,"master_deck":["Defend_G+1","Defend_G","Defend_G","Defend_G","Defend_G","Strike_G","Strike_G","Strike_G","Survivor+1","Neutralize","Finisher","Flash of Steel+1","Noxious Fumes","Dagger Throw","Infinite Blades","Setup","Grand Finale"],"relics":["Ring of the Snake","NeowsBlessing","Lantern","Orichalcum"],"potions_floor_usage":[13,14],"damage_taken":[{"damage":0,"enemies":"Jaw Worm","floor":1,"turns":1},{"damage":0,"enemies":"3 Sentries","floor":6,"turns":2},{"damage":0,"enemies":"2 Louse","floor":10,"turns":1},{"damage":0,"enemies":"Cultist","floor":11,"turns":3},{"damage":0,"enemies":"2 Fungi Beasts","floor":12,"turns":4},{"damage":15,"enemies":"Exordium Thugs","floor":13,"turns":4},{"damage":18,"enemies":"Gremlin Nob","floor":14,"turns":3}],"seed_played":"181776202097951358","potions_obtained":[{"floor":6,"key":"Dexterity Potion"},{"floor":12,"key":"SkillPotion"},{"floor":13,"key":"GamblersBrew"}],"is_trial":false,"path_per_floor":["M","?","$","?","?","E","R","?","T","M","M","M","M","E"],"character_chosen":"THE_SILENT","items_purchased":["Flash of Steel"],"campfire_rested":0,"item_purchase_floors":[3],"current_hp_per_floor":[63,49,49,38,38,38,38,31,31,31,31,31,16,0],"gold":218,"neow_bonus":"THREE_ENEMY_KILL","is_prod":false,"is_daily":false,"chose_seed":false,"campfire_upgraded":1,"win_rate":0,"timestamp":1553416924,"path_taken":["M","?","$","?","?","E","R","?","T","M","M","?","M","E"],"build_version":"2019-01-23","purchased_purges":0,"victory":false,"max_hp_per_floor":[70,70,70,70,70,70,70,70,70,70,70,70,70,70],"card_choices":[{"not_picked":["Blade Dance","PiercingWail"],"picked":"Finisher","floor":1},{"not_picked":["Prepared","Terror"],"picked":"Dagger Throw","floor":6},{"not_picked":["Bane","Finisher"],"picked":"Infinite Blades","floor":10},{"not_picked":["Backstab","Riddle With Holes","Bouncing Flask"],"picked":"SKIP","floor":11},{"not_picked":["Underhanded Strike","Sucker Punch"],"picked":"Setup","floor":12},{"not_picked":["Dagger Spray","Underhanded Strike"],"picked":"Grand Finale","floor":13}],"player_experience":559713,"relics_obtained":[{"floor":6,"key":"Lantern"},{"floor":9,"key":"Orichalcum"}],"event_choices":[{"damage_healed":0,"gold_gain":0,"player_choice":"Entered Light","damage_taken":14,"max_hp_gain":0,"max_hp_loss":0,"event_name":"Shining Light","floor":2,"gold_loss":0,"cards_upgraded":["Survivor","Defend_G"]},{"damage_healed":0,"gold_gain":75,"player_choice":"Gather Gold","damage_taken":11,"max_hp_gain":0,"max_hp_loss":0,"event_name":"World of Goop","floor":4,"gold_loss":0},{"damage_healed":0,"gold_gain":0,"cards_transformed":["Strike_G"],"player_choice":"Change","damage_taken":0,"max_hp_gain":0,"max_hp_loss":0,"event_name":"Living Wall","floor":5,"gold_loss":0,"cards_obtained":["Noxious Fumes"]},{"cards_removed":["Strike_G"],"damage_healed":0,"gold_gain":0,"player_choice":"Card Removal","damage_taken":7,"max_hp_gain":0,"max_hp_loss":0,"event_name":"Golden Wing","floor":8,"gold_loss":0}],"is_beta":false,"boss_relics":[],"items_purged_floors":[],"is_endless":false,"potions_floor_spawned":[6,12,13],"killed_by":"Gremlin Nob","ascension_level":6}