{"gold_per_floor":[109,109,284,234,309,309,309,333,387,47,73,114,138,152,152,277,340,363,363,64,80,34,34,74,74,100,200,218,317,341,341,341,470,470,491,616,616,326,326,326],"floor_reached":40,"playtime":2110,"items_purged":["Doubt","Writhe"],"score":468,"play_id":"0f9ba30e-4af5-4250-82af-a915d03669c5","local_time":"20190306051500","is_ascension_mode":true,"campfire_choices":[{"floor":7,"key":"REST"},{"floor":15,"key":"RECALL"},{"data":"Buffer","floor":23,"key":"SMITH"},{"data":"Multi-Cast","floor":25,"key":"SMITH"},{"floor":32,"key":"REST"}],"neow_cost":"NONE","seed_source_timestamp":32068311967562,"circlet_count":0,"master_deck":["Defend_B","Defend_B","Defend_B","Defend_B","Zap","Dualcast+1","Cold Snap","Doom and Gloom","Coolheaded","Reprogram","Redo","Buffer+1","Redo","Doom and Gloom","All For One","Turbo","Multi-Cast+1","Doom and Gloom","Redo","Rebound","Cold Snap","Double Energy+1","Glacier+1","Creative AI","Redo+1","Turbo+1","Hologram","Redo","Melter+1","Capacitor+1","Compile Driver"],"relics":["Cracked Core","Golden Idol","Anchor","HandDrill","Bag of Marbles","Vajra","Tiny House","Art of War","Regal Pillow","Orrery","WingedGreaves","Toolbox","Dodecahedron"],"potions_floor_usage":[16,31,33,40,40],"damage_taken":[{"damage":6,"enemies":"2 Louse","floor":1,"turns":3},{"damage":3,"enemies":"Small Slimes","floor":8,"turns":3},{"damage":29,"enemies":"Gremlin Nob","floor":12,"turns":4},{"damage":0,"enemies":"Cultist","floor":13,"turns":2},{"damage":2,"enemies":"3 Louse","floor":14,"turns":3},{"damage":20,"enemies":"Hexaghost","floor":16,"turns":9},{"damage":15,"enemies":"Spheric Guardian","floor":18,"turns":4},{"damage":0,"enemies":"Chosen","floor":21,"turns":3},{"damage":15,"enemies":"Gremlin Leader","floor":24,"turns":7},{"damage":23,"enemies":"Shelled Parasite and Fungi","floor":28,"turns":5},{"damage":6,"enemies":"Sentry and Sphere","floor":30,"turns":6},{"damage":0,"enemies":"Colosseum Slavers","floor":31,"turns":3},{"damage":59,"enemies":"Collector","floor":33,"turns":10},{"damage":52,"enemies":"3 Shapes","floor":35,"turns":6},{"damage":6,"enemies":"Mind Bloom Boss Battle","floor":36,"turns":8},{"damage":57,"enemies":"Nemesis","floor":40,"turns":5}],"seed_played":"410924784730190430","potions_obtained":[{"floor":12,"key":"Energy Potion"},{"floor":13,"key":"FearPotion"},{"floor":17,"key":"SneckoOil"},{"floor":21,"key":"PowerPotion"},{"floor":33,"key":"SteroidPotion"},{"floor":36,"key":"SkillPotion"}],"is_trial":false,"path_per_floor":["M","?","?","?","?","?","R","M","T","$","T","E","M","M","R","B",null,"M","?","$","M","$","R","E","R","T","?","M","?","M","?","R","B",null,"M","?","?","$","T","E"],"character_chosen":"DEFECT","items_purchased":["HandDrill","Bag of Marbles","Multi-Cast","Doom and Gloom","Redo","Cold Snap","Toolbox"],"campfire_rested":2,"item_purchase_floors":[10,10,20,20,20,22,38],"current_hp_per_floor":[76,69,69,69,58,38,62,59,59,59,59,30,30,28,28,8,87,72,72,72,72,72,72,57,57,57,57,34,34,28,28,69,10,87,35,29,51,51,51,0],"gold":326,"neow_bonus":"TEN_PERCENT_HP_BONUS","is_prod":false,"is_daily":false,"chose_seed":false,"campfire_upgraded":2,"win_rate":0,"timestamp":1551816900,"path_taken":["M","?","?","?","?","?","R","M","T","$","?","E","M","M","R","BOSS","M","?","$","M","$","R","E","R","T","?","?","?","M","?","R","BOSS","M","?","?","$","?","E"],"build_version":"2019-01-23","purchased_purges":2,"victory":false,"max_hp_per_floor":[82,82,82,82,82,82,82,82,82,82,82,82,82,82,82,82,87,87,87,87,87,87,87,87,87,87,87,87,87,87,87,87,87,87,87,87,87,87,87,87],"card_choices":[{"not_picked":["Compile Driver","Gash"],"picked":"Cold Snap","floor":1},{"not_picked":["FTL","Cold Snap"],"picked":"Doom and Gloom","floor":8},{"not_picked":["Undo","Rebound"],"picked":"Coolheaded","floor":12},{"not_picked":["Rebound","Go for the Eyes"],"picked":"Reprogram","floor":13},{"not_picked":["Leap","Skim"],"picked":"Redo","floor":14},{"not_picked":["Electrodynamics","Rainbow"],"picked":"Buffer","floor":16},{"not_picked":["Sweeping Beam","Beam Cell"],"picked":"Redo","floor":17},{"not_picked":["Barrage+1","Storm"],"picked":"Doom and Gloom","floor":18},{"not_picked":["Go for the Eyes","Streamline"],"picked":"Rebound","floor":21},{"not_picked":["Hologram","Sweeping Beam+1"],"picked":"Double Energy+1","floor":24},{"not_picked":["BootSequence","Static Discharge+1"],"picked":"Glacier+1","floor":28},{"not_picked":["Beam Cell","Gash","Ball Lightning"],"picked":"SKIP","floor":30},{"not_picked":["Reboot","Core Surge"],"picked":"Creative AI","floor":33},{"not_picked":["Rip and Tear","Sweeping Beam"],"picked":"Redo+1","floor":34},{"not_picked":["Streamline+1","Loop"],"picked":"Turbo+1","floor":34},{"not_picked":["White Noise","Rebound"],"picked":"Hologram","floor":34},{"not_picked":["Sweeping Beam","Cold Snap"],"picked":"Redo","floor":34},{"not_picked":["Gash","Barrage"],"picked":"Melter+1","floor":34},{"not_picked":["Steam+1","Fusion"],"picked":"Capacitor+1","floor":35},{"not_picked":["Leap+1","Steam Power+1"],"picked":"Compile Driver","floor":36}],"player_experience":119565,"relics_obtained":[{"floor":9,"key":"Anchor"},{"floor":12,"key":"Vajra"},{"floor":24,"key":"Art of War"},{"floor":26,"key":"Regal Pillow"},{"floor":36,"key":"WingedGreaves"},{"floor":39,"key":"Dodecahedron"}],"event_choices":[{"cards_removed":["Strike_B"],"damage_healed":0,"gold_gain":0,"player_choice":"Card Removal","damage_taken":7,"max_hp_gain":0,"max_hp_loss":0,"event_name":"Golden Wing","floor":2,"gold_loss":0},{"damage_healed":0,"gold_gain":175,"player_choice":"AGREE","damage_taken":0,"max_hp_gain":0,"max_hp_loss":0,"event_name":"Liars Game","floor":3,"gold_loss":0,"cards_obtained":["Doubt"]},{"cards_removed":["Strike_B"],"damage_healed":0,"gold_gain":0,"player_choice":"Card Removal","damage_taken":0,"max_hp_gain":0,"max_hp_loss":0,"event_name":"The Cleric","floor":4,"gold_loss":50},{"damage_healed":0,"gold_gain":75,"player_choice":"Gather Gold","damage_taken":11,"max_hp_gain":0,"max_hp_loss":0,"event_name":"World of Goop","floor":5,"gold_loss":0},{"damage_healed":0,"gold_gain":0,"player_choice":"Take Damage","damage_taken":20,"relics_obtained":["Golden Idol"],"max_hp_gain":0,"max_hp_loss":0,"event_name":"Golden Idol","floor":6,"gold_loss":0},{"damage_healed":0,"gold_gain":0,"cards_transformed":["Strike_B","Strike_B"],"player_choice":"Became Test Subject","damage_taken":0,"max_hp_gain":0,"max_hp_loss":0,"event_name":"Drug Dealer","floor":19,"gold_loss":0,"cards_obtained":["All For One","Turbo"]},{"damage_healed":0,"gold_gain":100,"player_choice":"Pray","damage_taken":0,"max_hp_gain":0,"max_hp_loss":0,"event_name":"Golden Shrine","floor":27,"gold_loss":0},{"damage_healed":0,"gold_gain":99,"player_choice":"Stole From Cult","damage_taken":0,"max_hp_gain":0,"max_hp_loss":0,"event_name":"Nest","floor":29,"gold_loss":0},{"damage_healed":0,"gold_gain":0,"player_choice":"Fight","damage_taken":0,"max_hp_gain":0,"max_hp_loss":0,"event_name":"Colosseum","floor":31,"gold_loss":0},{"damage_healed":0,"gold_gain":0,"player_choice":"Fled From Nobs","damage_taken":0,"max_hp_gain":0,"max_hp_loss":0,"event_name":"Colosseum","floor":31,"gold_loss":0},{"damage_healed":0,"gold_gain":0,"player_choice":"Fight","damage_taken":0,"max_hp_gain":0,"max_hp_loss":0,"event_name":"MindBloom","floor":36,"gold_loss":0},{"damage_healed":22,"gold_gain":0,"player_choice":"Writhe","damage_taken":0,"max_hp_gain":0,"max_hp_loss":0,"event_name":"Winding Halls","floor":37,"gold_loss":0,"cards_obtained":["Writhe"]}],"is_beta":false,"boss_relics":[{"not_picked":["Velvet Choker","Cursed Key"],"picked":"Tiny House"},{"not_picked":["Runic Pyramid","Philosopher\u0027s Stone"],"picked":"Orrery"}],"items_purged_floors":[20,38],"is_endless":false,"potions_floor_spawned":[12,13,21,24,31,33,36],"killed_by":"Nemesis","ascension_level":1}