{"gold_per_floor":[99,99,99,99,99,99,99,99,99,99,99,99,99,99,99,99,99,99,99,99,14,14,14,14,14,14,14,14,14,14,14,14,14,14,14,14,14,14,14,14,14,14,14,14,14,0,0,0,0,0],"floor_reached":51,"playtime":3487,"items_purged":[],"score":832,"play_id":"3b8b6c42-bc87-463e-b44f-bc446943faa4","local_time":"20190403214410","is_ascension_mode":true,"campfire_choices":[{"data":"Zap","floor":6,"key":"SMITH"},{"data":"Storm","floor":8,"key":"SMITH"},{"data":"Hologram","floor":11,"key":"SMITH"},{"data":"Static Discharge","floor":15,"key":"SMITH"},{"data":"Coolheaded","floor":24,"key":"SMITH"},{"data":"Self Repair","floor":27,"key":"SMITH"},{"floor":29,"key":"REST"},{"data":"Echo Form","floor":32,"key":"SMITH"},{"data":"Biased Cognition","floor":40,"key":"SMITH"},{"data":"Blizzard","floor":42,"key":"SMITH"},{"data":"Coolheaded","floor":49,"key":"SMITH"}],"neow_cost":"NONE","seed_source_timestamp":32061786871964,"circlet_count":0,"master_deck":["Strike_B","Strike_B","Strike_B","Strike_B","Defend_B","Defend_B","Defend_B","Defend_B","Zap+1","Dualcast","Ball Lightning","Storm+1","Glacier+1","Steam","Self Repair+1","Hologram+1","Static Discharge+1","Conserve Battery+1","Doom and Gloom","Echo Form+1","Coolheaded+1","Sweeping Beam","Force Field","Coolheaded+1","Tempest","Biased Cognition+1","Capacitor+1","Coolheaded+1","Force Field","Stack+1","Doom and Gloom+1","Hello World","Compile Driver+1","Tempest+1","Skim","Blizzard+1","Barrage+1","Glacier+1","Writhe"],"relics":["Ectoplasm","MawBank","Ancient Tea Set","Sozu","War Paint","SsserpentHead","Gremlin Horn","Potion Belt","Orichalcum","Du-Vu Doll","DataDisk","Orrery","Art of War","Blood Vial","The Courier","Red Mask"],"potions_floor_usage":[25,25,31],"damage_taken":[{"damage":1,"enemies":"Jaw Worm","floor":1,"turns":4},{"damage":1,"enemies":"Cultist","floor":3,"turns":3},{"damage":0,"enemies":"Small Slimes","floor":4,"turns":2},{"damage":6,"enemies":"3 Louse","floor":5,"turns":3},{"damage":3,"enemies":"Lagavulin","floor":7,"turns":7},{"damage":4,"enemies":"Blue Slaver","floor":10,"turns":3},{"damage":0,"enemies":"Large Slime","floor":12,"turns":4},{"damage":8,"enemies":"Gremlin Gang","floor":13,"turns":3},{"damage":4,"enemies":"3 Sentries","floor":14,"turns":6},{"damage":18,"enemies":"Slime Boss","floor":16,"turns":9},{"damage":20,"enemies":"3 Byrds","floor":18,"turns":5},{"damage":8,"enemies":"Spheric Guardian","floor":19,"turns":3},{"damage":2,"enemies":"Gremlin Leader","floor":23,"turns":6},{"damage":25,"enemies":"Slavers","floor":25,"turns":5},{"damage":26,"enemies":"Gremlin Leader","floor":28,"turns":4},{"damage":39,"enemies":"Slavers","floor":30,"turns":6},{"damage":2,"enemies":"Centurion and Healer","floor":31,"turns":8},{"damage":28,"enemies":"Automaton","floor":33,"turns":10},{"damage":12,"enemies":"3 Shapes","floor":35,"turns":3},{"damage":1,"enemies":"Orb Walker","floor":36,"turns":3},{"damage":26,"enemies":"Writhing Mass","floor":37,"turns":5},{"damage":18,"enemies":"Spire Growth","floor":39,"turns":6},{"damage":23,"enemies":"Reptomancer","floor":41,"turns":6},{"damage":19,"enemies":"Maw","floor":44,"turns":6},{"damage":19,"enemies":"Giant Head","floor":45,"turns":8},{"damage":13,"enemies":"Donu and Deca","floor":50,"turns":9}],"seed_played":"7128338243066131612","potions_obtained":[{"floor":3,"key":"FearPotion"},{"floor":5,"key":"Energy Potion"},{"floor":12,"key":"Explosive Potion"},{"floor":14,"key":"Swift Potion"}],"is_trial":false,"path_per_floor":["M","?","M","M","M","R","E","R","T","M","R","M","M","E","R","B",null,"M","M","?","?","?","E","R","E","T","R","E","R","E","M","R","B",null,"M","M","M","?","M","R","E","R","T","M","E","?","$","?","R","B",null],"character_chosen":"DEFECT","items_purchased":[],"campfire_rested":1,"item_purchase_floors":[],"current_hp_per_floor":[74,75,74,74,68,68,65,65,65,68,68,75,74,75,75,64,75,69,61,61,61,61,66,66,55,55,55,39,61,42,60,60,42,75,73,75,59,59,61,61,48,48,48,41,34,34,34,53,53,42],"gold":0,"neow_bonus":"BOSS_RELIC","is_prod":false,"is_daily":false,"chose_seed":false,"campfire_upgraded":10,"win_rate":0,"timestamp":1554320650,"path_taken":["M","?","?","M","M","R","E","R","T","M","R","M","?","E","R","BOSS","M","M","?","?","?","E","R","E","T","R","E","R","E","M","R","BOSS","M","?","M","?","M","R","E","R","T","M","E","?","?","?","R","BOSS"],"build_version":"2019-01-23","purchased_purges":0,"victory":true,"max_hp_per_floor":[75,75,75,75,75,75,75,75,75,75,75,75,75,75,75,75,75,75,75,75,75,75,75,75,75,75,75,75,75,75,75,75,75,75,75,75,75,75,75,75,75,75,75,75,75,75,75,75,75,75],"card_choices":[{"not_picked":["Tempest","Sweeping Beam"],"picked":"Ball Lightning","floor":1},{"not_picked":["Cold Snap","Turbo"],"picked":"Storm","floor":3},{"not_picked":["Stack","Sweeping Beam"],"picked":"Glacier","floor":4},{"not_picked":["Go for the Eyes","Blizzard"],"picked":"Steam","floor":5},{"not_picked":["Beam Cell","Barrage"],"picked":"Self Repair","floor":7},{"not_picked":["Sweeping Beam","Gash"],"picked":"Hologram","floor":10},{"not_picked":["Cold Snap","Steam"],"picked":"Static Discharge","floor":12},{"not_picked":["Compile Driver","Redo"],"picked":"Conserve Battery","floor":13},{"not_picked":["Coolheaded","Rainbow"],"picked":"Doom and Gloom","floor":14},{"not_picked":["Meteor Strike","Buffer"],"picked":"Echo Form","floor":16},{"not_picked":["Conserve Battery","Compile Driver"],"picked":"Coolheaded","floor":18},{"not_picked":["Rebound","Gash+1"],"picked":"Sweeping Beam","floor":19},{"not_picked":["Double Energy","Conserve Battery","Go for the Eyes"],"picked":"SKIP","floor":23},{"not_picked":["Rebound","All For One"],"picked":"Streamline+1","floor":25},{"not_picked":["Turbo","Chill"],"picked":"Force Field","floor":28},{"not_picked":["Multi-Cast","Skim"],"picked":"Coolheaded","floor":30},{"not_picked":["Redo","Conserve Battery+1"],"picked":"Tempest","floor":31},{"not_picked":["Seek","Rainbow"],"picked":"Biased Cognition","floor":33},{"not_picked":["Chill","Turbo"],"picked":"Capacitor+1","floor":34},{"not_picked":["Rebound+1","Hologram"],"picked":"Coolheaded+1","floor":34},{"not_picked":["Cold Snap","Beam Cell"],"picked":"Force Field","floor":34},{"not_picked":["Steam+1","Gash"],"picked":"Stack+1","floor":34},{"not_picked":["Gash","Cold Snap"],"picked":"Doom and Gloom+1","floor":34},{"not_picked":["Coolheaded","Beam Cell+1"],"picked":"Hello World","floor":35},{"not_picked":["Ball Lightning","Go for the Eyes"],"picked":"Compile Driver+1","floor":36},{"not_picked":["Beam Cell+1","Rainbow"],"picked":"Tempest+1","floor":37},{"not_picked":["Streamline","Capacitor"],"picked":"Skim","floor":39},{"not_picked":["Compile Driver+1","Barrage+1"],"picked":"Blizzard","floor":41},{"not_picked":["Sweeping Beam+1","Darkness+1"],"picked":"Barrage+1","floor":44},{"not_picked":["Stack+1","Capacitor"],"picked":"Glacier+1","floor":45}],"player_experience":214859,"relics_obtained":[{"floor":7,"key":"MawBank"},{"floor":14,"key":"Ancient Tea Set"},{"floor":23,"key":"Gremlin Horn"},{"floor":25,"key":"Potion Belt"},{"floor":26,"key":"Orichalcum"},{"floor":28,"key":"Du-Vu Doll"},{"floor":30,"key":"DataDisk"},{"floor":41,"key":"Art of War"},{"floor":43,"key":"Blood Vial"},{"floor":45,"key":"The Courier"}],"event_choices":[{"damage_healed":1,"gold_gain":0,"player_choice":"Full Heal","damage_taken":0,"max_hp_gain":0,"max_hp_loss":0,"event_name":"Wheel of Change","floor":2,"gold_loss":0},{"damage_healed":0,"gold_gain":0,"player_choice":"Ignored","damage_taken":0,"max_hp_gain":0,"max_hp_loss":0,"event_name":"Vampires","floor":20,"gold_loss":0},{"damage_healed":0,"gold_gain":0,"player_choice":"Obtained Relic","damage_taken":0,"relics_obtained":["War Paint"],"max_hp_gain":0,"max_hp_loss":0,"event_name":"Addict","floor":21,"gold_loss":85},{"damage_healed":0,"gold_gain":0,"player_choice":"Trade","damage_taken":0,"relics_obtained":["SsserpentHead"],"max_hp_gain":0,"max_hp_loss":0,"event_name":"FaceTrader","floor":22,"gold_loss":0},{"cards_removed":["Streamline"],"damage_healed":0,"gold_gain":0,"player_choice":"Removed Attack","damage_taken":0,"max_hp_gain":0,"max_hp_loss":0,"event_name":"Falling","floor":38,"gold_loss":0},{"damage_healed":0,"gold_gain":0,"player_choice":"Paid","damage_taken":0,"relics_obtained":["Red Mask"],"max_hp_gain":0,"max_hp_loss":0,"event_name":"Tomb of Lord Red Mask","floor":46,"gold_loss":14},{"damage_healed":19,"gold_gain":0,"player_choice":"Writhe","damage_taken":0,"max_hp_gain":0,"max_hp_loss":0,"event_name":"Winding Halls","floor":48,"gold_loss":0,"cards_obtained":["Writhe"]}],"is_beta":false,"boss_relics":[{"not_picked":["Cursed Key","Snecko Eye"],"picked":"Sozu"},{"not_picked":["Coffee Dripper","Tiny House"],"picked":"Orrery"}],"items_purged_floors":[],"is_endless":false,"potions_floor_spawned":[3,5,12,14,19,28,31,33,35,39,45],"ascension_level":1}