{"gold_per_floor":[116,126,44,55,55,83,95,113,136,86],"floor_reached":10,"playtime":372,"items_purged":["Pain"],"score":70,"play_id":"b1bca5aa-258a-41e2-aa75-7524dcbde324","local_time":"20190307172737","is_ascension_mode":false,"campfire_choices":[],"neow_cost":"NONE","seed_source_timestamp":1891022071680064,"circlet_count":0,"master_deck":["Strike_R","Strike_R","Strike_R","Strike_R","Strike_R","Defend_R","Defend_R","Defend_R","Defend_R","Bash","Metallicize","Thunderclap","Whirlwind","Rupture","Shrug It Off","Armaments","Entrench"],"relics":["Sozu","WarpedTongs","Juzu Bracelet","Smiling Mask"],"potions_floor_usage":[],"damage_taken":[{"damage":0,"enemies":"Small Slimes","floor":1,"turns":3},{"damage":1,"enemies":"Cultist","floor":2,"turns":3},{"damage":8,"enemies":"Jaw Worm","floor":4,"turns":3},{"damage":33,"enemies":"3 Sentries","floor":6,"turns":6},{"damage":10,"enemies":"Looter","floor":7,"turns":2},{"damage":11,"enemies":"Blue Slaver","floor":8,"turns":3}],"seed_played":"6161542856330999063","potions_obtained":[],"is_trial":false,"path_per_floor":["M","M","$","M","?","E","M","M","T","$"],"character_chosen":"IRONCLAD","items_purchased":["Whirlwind"],"campfire_rested":0,"item_purchase_floors":[3],"current_hp_per_floor":[80,79,79,71,71,38,28,17,17,17],"gold":86,"neow_bonus":"BOSS_RELIC","is_prod":false,"is_daily":false,"chose_seed":false,"campfire_upgraded":0,"win_rate":0,"timestamp":1551947257,"path_taken":["M","M","$","M","?","E","M","M","T","$"],"build_version":"2019-01-23","purchased_purges":1,"victory":false,"max_hp_per_floor":[80,80,80,80,80,80,80,80,80,80],"card_choices":[{"not_picked":["Armaments","Cleave"],"picked":"Metallicize","floor":1},{"not_picked":["Burning Pact","Armaments"],"picked":"Thunderclap","floor":2},{"not_picked":["Metallicize","Warcry"],"picked":"Rupture","floor":4},{"not_picked":["Warcry","Battle Trance"],"picked":"Shrug It Off","floor":6},{"not_picked":["Cleave","Twin Strike"],"picked":"Armaments","floor":7},{"not_picked":["Second Wind","Iron Wave"],"picked":"Entrench","floor":8}],"player_experience":182655,"relics_obtained":[{"floor":6,"key":"Juzu Bracelet"},{"floor":9,"key":"Smiling Mask"}],"event_choices":[{"damage_healed":0,"gold_gain":0,"player_choice":"Rummage","damage_taken":0,"relics_obtained":["WarpedTongs"],"max_hp_gain":0,"max_hp_loss":0,"event_name":"Accursed Blacksmith","floor":5,"gold_loss":0,"cards_obtained":["Pain"]}],"is_beta":false,"boss_relics":[],"items_purged_floors":[10],"is_endless":false,"potions_floor_spawned":[2,4,6,8],"ascension_level":0}