{"gold_per_floor":[118,118,132,145,168,203,46,80,80,80],"floor_reached":10,"playtime":354,"items_purged":["Strike_B"],"score":106,"play_id":"30eb4185-048b-486f-b5d9-0156acb52228","local_time":"20190402212130","is_ascension_mode":true,"campfire_choices":[],"neow_cost":"NONE","seed_source_timestamp":5662315920365,"circlet_count":0,"master_deck":["Strike_B","Strike_B","Defend_B","Defend_B","Defend_B","Defend_B","Zap","Dualcast","Loop","Force Field","Cold Snap","Reinforced Body","Lockon","Purity","Defragment"],"special_seed":0,"relics":["Cracked Core","NeowsBlessing","Centennial Puzzle","Symbiotic Virus","Bag of Marbles","Bronze Scales"],"potions_floor_usage":[6,8],"damage_taken":[{"damage":0.0,"enemies":"Small Slimes","floor":1.0,"turns":1.0},{"damage":0.0,"enemies":"Cultist","floor":3.0,"turns":1.0},{"damage":0.0,"enemies":"2 Louse","floor":4.0,"turns":1.0},{"damage":53,"enemies":"Lagavulin","floor":6,"turns":10},{"damage":13,"enemies":"3 Sentries","floor":8,"turns":8},{"damage":2,"enemies":"Gremlin Gang","floor":10,"turns":2}],"seed_played":"-9163178655417536853","potions_obtained":[{"floor":3.0,"key":"FocusPotion"},{"floor":4.0,"key":"AttackPotion"}],"is_trial":false,"path_per_floor":["M","?","M","M","T","E","$","E","T","M"],"character_chosen":"DEFECT","items_purchased":["Purity"],"campfire_rested":0,"item_purchase_floors":[7],"current_hp_per_floor":[68,68,68,68,68,15,15,2,2,0],"gold":80,"neow_bonus":"THREE_ENEMY_KILL","is_prod":false,"is_daily":false,"chose_seed":false,"campfire_upgraded":0,"win_rate":0,"timestamp":1554207690,"path_taken":["M","?","?","M","?","E","$","E","T","M"],"build_version":"2019-01-23","purchased_purges":1,"victory":false,"max_hp_per_floor":[75,75,75,75,75,75,75,75,75,75],"card_choices":[{"not_picked":["Stack","Turbo"],"picked":"Loop","floor":1.0},{"not_picked":["Rebound","Redo"],"picked":"Cold Snap","floor":3.0},{"not_picked":["Steam Power","Redo"],"picked":"Reinforced Body","floor":4.0},{"not_picked":["Aggregate","Steam"],"picked":"Lockon","floor":6},{"not_picked":["Hologram","Streamline"],"picked":"Defragment","floor":8}],"player_experience":662598,"relics_obtained":[{"floor":5.0,"key":"Centennial Puzzle"},{"floor":6,"key":"Symbiotic Virus"},{"floor":8,"key":"Bag of Marbles"},{"floor":9,"key":"Bronze Scales"}],"event_choices":[{"damage_healed":0.0,"max_hp_gain":0.0,"max_hp_loss":0.0,"gold_gain":0.0,"cards_transformed":["Strike_B"],"event_name":"Transmorgrifier","player_choice":"Transformed","floor":2.0,"gold_loss":0.0,"damage_taken":0.0,"cards_obtained":["Force Field"]}],"is_beta":false,"boss_relics":[],"items_purged_floors":[7],"is_endless":false,"potions_floor_spawned":[3,4],"killed_by":"Gremlin Gang","ascension_level":8}