{"gold_per_floor":[114,39,39,55,65,90,100,50,73,23,23,33,33,71,71,164,164,178,156,20,20,43,43,43,56,56,56],"floor_reached":27,"playtime":1485,"items_purged":["Strike_R","Strike_R","Strike_R"],"score":405,"play_id":"c05d82cd-730a-4670-ab55-5dc04184ed80","local_time":"20190321152607","is_ascension_mode":true,"campfire_choices":[{"data":"Armaments","floor":11.0,"key":"SMITH"},{"floor":15.0,"key":"REST"},{"data":"Body Slam","floor":23.0,"key":"SMITH"}],"neow_cost":"NONE","seed_source_timestamp":16854033059118,"circlet_count":0,"master_deck":["AscendersBane","Strike_R","Defend_R","Defend_R","Defend_R","Defend_R","Bash","Battle Trance","Shrug It Off","Cleave","Body Slam+1","Armaments+1","Uppercut","Barricade","Juggernaut","Flame Barrier","Shockwave","Sentinel","Second Wind","Dark Embrace","Armaments+1","True Grit"],"special_seed":0,"relics":["Burning Blood","Oddly Smooth Stone","Smiling Mask","Strawberry","Golden Idol","Odd Mushroom","Orrery","Nunchaku"],"potions_floor_usage":[27],"damage_taken":[{"damage":9.0,"enemies":"2 Louse","floor":1.0,"turns":4.0},{"damage":6.0,"enemies":"Cultist","floor":4.0,"turns":3.0},{"damage":0.0,"enemies":"Small Slimes","floor":5.0,"turns":4.0},{"damage":60.0,"enemies":"Lagavulin","floor":6.0,"turns":7.0},{"damage":15.0,"enemies":"2 Fungi Beasts","floor":7.0,"turns":3.0},{"damage":0.0,"enemies":"Red Slaver","floor":12.0,"turns":6.0},{"damage":9.0,"enemies":"The Mushroom Lair","floor":14.0,"turns":2.0},{"damage":21.0,"enemies":"The Guardian","floor":16.0,"turns":8.0},{"damage":42.0,"enemies":"Spheric Guardian","floor":18.0,"turns":10.0},{"damage":4.0,"enemies":"2 Thieves","floor":19.0,"turns":4.0},{"damage":5.0,"enemies":"Snake Plant","floor":22.0,"turns":7.0},{"damage":17.0,"enemies":"Centurion and Healer","floor":25.0,"turns":16.0},{"damage":36,"enemies":"Book of Stabbing","floor":27,"turns":5}],"seed_played":"-1495198508909364576","potions_obtained":[{"floor":5.0,"key":"Strength Potion"},{"floor":6.0,"key":"Energy Potion"},{"floor":7.0,"key":"Poison Potion"},{"floor":14.0,"key":"PowerPotion"},{"floor":25.0,"key":"Energy Potion"}],"is_trial":false,"path_per_floor":["M","?","?","M","M","E","M","$","T","$","R","M","?","?","R","B",null,"M","M","$","?","M","R","?","M","T","E"],"character_chosen":"IRONCLAD","items_purchased":["Regen Potion"],"campfire_rested":1,"item_purchase_floors":[20],"current_hp_per_floor":[65,65,65,65,71,17,8,8,15,15,15,21,21,18,40,25,62,26,28,28,28,44,44,44,33,33,0],"gold":56,"neow_bonus":"RANDOM_COMMON_RELIC","is_prod":false,"is_daily":false,"chose_seed":false,"campfire_upgraded":2,"win_rate":0,"timestamp":1553149567,"path_taken":["M","?","?","M","?","E","M","$","T","$","R","M","?","?","R","BOSS","M","M","$","?","M","R","?","?","T","E"],"build_version":"2019-01-23","purchased_purges":3,"victory":false,"max_hp_per_floor":[75,75,75,75,75,75,75,75,82,82,82,82,74,74,74,74,74,74,74,74,74,74,74,74,74,74,74],"card_choices":[{"not_picked":["Cleave","Clothesline"],"picked":"Battle Trance","floor":1.0},{"not_picked":["Clothesline","Entrench"],"picked":"Shrug It Off","floor":4.0},{"not_picked":["Perfected Strike","Battle Trance"],"picked":"Cleave","floor":5.0},{"not_picked":["Dropkick","Shrug It Off"],"picked":"Body Slam","floor":6.0},{"not_picked":["Cleave","Heavy Blade"],"picked":"Armaments","floor":7.0},{"not_picked":["Disarm","Dual Wield"],"picked":"Uppercut","floor":12.0},{"not_picked":["True Grit","Clothesline"],"picked":"Barricade","floor":14.0},{"not_picked":["Bludgeon","Fiend Fire"],"picked":"Juggernaut","floor":16.0},{"not_picked":["Thunderclap","Warcry"],"picked":"Flame Barrier","floor":17.0},{"not_picked":["Pommel Strike","True Grit"],"picked":"Shockwave","floor":17.0},{"not_picked":["Battle Trance","Clash"],"picked":"Sentinel","floor":17.0},{"not_picked":["Cleave+1","Clash"],"picked":"Second Wind","floor":18.0},{"not_picked":["Wild Strike","Warcry"],"picked":"Dark Embrace","floor":19.0},{"not_picked":["Headbutt","Armaments","Rupture+1"],"picked":"SKIP","floor":22.0},{"not_picked":["Rage","Clash+1"],"picked":"True Grit","floor":25.0}],"player_experience":489010,"relics_obtained":[{"floor":6.0,"key":"Smiling Mask"},{"floor":9.0,"key":"Strawberry"},{"floor":14.0,"key":"Odd Mushroom"},{"floor":26.0,"key":"Nunchaku"}],"event_choices":[{"cards_removed":["Strike_R"],"damage_healed":0.0,"max_hp_gain":0.0,"max_hp_loss":0.0,"gold_gain":0.0,"event_name":"The Cleric","player_choice":"Card Removal","floor":2.0,"gold_loss":75.0,"damage_taken":0.0},{"damage_healed":0.0,"max_hp_gain":0.0,"max_hp_loss":0.0,"gold_gain":0.0,"event_name":"Match and Keep!","player_choice":"0 cards matched","floor":3.0,"gold_loss":0.0,"damage_taken":0.0,"cards_obtained":[]},{"damage_healed":0.0,"max_hp_gain":0.0,"max_hp_loss":8.0,"gold_gain":0.0,"event_name":"Golden Idol","player_choice":"Lose Max HP","floor":13.0,"gold_loss":0.0,"damage_taken":0.0,"relics_obtained":["Golden Idol"]},{"damage_healed":0.0,"max_hp_gain":0.0,"max_hp_loss":0.0,"gold_gain":0.0,"event_name":"Mushrooms","player_choice":"Fought Mushrooms","floor":14.0,"gold_loss":0.0,"damage_taken":0.0},{"damage_healed":0.0,"max_hp_gain":0.0,"max_hp_loss":0.0,"gold_gain":0.0,"event_name":"Duplicator","player_choice":"Copied","floor":24.0,"gold_loss":0.0,"damage_taken":0.0,"cards_obtained":["Armaments"]}],"is_beta":false,"boss_relics":[{"not_picked":["Runic Cube","Ectoplasm"],"picked":"Orrery"}],"items_purged_floors":[8,10,20],"is_endless":false,"potions_floor_spawned":[5,6,7,14,25],"killed_by":"Book of Stabbing","ascension_level":18}