{"gold_per_floor":[115,115,176,189,239,239,267,278,278,328,343,55,74,93,93,168,168,185,235,251,81,97,97,126,126,126,137,172,172,122,142,142,218,218,236,255,305,355,19,19,69,138,162,212,222,28,0,50,50,50],"floor_reached":51,"playtime":4513,"items_purged":["Strike_G","Strike_G","Strike_G","Strike_G"],"score":1235,"play_id":"4022341c-55bc-40ea-ac84-caf6740eeb08","local_time":"20190408092422","is_ascension_mode":true,"campfire_choices":[{"floor":6.0,"key":"REST"},{"floor":15.0,"key":"REST"},{"floor":23.0,"key":"REST"},{"data":"Well Laid Plans","floor":25.0,"key":"SMITH"},{"data":"Tactician","floor":29.0,"key":"SMITH"},{"floor":32.0,"key":"REST"},{"data":"Acrobatics","floor":40.0,"key":"SMITH"},{"floor":49.0,"key":"REST"}],"neow_cost":"TEN_PERCENT_HP_LOSS","seed_source_timestamp":23323221543727,"circlet_count":0,"master_deck":["AscendersBane","Defend_G","Defend_G","Defend_G","Defend_G","Defend_G","Survivor","Neutralize","Acrobatics","Flying Knee","Deflect","Dagger Spray","Caltrops","Tactician+1","Acrobatics+1","Reflex","Wraith Form v2","Footwork","Well Laid Plans+1","Finesse","Blur","Backflip+1","Catalyst+1","Leg Sweep","Grand Finale","Prepared+1","Parasite","Concentrate+1","Caltrops","Acrobatics","Backflip","Mayhem"],"special_seed":0,"relics":["Ring of the Snake","Tingsha","SsserpentHead","Kunai","Pear","Mercury Hourglass","Ninja Scroll","HoveringKite","Smiling Mask","Mummified Hand","Matryoshka","Black Star","Ornamental Fan","Dodecahedron","Strawberry","Red Mask"],"potions_floor_usage":[50,50],"damage_taken":[{"damage":0.0,"enemies":"2 Louse","floor":1.0,"turns":3.0},{"damage":3.0,"enemies":"Cultist","floor":3.0,"turns":5.0},{"damage":11.0,"enemies":"Small Slimes","floor":4.0,"turns":4.0},{"damage":23.0,"enemies":"3 Sentries","floor":7.0,"turns":13.0},{"damage":8.0,"enemies":"3 Louse","floor":8.0,"turns":4.0},{"damage":0.0,"enemies":"2 Fungi Beasts","floor":11.0,"turns":3.0},{"damage":0.0,"enemies":"Exordium Wildlife","floor":13.0,"turns":3.0},{"damage":0.0,"enemies":"3 Louse","floor":14.0,"turns":3.0},{"damage":24.0,"enemies":"The Guardian","floor":16.0,"turns":14.0},{"damage":4.0,"enemies":"3 Byrds","floor":18.0,"turns":4.0},{"damage":11.0,"enemies":"2 Thieves","floor":20.0,"turns":4.0},{"damage":10.0,"enemies":"Sentry and Sphere","floor":22.0,"turns":6.0},{"damage":3.0,"enemies":"Gremlin Leader","floor":24.0,"turns":10.0},{"damage":0.0,"enemies":"Snake Plant","floor":27.0,"turns":4.0},{"damage":25.0,"enemies":"Book of Stabbing","floor":28.0,"turns":6.0},{"damage":1.0,"enemies":"Centurion and Healer","floor":31.0,"turns":10.0},{"damage":36.0,"enemies":"Collector","floor":33.0,"turns":14.0},{"damage":4.0,"enemies":"3 Darklings","floor":35.0,"turns":6.0},{"damage":0.0,"enemies":"Orb Walker","floor":36.0,"turns":5.0},{"damage":28.0,"enemies":"Writhing Mass","floor":42.0,"turns":7.0},{"damage":30.0,"enemies":"Sphere and 2 Shapes","floor":45.0,"turns":8.0},{"damage":47,"enemies":"Awakened One","floor":50,"turns":23}],"seed_played":"4898955183674702588","potions_obtained":[{"floor":4.0,"key":"EssenceOfSteel"},{"floor":8.0,"key":"Energy Potion"},{"floor":11.0,"key":"SkillPotion"},{"floor":13.0,"key":"Fire Potion"},{"floor":20.0,"key":"AttackPotion"},{"floor":22.0,"key":"Ancient Potion"},{"floor":31.0,"key":"SteroidPotion"},{"floor":33.0,"key":"Dexterity Potion"},{"floor":36.0,"key":"Explosive Potion"},{"floor":45.0,"key":"AttackPotion"}],"is_trial":false,"path_per_floor":["M","?","M","M","?","R","E","M","T","?","M","$","M","M","R","B",null,"M","?","M","$","M","R","E","R","T","M","E","R","$","M","R","B",null,"M","M","?","?","$","R","?","M","T","?","M","$","?","?","R","B",null],"character_chosen":"THE_SILENT","items_purchased":["Ninja Scroll","Finesse","Ornamental Fan","Caltrops","Acrobatics","Backflip"],"campfire_rested":5,"item_purchase_floors":[12,21,39,46,46,46],"current_hp_per_floor":[59,59,56,45,10,28,15,7,7,7,7,7,7,7,28,4,54,50,50,39,39,29,50,47,47,47,47,22,22,22,21,42,6,54,50,50,50,50,50,50,50,22,29,60,30,30,30,30,48,1],"gold":50,"neow_bonus":"ONE_RARE_RELIC","is_prod":false,"is_daily":false,"chose_seed":false,"campfire_upgraded":3,"win_rate":0,"timestamp":1554683062,"path_taken":["M","?","?","M","?","R","E","M","T","?","M","$","M","M","R","BOSS","M","?","M","$","M","R","E","R","T","M","E","R","$","M","R","BOSS","M","M","?","?","$","R","?","?","T","?","M","$","?","?","R","BOSS"],"build_version":"2019-01-23","purchased_purges":4,"victory":true,"max_hp_per_floor":[60,60,60,60,60,60,70,70,70,70,70,70,70,70,70,70,70,70,70,70,70,70,70,70,70,70,70,70,70,70,70,70,70,70,70,70,70,70,70,70,66,66,73,60,60,60,60,60,60,60],"card_choices":[{"not_picked":["PiercingWail","Deflect"],"picked":"Acrobatics","floor":1.0},{"not_picked":["Expertise","Dash"],"picked":"Flying Knee","floor":3.0},{"not_picked":["Cloak And Dagger","Dash"],"picked":"Deflect","floor":4.0},{"not_picked":["Predator","Glass Knife"],"picked":"Dagger Spray","floor":7.0},{"not_picked":["Predator","Slice"],"picked":"Caltrops","floor":8.0},{"not_picked":["Blade Dance","Dodge and Roll"],"picked":"Tactician","floor":11.0},{"not_picked":["Dodge and Roll","Endless Agony"],"picked":"Acrobatics","floor":13.0},{"not_picked":["Eviscerate","Caltrops"],"picked":"Reflex","floor":14.0},{"not_picked":["Night Terror","Doppelganger"],"picked":"Wraith Form v2","floor":16.0},{"not_picked":["Deflect","Dash"],"picked":"Footwork","floor":18.0},{"not_picked":["Acrobatics","Riddle With Holes"],"picked":"Well Laid Plans","floor":20.0},{"not_picked":["Quick Slash","Terror"],"picked":"Blur","floor":22.0},{"not_picked":["PiercingWail","Expertise"],"picked":"Backflip+1","floor":24.0},{"not_picked":["Eviscerate","Deflect"],"picked":"Catalyst+1","floor":27.0},{"not_picked":["Underhanded Strike","Wraith Form v2","Outmaneuver"],"picked":"SKIP","floor":28.0},{"not_picked":["Sucker Punch","Crippling Poison"],"picked":"Leg Sweep","floor":31.0},{"not_picked":["Night Terror","Tools of the Trade"],"picked":"Grand Finale","floor":33.0},{"not_picked":["Backstab","PiercingWail","Catalyst"],"picked":"SKIP","floor":35.0},{"not_picked":["Bouncing Flask","Caltrops"],"picked":"Prepared+1","floor":36.0},{"not_picked":["Tactician","Flying Knee","Predator+1"],"picked":"SKIP","floor":42.0},{"not_picked":["Dodge and Roll","Catalyst"],"picked":"Concentrate+1","floor":45.0},{"not_picked":["Finesse","Master of Strategy"],"picked":"Mayhem","floor":48.0}],"player_experience":693297,"relics_obtained":[{"floor":7.0,"key":"Pear"},{"floor":9.0,"key":"Mercury Hourglass"},{"floor":24.0,"key":"Smiling Mask"},{"floor":26.0,"key":"Mummified Hand"},{"floor":28.0,"key":"Matryoshka"},{"floor":43.0,"key":"Dodecahedron"},{"floor":43.0,"key":"Strawberry"}],"event_choices":[{"damage_healed":0.0,"max_hp_gain":0.0,"max_hp_loss":0.0,"gold_gain":0.0,"event_name":"FaceTrader","player_choice":"Trade","floor":2.0,"gold_loss":0.0,"damage_taken":0.0,"relics_obtained":["SsserpentHead"]},{"damage_healed":0.0,"max_hp_gain":0.0,"max_hp_loss":0.0,"gold_gain":0.0,"event_name":"Scrap Ooze","player_choice":"Success","floor":5.0,"gold_loss":0.0,"damage_taken":35.0,"relics_obtained":["Kunai"]},{"damage_healed":0.0,"max_hp_gain":0.0,"max_hp_loss":0.0,"gold_gain":0.0,"event_name":"Golden Wing","player_choice":"Ignored","floor":10.0,"gold_loss":0.0,"damage_taken":0.0},{"damage_healed":0.0,"max_hp_gain":0.0,"max_hp_loss":0.0,"gold_gain":0.0,"event_name":"Vampires","player_choice":"Ignored","floor":19.0,"gold_loss":0.0,"damage_taken":0.0},{"damage_healed":0.0,"max_hp_gain":0.0,"max_hp_loss":0.0,"gold_gain":0.0,"event_name":"Mysterious Sphere","player_choice":"Ignored","floor":37.0,"gold_loss":0.0,"damage_taken":0.0},{"cards_removed":["Strike_G"],"damage_healed":0.0,"max_hp_gain":0.0,"max_hp_loss":0.0,"gold_gain":0.0,"event_name":"Falling","player_choice":"Removed Attack","floor":38.0,"gold_loss":0.0,"damage_taken":0.0},{"damage_healed":0.0,"max_hp_gain":0.0,"max_hp_loss":4.0,"gold_gain":0.0,"event_name":"Winding Halls","player_choice":"Max HP","floor":41.0,"gold_loss":0.0,"damage_taken":0.0},{"damage_healed":60.0,"max_hp_gain":0.0,"max_hp_loss":13.0,"gold_gain":0.0,"event_name":"The Moai Head","player_choice":"Heal","floor":44.0,"gold_loss":0.0,"damage_taken":0.0},{"damage_healed":0.0,"max_hp_gain":0.0,"max_hp_loss":0.0,"gold_gain":0.0,"event_name":"Tomb of Lord Red Mask","player_choice":"Paid","floor":47.0,"gold_loss":78.0,"damage_taken":0.0,"relics_obtained":["Red Mask"]},{"damage_healed":0.0,"max_hp_gain":0.0,"max_hp_loss":0.0,"gold_gain":0.0,"event_name":"SensoryStone","player_choice":"Memory 1","floor":48.0,"gold_loss":0.0,"damage_taken":0.0}],"is_beta":false,"boss_relics":[{"not_picked":["Cursed Key","Sozu"],"picked":"HoveringKite"},{"not_picked":["Fusion Hammer","White Beast Statue"],"picked":"Black Star"}],"items_purged_floors":[21,30,39,46],"is_endless":false,"potions_floor_spawned":[4,8,11,13,14,20,22,31,33,36,45],"ascension_level":18}