{"gold_per_floor":[110,110,185,195,195,221,221,253,321,321,341,341,351,367,367,463,463,473,473,473,35,51,51],"floor_reached":23,"playtime":1120,"items_purged":["Aggregate"],"score":249,"play_id":"db3d9d24-03ad-4926-b352-750070bce9ad","local_time":"20190324011558","is_ascension_mode":true,"campfire_choices":[{"data":"Recycle","floor":7,"key":"SMITH"},{"floor":10,"key":"REST"},{"data":"Hologram","floor":12,"key":"SMITH"},{"data":"Dualcast","floor":15,"key":"SMITH"}],"neow_cost":"NONE","seed_source_timestamp":45341146908566,"circlet_count":0,"master_deck":["Zap","Dualcast+1","Hologram+1","Consume","Recycle+1","Coolheaded","Compile Driver","Sweeping Beam","All For One","Fission","Skim","Double Energy","White Noise","Buffer","Conserve Battery","Storm","Redo+1","Storm","Storm+1"],"special_seed":0,"relics":["Cracked Core","Smiling Mask","Bronze Scales","Cables","Dodecahedron","Gremlin Horn","Pandora\u0027s Box","Nilry\u0027s Codex","Bottled Flame","Shovel"],"potions_floor_usage":[13,23,23,23],"damage_taken":[{"damage":1.0,"enemies":"Cultist","floor":1.0,"turns":4.0},{"damage":0.0,"enemies":"Small Slimes","floor":4.0,"turns":3.0},{"damage":15.0,"enemies":"Lagavulin","floor":6.0,"turns":7.0},{"damage":27,"enemies":"3 Sentries","floor":8,"turns":6},{"damage":0,"enemies":"2 Louse","floor":11,"turns":2},{"damage":9,"enemies":"Exordium Wildlife","floor":13,"turns":5},{"damage":18,"enemies":"3 Louse","floor":14,"turns":2},{"damage":15,"enemies":"Hexaghost","floor":16,"turns":9},{"damage":5,"enemies":"Shell Parasite","floor":18,"turns":7},{"damage":30,"enemies":"Spheric Guardian","floor":22,"turns":3},{"damage":11,"enemies":"Slavers","floor":23,"turns":1}],"seed_played":"-3088820239101084318","potions_obtained":[{"floor":1.0,"key":"Fire Potion"},{"floor":8,"key":"LiquidBronze"},{"floor":11,"key":"Regen Potion"},{"floor":13,"key":"EssenceOfSteel"},{"floor":16,"key":"SpeedPotion"},{"floor":18,"key":"Ancient Potion"}],"is_trial":false,"path_per_floor":["M","?","?","M","?","E","R","E","T","R","M","R","M","M","R","B",null,"M","?","T","$","M","E"],"character_chosen":"DEFECT","items_purchased":["Shovel","Storm"],"campfire_rested":1,"item_purchase_floors":[21,21],"current_hp_per_floor":[74,67,56,56,53,38,38,11,11,33,33,33,38,20,20,5,58,53,37,37,37,7,0],"gold":51,"neow_bonus":"RANDOM_COMMON_RELIC","is_prod":false,"is_daily":false,"chose_seed":false,"campfire_upgraded":3,"win_rate":0,"timestamp":1553357758,"path_taken":["M","?","?","M","?","E","R","E","T","R","M","R","?","M","R","BOSS","M","?","?","$","?","E"],"build_version":"2019-01-23","purchased_purges":1,"victory":false,"max_hp_per_floor":[75,75,75,75,75,75,75,75,75,75,75,75,75,75,75,75,75,75,75,75,75,75,75],"card_choices":[{"not_picked":["Auto Shields","Redo"],"picked":"Hologram","floor":1.0},{"not_picked":["Beam Cell","Steam"],"picked":"Consume","floor":4.0},{"not_picked":["Defragment","Fusion"],"picked":"Recycle","floor":6.0},{"not_picked":["Turbo","Leap"],"picked":"Coolheaded","floor":8},{"not_picked":["Force Field","Redo"],"picked":"Compile Driver","floor":11},{"not_picked":["Go for the Eyes","Barrage"],"picked":"Sweeping Beam","floor":13},{"not_picked":["Darkness","Glacier"],"picked":"All For One","floor":14},{"not_picked":["Meteor Strike","Electrodynamics"],"picked":"Fission","floor":16},{"not_picked":["Sweeping Beam","Stack"],"picked":"Redo+1","floor":18},{"not_picked":["Heatsinks","Undo"],"picked":"Storm+1","floor":22}],"player_experience":546512,"relics_obtained":[{"floor":6.0,"key":"Cables"},{"floor":8,"key":"Dodecahedron"},{"floor":9,"key":"Gremlin Horn"},{"floor":19,"key":"Nilry\u0027s Codex"},{"floor":20,"key":"Bottled Flame"}],"event_choices":[{"cards_removed":["Strike_B"],"damage_healed":0.0,"max_hp_gain":0.0,"max_hp_loss":0.0,"gold_gain":0.0,"event_name":"Golden Wing","player_choice":"Card Removal","floor":2.0,"gold_loss":0.0,"damage_taken":7.0},{"damage_healed":0.0,"max_hp_gain":0.0,"max_hp_loss":0.0,"gold_gain":75.0,"event_name":"World of Goop","player_choice":"Gather Gold","floor":3.0,"gold_loss":0.0,"damage_taken":11.0},{"damage_healed":0.0,"max_hp_gain":0.0,"max_hp_loss":0.0,"gold_gain":0.0,"event_name":"Scrap Ooze","player_choice":"Success","floor":5.0,"gold_loss":0.0,"damage_taken":3.0,"relics_obtained":["Bronze Scales"]},{"damage_healed":0,"gold_gain":0,"player_choice":"Obtained Book","damage_taken":16,"max_hp_gain":0,"max_hp_loss":0,"event_name":"Cursed Tome","floor":19,"gold_loss":0}],"is_beta":false,"boss_relics":[{"not_picked":["Empty Cage","FrozenCore"],"picked":"Pandora\u0027s Box"}],"items_purged_floors":[21],"is_endless":false,"potions_floor_spawned":[1,8,11,13,16,18],"killed_by":"Slavers","ascension_level":5}