{"gold_per_floor":[117,136,136,33,47,47,80,80,80,106,31,51,51,126,126,126],"floor_reached":16,"playtime":413,"items_purged":["Strike_B"],"score":173,"play_id":"04cb0c21-1150-4eed-8384-7a0cce865acd","local_time":"20190411102704","is_ascension_mode":true,"campfire_choices":[{"data":"Defragment","floor":6,"key":"SMITH"},{"data":"Zap","floor":15,"key":"SMITH"}],"neow_cost":"NONE","seed_source_timestamp":2665680781285,"circlet_count":0,"master_deck":["AscendersBane","Strike_B","Defend_B","Defend_B","Defend_B","Defend_B","Zap+1","Dualcast","Streamline","Defragment+1","Sunder","Conserve Battery","Thunder Strike","Self Repair","Conserve Battery"],"relics":["Cracked Core","NeowsBlessing","WingedGreaves","Meat on the Bone","Potion Belt"],"potions_floor_usage":[16,16],"damage_taken":[{"damage":0,"enemies":"2 Louse","floor":1,"turns":1},{"damage":0,"enemies":"Cultist","floor":2,"turns":1},{"damage":0,"enemies":"Small Slimes","floor":5,"turns":1},{"damage":16,"enemies":"Gremlin Nob","floor":7,"turns":4},{"damage":23,"enemies":"Lagavulin","floor":10,"turns":7},{"damage":5,"enemies":"Looter","floor":12,"turns":3},{"damage":43,"enemies":"The Guardian","floor":16,"turns":9}],"seed_played":"-639896845108029133","potions_obtained":[{"floor":2,"key":"Fire Potion"},{"floor":10,"key":"FearPotion"}],"is_trial":false,"path_per_floor":["M","M","?","$","M","R","E","?","T","E","$","M","$","?","R","B"],"character_chosen":"DEFECT","items_purchased":["Sunder","Conserve Battery"],"campfire_rested":0,"item_purchase_floors":[4,4],"current_hp_per_floor":[68,68,68,68,68,68,52,52,52,48,48,50,50,39,39,0],"gold":126,"neow_bonus":"THREE_ENEMY_KILL","is_prod":false,"is_daily":false,"chose_seed":false,"campfire_upgraded":2,"win_rate":0,"timestamp":1554946024,"path_taken":["M","M","?","$","?","R","E","?","T","E","$","M","$","?","R","BOSS"],"build_version":"2019-01-23","purchased_purges":1,"victory":false,"max_hp_per_floor":[75,75,75,75,75,75,75,75,75,75,75,75,75,75,75,75],"card_choices":[{"not_picked":["Turbo","Barrage"],"picked":"Streamline","floor":1},{"not_picked":["White Noise","Tempest"],"picked":"Defragment","floor":2},{"not_picked":["Compile Driver","Steam"],"picked":"Thunder Strike","floor":5},{"not_picked":["Go for the Eyes","Compile Driver"],"picked":"Self Repair","floor":7},{"not_picked":["Amplify","Reprogram"],"picked":"Conserve Battery","floor":10},{"not_picked":["Conserve Battery","Beam Cell","Gash"],"picked":"SKIP","floor":12}],"player_experience":712276,"relics_obtained":[{"floor":7,"key":"WingedGreaves"},{"floor":9,"key":"Meat on the Bone"},{"floor":10,"key":"Potion Belt"}],"event_choices":[{"cards_removed":["Strike_B"],"damage_healed":0,"gold_gain":0,"player_choice":"Offered Basic","damage_taken":0,"max_hp_gain":0,"max_hp_loss":0,"event_name":"Bonfire Elementals","floor":3,"gold_loss":0},{"cards_removed":["Strike_B"],"damage_healed":0,"gold_gain":0,"player_choice":"Forget","damage_taken":0,"max_hp_gain":0,"max_hp_loss":0,"event_name":"Living Wall","floor":8,"gold_loss":0},{"damage_healed":0,"gold_gain":75,"player_choice":"Gather Gold","damage_taken":11,"max_hp_gain":0,"max_hp_loss":0,"event_name":"World of Goop","floor":14,"gold_loss":0}],"is_beta":false,"boss_relics":[],"items_purged_floors":[11],"is_endless":false,"potions_floor_spawned":[2,10],"killed_by":"The Guardian","ascension_level":12}