{"gold_per_floor":[114,129,18,30,30,30,55,69,69,86,117,117,133,198,198,296,296,310,310,323,323,323,358,358,386,409,425,450,450,450],"floor_reached":30,"playtime":2474,"items_purged":["Strike_G"],"score":331,"play_id":"b61cdfa9-1baa-4ceb-8faa-edad6740c71d","local_time":"20190412202300","is_ascension_mode":true,"campfire_choices":[{"data":"Leg Sweep","floor":6,"key":"SMITH"},{"floor":12,"key":"REST"},{"data":"Footwork","floor":15,"key":"SMITH"},{"data":"Malaise","floor":24,"key":"SMITH"}],"neow_cost":"NONE","seed_source_timestamp":25645714896722,"circlet_count":0,"master_deck":["Defend_G+1","Defend_G+1","Defend_G+1","Defend_G+1","Defend_G+1","Strike_G+1","Strike_G+1","Strike_G+1","Survivor","Neutralize","Malaise+1","Finisher","Riddle With Holes+1","Leg Sweep+1","Slice+1","Heel Hook","Cloak And Dagger","Footwork+1","Dash","Dash","Bullet Time","Cloak And Dagger","Ghostly","Ghostly","Ghostly","Ghostly","Ghostly","Escape Plan+1","Caltrops","Acrobatics","Crippling Poison"],"relics":["Ring of the Snake","Bag of Marbles","Paper Crane","Turnip","Black Star","Juzu Bracelet","Orichalcum","Matryoshka","Whetstone","Bag of Preparation","Oddly Smooth Stone","Red Mask"],"potions_floor_usage":[16,25,27],"damage_taken":[{"damage":3,"enemies":"Cultist","floor":1,"turns":4},{"damage":0,"enemies":"2 Louse","floor":2,"turns":2},{"damage":10,"enemies":"Jaw Worm","floor":4,"turns":6},{"damage":20,"enemies":"Gremlin Nob","floor":7,"turns":4},{"damage":0,"enemies":"Large Slime","floor":8,"turns":4},{"damage":14,"enemies":"3 Louse","floor":10,"turns":5},{"damage":3,"enemies":"Lagavulin","floor":11,"turns":11},{"damage":3,"enemies":"Exordium Thugs","floor":13,"turns":5},{"damage":10,"enemies":"Slime Boss","floor":16,"turns":10},{"damage":20,"enemies":"3 Byrds","floor":18,"turns":12},{"damage":0,"enemies":"Shell Parasite","floor":20,"turns":12},{"damage":2,"enemies":"Book of Stabbing","floor":23,"turns":10},{"damage":4,"enemies":"Slavers","floor":25,"turns":10},{"damage":9,"enemies":"Cultist and Chosen","floor":27,"turns":10},{"damage":0,"enemies":"Masked Bandits","floor":28,"turns":4},{"damage":26,"enemies":"Gremlin Leader","floor":30,"turns":13}],"seed_played":"-8342803912412648159","potions_obtained":[{"floor":1,"key":"Regen Potion"},{"floor":2,"key":"Weak Potion"},{"floor":4,"key":"Energy Potion"},{"floor":11,"key":"Explosive Potion"},{"floor":18,"key":"Ancient Potion"},{"floor":25,"key":"Fire Potion"},{"floor":28,"key":"FearPotion"}],"is_trial":false,"path_per_floor":["M","M","$","M","?","R","E","M","T","M","E","R","M","?","R","B",null,"M","?","M","?","?","E","R","E","T","M","?","?","E"],"character_chosen":"THE_SILENT","items_purchased":["Leg Sweep"],"campfire_rested":1,"item_purchase_floors":[3],"current_hp_per_floor":[67,67,67,57,57,57,37,37,37,23,20,41,38,38,38,28,70,50,35,35,35,35,33,33,29,29,20,20,14,0],"gold":450,"neow_bonus":"ONE_RANDOM_RARE_CARD","is_prod":false,"is_daily":false,"chose_seed":false,"campfire_upgraded":3,"win_rate":0,"timestamp":1555093380,"path_taken":["M","M","$","M","?","R","E","?","T","M","E","R","M","?","R","BOSS","M","?","M","?","?","E","R","E","T","M","?","?","E"],"build_version":"2019-01-23","purchased_purges":1,"victory":false,"max_hp_per_floor":[70,70,70,70,70,70,70,70,70,70,70,70,70,70,70,70,70,70,35,35,35,35,35,35,35,35,35,35,35,35],"card_choices":[{"not_picked":["Terror","Blade Dance"],"picked":"Finisher","floor":1},{"not_picked":["Deadly Poison","Noxious Fumes"],"picked":"Riddle With Holes","floor":2},{"not_picked":["Accuracy","Eviscerate"],"picked":"Slice","floor":4},{"not_picked":["Bane","Outmaneuver","Sucker Punch"],"picked":"SKIP","floor":7},{"not_picked":["Prepared","Flying Knee"],"picked":"Cloak And Dagger","floor":8},{"not_picked":["Crippling Poison","Endless Agony"],"picked":"Footwork","floor":10},{"not_picked":["Bane","Flying Knee"],"picked":"Dash","floor":11},{"not_picked":["Dagger Throw","Storm of Steel"],"picked":"Dash","floor":13},{"not_picked":["Grand Finale","Wraith Form v2"],"picked":"Bullet Time","floor":16},{"not_picked":["Deflect","Underhanded Strike"],"picked":"Cloak And Dagger","floor":18},{"not_picked":["Deflect","Setup"],"picked":"Escape Plan+1","floor":20},{"not_picked":["Storm of Steel","PiercingWail"],"picked":"Caltrops","floor":23},{"not_picked":["Underhanded Strike","Choke","Expertise"],"picked":"SKIP","floor":25},{"not_picked":["Bouncing Flask+1","Sucker Punch"],"picked":"Acrobatics","floor":27},{"not_picked":["Dagger Throw","Bouncing Flask+1"],"picked":"Crippling Poison","floor":28}],"player_experience":248378,"relics_obtained":[{"floor":7,"key":"Bag of Marbles"},{"floor":9,"key":"Paper Crane"},{"floor":11,"key":"Turnip"},{"floor":23,"key":"Juzu Bracelet"},{"floor":23,"key":"Orichalcum"},{"floor":25,"key":"Matryoshka"},{"floor":25,"key":"Whetstone"},{"floor":26,"key":"Bag of Preparation"},{"floor":26,"key":"Oddly Smooth Stone"},{"floor":28,"key":"Red Mask"}],"event_choices":[{"damage_healed":0,"gold_gain":0,"cards_transformed":["Strike_G"],"player_choice":"Transformed","damage_taken":0,"max_hp_gain":0,"max_hp_loss":0,"event_name":"Transmorgrifier","floor":5,"gold_loss":0,"cards_obtained":["Heel Hook"]},{"damage_healed":0,"gold_gain":65,"player_choice":"Gained Gold","damage_taken":0,"max_hp_gain":0,"max_hp_loss":0,"event_name":"Golden Wing","floor":14,"gold_loss":0},{"damage_healed":0,"gold_gain":0,"player_choice":"Became a Ghost","damage_taken":0,"max_hp_gain":0,"max_hp_loss":35,"event_name":"Ghosts","floor":19,"gold_loss":0,"cards_obtained":["Ghostly","Ghostly","Ghostly","Ghostly","Ghostly"]},{"damage_healed":0,"gold_gain":0,"player_choice":"Simplicity","damage_taken":0,"max_hp_gain":0,"max_hp_loss":0,"event_name":"Back to Basics","floor":21,"gold_loss":0,"cards_upgraded":["Defend_G","Defend_G","Defend_G","Defend_G","Defend_G","Strike_G","Strike_G","Strike_G"]},{"damage_healed":0,"gold_gain":0,"player_choice":"Bought 0 Potions","damage_taken":0,"max_hp_gain":0,"max_hp_loss":0,"event_name":"The Woman in Blue","floor":22,"gold_loss":0},{"damage_healed":0,"gold_gain":0,"player_choice":"Fought Bandits","damage_taken":0,"max_hp_gain":0,"max_hp_loss":0,"event_name":"Masked Bandits","floor":28,"gold_loss":0},{"damage_healed":0,"gold_gain":0,"player_choice":"","damage_taken":6,"max_hp_gain":0,"max_hp_loss":0,"event_name":"Knowing Skull","floor":29,"potions_obtained":[],"gold_loss":0,"cards_obtained":[]}],"is_beta":false,"boss_relics":[{"not_picked":["Velvet Choker","Cursed Key"],"picked":"Black Star"}],"items_purged_floors":[3],"is_endless":false,"potions_floor_spawned":[1,2,4,8,11,13,18,25,28],"killed_by":"Gremlin Leader","ascension_level":2}