{"gold_per_floor":[115,2,16,36,36,70,70,30,30,105,33,51,63,81,81,159,159,179,119,102,25,25],"floor_reached":22,"playtime":704,"items_purged":["Strike_B"],"score":307,"play_id":"1d10c164-fc90-44d8-b245-c12fe2a5dfa5","local_time":"20190411180733","is_ascension_mode":true,"campfire_choices":[{"data":"Defragment","floor":7.0,"key":"SMITH"},{"floor":15.0,"key":"REST"}],"neow_cost":"NONE","seed_source_timestamp":29948528982703,"circlet_count":0,"master_deck":["AscendersBane","Defend_B","Defend_B","Defend_B","Defend_B","Zap","Dualcast","Defragment+1","Doom and Gloom","Genetic Algorithm","Conserve Battery","Melter","White Noise","Defragment","Hologram","Redo","Echo Form","Amplify","Genetic Algorithm+1","Stack","Core Surge","Redo+1","Recycle"],"special_seed":0,"relics":["FrozenCore","NeowsBlessing","Mercury Hourglass","Bottled Tornado"],"potions_floor_usage":[],"damage_taken":[{"damage":0.0,"enemies":"Cultist","floor":1.0,"turns":1.0},{"damage":0.0,"enemies":"2 Louse","floor":3.0,"turns":1.0},{"damage":0.0,"enemies":"Small Slimes","floor":4.0,"turns":2.0},{"damage":26.0,"enemies":"3 Sentries","floor":6.0,"turns":6.0},{"damage":20.0,"enemies":"Exordium Wildlife","floor":12.0,"turns":4.0},{"damage":14.0,"enemies":"Red Slaver","floor":13.0,"turns":2.0},{"damage":0.0,"enemies":"Large Slime","floor":14.0,"turns":5.0},{"damage":24.0,"enemies":"Slime Boss","floor":16.0,"turns":10.0},{"damage":6,"enemies":"Shell Parasite","floor":18,"turns":9},{"damage":34,"enemies":"2 Thieves","floor":20,"turns":5},{"damage":20,"enemies":"Snake Plant","floor":22,"turns":1}],"seed_played":"5679986170375667625","potions_obtained":[{"floor":1.0,"key":"Regen Potion"},{"floor":3.0,"key":"Swift Potion"},{"floor":6.0,"key":"SpeedPotion"}],"is_trial":false,"path_per_floor":["M","$","M","M","?","E","R","$","T","?","$","M","M","M","R","B",null,"M","?","M","$","M"],"character_chosen":"DEFECT","items_purchased":["Doom and Gloom","White Noise","Defragment","Recycle"],"campfire_rested":1,"item_purchase_floors":[2,8,11,21],"current_hp_per_floor":[68,68,68,68,61,49,49,49,49,38,38,18,4,4,26,2,57,51,51,17,17,0],"gold":25,"neow_bonus":"THREE_ENEMY_KILL","is_prod":false,"is_daily":false,"chose_seed":false,"campfire_upgraded":1,"win_rate":0,"timestamp":1554973653,"path_taken":["M","$","M","?","?","E","R","$","T","?","?","M","M","M","R","BOSS","M","?","M","$","M"],"build_version":"2019-01-23","purchased_purges":1,"victory":false,"max_hp_per_floor":[75,75,75,75,75,75,75,75,75,75,75,75,75,75,75,75,75,75,75,75,75,75],"card_choices":[{"not_picked":["Conserve Battery","Compile Driver"],"picked":"Defragment","floor":1.0},{"not_picked":["Scrape","Stack"],"picked":"Genetic Algorithm","floor":3.0},{"not_picked":["Steam","Gash"],"picked":"Conserve Battery","floor":4.0},{"not_picked":["Barrage","Go for the Eyes"],"picked":"Melter","floor":6.0},{"not_picked":["Tempest","Chaos"],"picked":"Hologram","floor":12.0},{"not_picked":["Reinforced Body","Coolheaded"],"picked":"Redo","floor":13.0},{"not_picked":["Barrage","Go for the Eyes"],"picked":"Echo Form","floor":14.0},{"not_picked":["Reboot","Hyperbeam"],"picked":"Amplify","floor":16.0},{"not_picked":["Redo","Streamline"],"picked":"Genetic Algorithm+1","floor":18},{"not_picked":["Beam Cell","Barrage"],"picked":"Redo+1","floor":20}],"player_experience":729440,"relics_obtained":[{"floor":6.0,"key":"Mercury Hourglass"},{"floor":9.0,"key":"Bottled Tornado"}],"event_choices":[{"cards_removed":["Strike_B"],"damage_healed":0.0,"max_hp_gain":0.0,"max_hp_loss":0.0,"gold_gain":0.0,"event_name":"Golden Wing","player_choice":"Card Removal","floor":5.0,"gold_loss":0.0,"damage_taken":7.0},{"damage_healed":0.0,"max_hp_gain":0.0,"max_hp_loss":0.0,"gold_gain":75.0,"event_name":"World of Goop","player_choice":"Gather Gold","floor":10.0,"gold_loss":0.0,"damage_taken":11.0},{"damage_healed":0,"gold_gain":0,"cards_transformed":["Strike_B","Strike_B"],"player_choice":"Transformed Cards","damage_taken":0,"max_hp_gain":0,"max_hp_loss":0,"event_name":"Designer","floor":19,"gold_loss":60,"cards_obtained":["Stack","Core Surge"]}],"is_beta":false,"boss_relics":[{"not_picked":["Astrolabe","Cursed Key"],"picked":"FrozenCore"}],"items_purged_floors":[2],"is_endless":false,"potions_floor_spawned":[1,3,6],"killed_by":"Snake Plant","ascension_level":13}