{"gold_per_floor":[109,127,127,127,150,150,174,174,174,50,73,73,112,127,127,127],"floor_reached":16,"playtime":345,"items_purged":["Strike_B"],"score":165,"play_id":"7cfe72da-6038-4bcc-a720-0ffe36439ccf","local_time":"20190411134234","is_ascension_mode":true,"campfire_choices":[{"data":"Meteor Strike","floor":6,"key":"SMITH"},{"data":"Hologram","floor":8,"key":"SMITH"},{"data":"Turbo","floor":12,"key":"SMITH"},{"floor":15,"key":"REST"}],"neow_cost":"NONE","seed_source_timestamp":14466105784224,"circlet_count":0,"master_deck":["AscendersBane","Strike_B","Strike_B","Strike_B","Defend_B","Defend_B","Defend_B","Defend_B","Zap","Dualcast","Doom and Gloom","Hologram+1","Meteor Strike+1","Turbo+1","Self Repair","Amplify","Conserve Battery"],"relics":["Cracked Core","NeowsBlessing","Golden Idol","Mercury Hourglass","Strawberry","Mummified Hand","Darkstone Periapt"],"potions_floor_usage":[13],"damage_taken":[{"damage":0,"enemies":"Cultist","floor":1,"turns":1},{"damage":0,"enemies":"Small Slimes","floor":2,"turns":1},{"damage":0,"enemies":"Jaw Worm","floor":5,"turns":1},{"damage":8,"enemies":"Blue Slaver","floor":11,"turns":3},{"damage":23,"enemies":"Lagavulin","floor":13,"turns":4},{"damage":10,"enemies":"Exordium Thugs","floor":14,"turns":5},{"damage":54,"enemies":"Hexaghost","floor":16,"turns":9}],"seed_played":"-1958939700154611636","potions_obtained":[{"floor":1,"key":"Strength Potion"},{"floor":11,"key":"SkillPotion"}],"is_trial":false,"path_per_floor":["M","M","?","?","M","R","T","R","T","$","M","R","E","M","R","B"],"character_chosen":"DEFECT","items_purchased":["Turbo"],"campfire_rested":1,"item_purchase_floors":[10],"current_hp_per_floor":[68,68,68,56,56,56,63,63,63,63,55,55,32,29,51,0],"gold":127,"neow_bonus":"THREE_ENEMY_KILL","is_prod":false,"is_daily":false,"chose_seed":false,"campfire_upgraded":3,"win_rate":0,"timestamp":1554957754,"path_taken":["M","M","?","?","M","R","?","R","T","?","M","R","E","M","R","BOSS"],"build_version":"2019-01-23","purchased_purges":1,"victory":false,"max_hp_per_floor":[75,75,69,69,69,69,76,76,76,76,76,76,76,76,76,76],"card_choices":[{"not_picked":["Aggregate","Turbo"],"picked":"Doom and Gloom","floor":1},{"not_picked":["Sweeping Beam","Coolheaded"],"picked":"Hologram","floor":2},{"not_picked":["Beam Cell","Hologram"],"picked":"Meteor Strike","floor":5},{"not_picked":["Streamline","Force Field"],"picked":"Self Repair","floor":11},{"not_picked":["Streamline","Blizzard"],"picked":"Amplify","floor":13},{"not_picked":["Turbo","Gash"],"picked":"Conserve Battery","floor":14}],"player_experience":721667,"relics_obtained":[{"floor":7,"key":"Strawberry"},{"floor":9,"key":"Mummified Hand"},{"floor":13,"key":"Darkstone Periapt"}],"event_choices":[{"damage_healed":0,"gold_gain":0,"player_choice":"Lose Max HP","damage_taken":0,"relics_obtained":["Golden Idol"],"max_hp_gain":0,"max_hp_loss":6,"event_name":"Golden Idol","floor":3,"gold_loss":0},{"damage_healed":0,"gold_gain":0,"player_choice":"Success","damage_taken":12,"relics_obtained":["Mercury Hourglass"],"max_hp_gain":0,"max_hp_loss":0,"event_name":"Scrap Ooze","floor":4,"gold_loss":0}],"is_beta":false,"boss_relics":[],"items_purged_floors":[10],"is_endless":false,"potions_floor_spawned":[1,11],"killed_by":"Hexaghost","ascension_level":13}