{"gold_per_floor":[116,40,57,10,26,59,59,88,166,183,183,215,17,27,27,122,122,141,14,14,14,25,25,25],"floor_reached":24,"playtime":1314,"items_purged":["Strike_B+1"],"score":300,"play_id":"9b44bf2c-a5d9-43f4-a416-6872532a18d0","local_time":"20190403234907","is_ascension_mode":true,"campfire_choices":[{"data":"Recycle","floor":11.0,"key":"SMITH"},{"floor":15.0,"key":"REST"},{"data":"A Thousand Cuts","floor":23,"key":"SMITH"}],"neow_cost":"NONE","seed_source_timestamp":14854415894058,"circlet_count":0,"master_deck":["Defend_B","Defend_B","Defend_B","Defend_B","Zap","Dualcast","Sweeping Beam","Consume","Recycle+1","Cold Snap+1","Cold Snap","Redo","Capacitor","Conserve Battery","Multi-Cast","A Thousand Cuts+1","Undo+1","Genetic Algorithm+1","Gash+1","Bloodletting","Hologram"],"special_seed":0,"relics":["Cracked Core","NeowsBlessing","Meat on the Bone","Whetstone","Tiny Chest","Bag of Marbles","PrismaticShard","Astrolabe"],"potions_floor_usage":[18,22],"damage_taken":[{"damage":0.0,"enemies":"Cultist","floor":1.0,"turns":1.0},{"damage":0.0,"enemies":"2 Louse","floor":3.0,"turns":1.0},{"damage":0.0,"enemies":"Small Slimes","floor":5.0,"turns":1.0},{"damage":20.0,"enemies":"3 Sentries","floor":6.0,"turns":7.0},{"damage":47.0,"enemies":"Lagavulin","floor":8.0,"turns":11.0},{"damage":6.0,"enemies":"Exordium Wildlife","floor":10.0,"turns":3.0},{"damage":14.0,"enemies":"Gremlin Nob","floor":12.0,"turns":3.0},{"damage":10.0,"enemies":"2 Fungi Beasts","floor":14.0,"turns":3.0},{"damage":20.0,"enemies":"Slime Boss","floor":16.0,"turns":11.0},{"damage":9,"enemies":"3 Byrds","floor":18,"turns":3},{"damage":12,"enemies":"Shell Parasite","floor":22,"turns":7},{"damage":45,"enemies":"Slavers","floor":24,"turns":3}],"seed_played":"-7339291004436964462","potions_obtained":[{"floor":1.0,"key":"AttackPotion"},{"floor":10.0,"key":"Fire Potion"},{"floor":14.0,"key":"SkillPotion"},{"floor":16.0,"key":"LiquidBronze"},{"floor":18,"key":"Weak Potion"}],"is_trial":false,"path_per_floor":["M","$","M","$","M","E","?","E","T","M","R","E","$","M","R","B",null,"M","$","?","$","M","R","E"],"character_chosen":"DEFECT","items_purchased":["Consume","Cold Snap","PrismaticShard","Hologram"],"campfire_rested":1,"item_purchase_floors":[2,4,13,19],"current_hp_per_floor":[68,68,68,68,68,48,48,13,13,19,19,17,17,19,41,33,65,56,56,56,56,44,44,0],"gold":25,"neow_bonus":"THREE_ENEMY_KILL","is_prod":false,"is_daily":false,"chose_seed":false,"campfire_upgraded":2,"win_rate":0,"timestamp":1554302947,"path_taken":["M","?","?","?","M","E","?","E","T","?","R","E","$","M","R","BOSS","M","?","?","?","M","R","E"],"build_version":"2019-01-23","purchased_purges":1,"victory":false,"max_hp_per_floor":[75,75,75,75,75,75,75,75,75,75,75,75,75,75,75,75,75,75,75,75,75,75,75,75],"card_choices":[{"not_picked":["Chill","Rip and Tear"],"picked":"Sweeping Beam","floor":1.0},{"not_picked":["Cold Snap","Hologram"],"picked":"Recycle","floor":3.0},{"not_picked":["Hyperbeam","Go for the Eyes"],"picked":"Cold Snap","floor":5.0},{"not_picked":["Ball Lightning","Heatsinks"],"picked":"Redo","floor":6.0},{"not_picked":["Fusion","Barrage"],"picked":"Capacitor","floor":8.0},{"not_picked":["Rebound","Sweeping Beam"],"picked":"Conserve Battery","floor":10.0},{"not_picked":["Redo","Double Energy"],"picked":"Multi-Cast","floor":12.0},{"not_picked":["Flying Knee","Streamline","Deflect"],"picked":"SKIP","floor":14.0},{"not_picked":["Master of Strategy","Electrodynamics"],"picked":"A Thousand Cuts","floor":16.0},{"not_picked":["Heavy Blade","Outmaneuver+1"],"picked":"Bloodletting","floor":18},{"not_picked":["Barrage","Perfected Strike","Expertise"],"picked":"SKIP","floor":22}],"player_experience":674305,"relics_obtained":[{"floor":6.0,"key":"Meat on the Bone"},{"floor":8.0,"key":"Whetstone"},{"floor":9.0,"key":"Tiny Chest"},{"floor":12.0,"key":"Bag of Marbles"}],"event_choices":[{"damage_healed":0.0,"max_hp_gain":0.0,"max_hp_loss":0.0,"gold_gain":0.0,"event_name":"The Woman in Blue","player_choice":"Bought 0 Potions","floor":7.0,"gold_loss":0.0,"damage_taken":0.0},{"damage_healed":0,"gold_gain":0,"player_choice":"Ignored","damage_taken":0,"max_hp_gain":0,"max_hp_loss":0,"event_name":"Vampires","floor":20,"gold_loss":0}],"is_beta":false,"boss_relics":[{"not_picked":["Fusion Hammer","Runic Pyramid"],"picked":"Astrolabe"}],"items_purged_floors":[19],"is_endless":false,"potions_floor_spawned":[1,10,14,16,18],"killed_by":"Slavers","ascension_level":8}