{"gold_per_floor":[363,313,11,24,40,69,69,69,151,181,181,181,191,201,201,300,300,320,245,269,74,94,129,142,142,165,179,179,190,202,235,235,333,333,347,362,194,209,226,226,251,263,275,287,299,324,362,3,3,3],"floor_reached":51,"playtime":3738,"items_purged":["Strike_G","Defend_G","Defend_G"],"score":1336,"play_id":"89c9cace-1ea6-4897-b70f-747ddd5d536c","local_time":"20190327235958","is_ascension_mode":true,"campfire_choices":[{"data":"Noxious Fumes","floor":7.0,"key":"SMITH"},{"data":"Blur","floor":11.0,"key":"SMITH"},{"floor":15.0,"key":"REST"},{"floor":32.0,"key":"REST"},{"floor":40.0,"key":"REST"},{"data":"Reflex","floor":42.0,"key":"SMITH"},{"data":"Neutralize","floor":44.0,"key":"SMITH"},{"floor":49.0,"key":"REST"}],"neow_cost":"TEN_PERCENT_HP_LOSS","seed_source_timestamp":0,"circlet_count":0,"master_deck":["AscendersBane","Defend_G","Defend_G","Defend_G","Survivor","Neutralize+1","Poisoned Stab","Noxious Fumes+1","Escape Plan","Blur+1","Acrobatics","Prepared","Corpse Explosion","Caltrops","Bandage Up","Crippling Poison","Reflex+1","Catalyst","Malaise","Footwork","Sadistic Nature","Panacea","Infinite Blades","Calculated Gamble"],"special_seed":0,"relics":["Ring of the Snake","Membership Card","Snake Skull","Art of War","Kunai","Smiling Mask","Snecko Eye","Oddly Smooth Stone","Medical Kit","Ginger","PreservedInsect","Omamori","Happy Flower","Busted Crown","Bronze Scales","MawBank","Bottled Flame","GremlinMask","Vajra","Lantern"],"potions_floor_usage":[50,50],"damage_taken":[{"damage":1.0,"enemies":"Jaw Worm","floor":1.0,"turns":6.0},{"damage":0.0,"enemies":"2 Louse","floor":4.0,"turns":3.0},{"damage":12.0,"enemies":"Small Slimes","floor":5.0,"turns":3.0},{"damage":7.0,"enemies":"Lagavulin","floor":6.0,"turns":6.0},{"damage":30.0,"enemies":"Gremlin Nob","floor":10.0,"turns":5.0},{"damage":5.0,"enemies":"Gremlin Gang","floor":13.0,"turns":5.0},{"damage":0.0,"enemies":"Blue Slaver","floor":14.0,"turns":4.0},{"damage":18.0,"enemies":"Slime Boss","floor":16.0,"turns":13.0},{"damage":26.0,"enemies":"2 Thieves","floor":18.0,"turns":3.0},{"damage":6.0,"enemies":"3 Byrds","floor":22.0,"turns":2.0},{"damage":18.0,"enemies":"Gremlin Leader","floor":23.0,"turns":6.0},{"damage":0.0,"enemies":"Snecko","floor":24.0,"turns":6.0},{"damage":3.0,"enemies":"Centurion and Healer","floor":27.0,"turns":5.0},{"damage":0.0,"enemies":"Snake Plant","floor":29.0,"turns":4.0},{"damage":3.0,"enemies":"3 Cultists","floor":30.0,"turns":3.0},{"damage":2.0,"enemies":"Slavers","floor":31.0,"turns":3.0},{"damage":12.0,"enemies":"Automaton","floor":33.0,"turns":10.0},{"damage":19.0,"enemies":"Orb Walker","floor":35.0,"turns":5.0},{"damage":24.0,"enemies":"3 Darklings","floor":36.0,"turns":3.0},{"damage":6.0,"enemies":"4 Shapes","floor":38.0,"turns":3.0},{"damage":4.0,"enemies":"Sphere and 2 Shapes","floor":39.0,"turns":3.0},{"damage":21.0,"enemies":"Giant Head","floor":41.0,"turns":9.0},{"damage":7.0,"enemies":"Writhing Mass","floor":46.0,"turns":5.0},{"damage":0.0,"enemies":"Nemesis","floor":47.0,"turns":9.0},{"damage":32,"enemies":"Time Eater","floor":50,"turns":12}],"seed_played":"4222399100086162056","potions_obtained":[{"floor":4.0,"key":"SkillPotion"},{"floor":10.0,"key":"AttackPotion"},{"floor":13.0,"key":"FearPotion"},{"floor":24.0,"key":"SpeedPotion"},{"floor":27.0,"key":"Swift Potion"},{"floor":28.0,"key":"Block Potion"},{"floor":28.0,"key":"EntropicBrew"},{"floor":30.0,"key":"Ancient Potion"},{"floor":31.0,"key":"GhostInAJar"},{"floor":35.0,"key":"Fire Potion"},{"floor":46.0,"key":"Fire Potion"},{"floor":47.0,"key":"Explosive Potion"}],"is_trial":false,"path_per_floor":["M","?","$","M","M","E","R","?","T","E","R","?","M","M","R","B",null,"M","?","T","$","M","E","M","?","T","M","?","M","M","E","R","B",null,"M","M","$","M","M","R","E","R","T","R","?","M","E","$","R","B",null],"character_chosen":"THE_SILENT","items_purchased":["Membership Card","Snake Skull","Noxious Fumes","Medical Kit","Bandage Up","Footwork","Bronze Scales","PowerPotion","Sadistic Nature","Lantern","Panacea","Poison Potion","Infinite Blades","Calculated Gamble"],"campfire_rested":4,"item_purchase_floors":[3,3,3,21,21,37,37,48,48,48,48,48,48,48],"current_hp_per_floor":[62,62,62,62,50,43,43,43,43,13,13,6,1,1,19,1,48,22,22,22,22,20,6,10,10,10,11,11,15,16,14,32,24,53,38,14,14,12,12,30,13,13,13,13,13,10,14,14,32,4],"gold":3,"neow_bonus":"TWO_FIFTY_GOLD","is_prod":false,"is_daily":false,"chose_seed":false,"campfire_upgraded":4,"win_rate":0,"timestamp":1553698798,"path_taken":["M","?","$","M","M","E","R","?","T","E","R","?","M","M","R","BOSS","M","?","?","$","M","E","M","?","T","M","?","?","M","E","R","BOSS","M","M","$","M","?","R","E","R","T","R","?","?","E","$","R","BOSS"],"build_version":"2019-01-23","purchased_purges":3,"victory":true,"max_hp_per_floor":[63,63,63,63,63,63,63,63,63,63,63,63,63,63,63,63,63,63,63,63,63,63,63,63,63,63,63,63,63,63,63,63,63,63,63,63,63,63,63,63,63,63,63,63,63,63,63,63,63,63],"card_choices":[{"not_picked":["Flying Knee","Expertise"],"picked":"Poisoned Stab","floor":1.0},{"not_picked":["Deadly Poison","Dodge and Roll"],"picked":"Escape Plan","floor":4.0},{"not_picked":["Underhanded Strike","Slice","Skewer"],"picked":"SKIP","floor":5.0},{"not_picked":["Heel Hook","Outmaneuver","Die Die Die"],"picked":"SKIP","floor":6.0},{"not_picked":["All Out Attack","Bouncing Flask"],"picked":"Blur","floor":10.0},{"not_picked":["Slice","Expertise"],"picked":"Acrobatics","floor":13.0},{"not_picked":["Poisoned Stab","Sucker Punch"],"picked":"Prepared","floor":14.0},{"not_picked":["Grand Finale","Storm of Steel"],"picked":"Corpse Explosion","floor":16.0},{"not_picked":["Riddle With Holes+1","Calculated Gamble"],"picked":"Caltrops","floor":18.0},{"not_picked":["Dagger Throw","Bane","Flying Knee"],"picked":"SKIP","floor":22.0},{"not_picked":["Predator","Dagger Throw"],"picked":"Crippling Poison","floor":23.0},{"not_picked":["Dagger Throw","Outmaneuver"],"picked":"Reflex","floor":24.0},{"not_picked":["Deflect","Sucker Punch","Outmaneuver"],"picked":"SKIP","floor":27.0},{"not_picked":["Acrobatics","Blade Dance","Grand Finale"],"picked":"SKIP","floor":29.0},{"not_picked":["Flying Knee","PiercingWail"],"picked":"Catalyst","floor":30.0},{"not_picked":["Prepared","Outmaneuver","Sucker Punch"],"picked":"SKIP","floor":31.0},{"not_picked":["Die Die Die","After Image"],"picked":"Malaise","floor":33.0},{"not_picked":["Crippling Poison"],"picked":"SKIP","floor":35.0},{"not_picked":["Cloak And Dagger"],"picked":"SKIP","floor":36.0},{"not_picked":["Bane"],"picked":"SKIP","floor":38.0},{"not_picked":["Dagger Spray+1"],"picked":"SKIP","floor":39.0},{"not_picked":["Setup+1"],"picked":"SKIP","floor":41.0},{"not_picked":["Underhanded Strike+1"],"picked":"SKIP","floor":46.0},{"not_picked":["Bane+1"],"picked":"SKIP","floor":47.0}],"player_experience":611112,"relics_obtained":[{"floor":6.0,"key":"Art of War"},{"floor":9.0,"key":"Kunai"},{"floor":10.0,"key":"Smiling Mask"},{"floor":20.0,"key":"Oddly Smooth Stone"},{"floor":23.0,"key":"Ginger"},{"floor":26.0,"key":"Omamori"},{"floor":31.0,"key":"Happy Flower"},{"floor":41.0,"key":"MawBank"},{"floor":43.0,"key":"Bottled Flame"},{"floor":47.0,"key":"Vajra"}],"event_choices":[{"cards_removed":["Strike_G"],"damage_healed":0.0,"max_hp_gain":0.0,"max_hp_loss":0.0,"gold_gain":0.0,"event_name":"The Cleric","player_choice":"Card Removal","floor":2.0,"gold_loss":50.0,"damage_taken":0.0},{"cards_removed":["Strike_G"],"damage_healed":0.0,"max_hp_gain":0.0,"max_hp_loss":0.0,"gold_gain":0.0,"event_name":"Living Wall","player_choice":"Forget","floor":8.0,"gold_loss":0.0,"damage_taken":0.0},{"cards_removed":["Strike_G"],"damage_healed":0.0,"max_hp_gain":0.0,"max_hp_loss":0.0,"gold_gain":0.0,"event_name":"Golden Wing","player_choice":"Card Removal","floor":12.0,"gold_loss":0.0,"damage_taken":7.0},{"cards_removed":["Strike_G"],"damage_healed":0.0,"max_hp_gain":0.0,"max_hp_loss":0.0,"gold_gain":0.0,"event_name":"Beggar","player_choice":"Gave Gold","floor":19.0,"gold_loss":75.0,"damage_taken":0.0},{"damage_healed":0.0,"max_hp_gain":0.0,"max_hp_loss":0.0,"gold_gain":0.0,"event_name":"The Mausoleum","player_choice":"Opened","floor":25.0,"gold_loss":0.0,"damage_taken":0.0,"relics_obtained":["PreservedInsect"]},{"damage_healed":0.0,"max_hp_gain":0.0,"max_hp_loss":0.0,"gold_gain":0.0,"event_name":"Lab","player_choice":"Got Potions","floor":28.0,"gold_loss":0.0,"damage_taken":0.0},{"damage_healed":0.0,"max_hp_gain":0.0,"max_hp_loss":0.0,"gold_gain":0.0,"event_name":"FaceTrader","player_choice":"Trade","floor":45.0,"gold_loss":0.0,"damage_taken":0.0,"relics_obtained":["GremlinMask"]}],"is_beta":false,"boss_relics":[{"not_picked":["Runic Dome","Coffee Dripper"],"picked":"Snecko Eye"},{"not_picked":["Orrery","Velvet Choker"],"picked":"Busted Crown"}],"items_purged_floors":[21,37,48],"is_endless":false,"potions_floor_spawned":[4,10,13,24,27,30,31,35,36,46,47],"ascension_level":12}