{"gold_per_floor":[117,117,129,129,304,330,330,345,430,430,441,453,20,34,34,111,111,78,78,78,90,90,90],"floor_reached":23,"playtime":919,"items_purged":["Regret"],"score":381,"play_id":"470d9a5c-c664-463c-9feb-7cd5b4bc3cb3","local_time":"20190411155428","is_ascension_mode":true,"campfire_choices":[{"data":"Redo","floor":10,"key":"SMITH"},{"floor":15,"key":"REST"}],"neow_cost":"NONE","seed_source_timestamp":21805706015427,"circlet_count":0,"master_deck":["AscendersBane","Zap","Dualcast","Cold Snap","Cold Snap","Doubt","Cold Snap","Glacier","Seek","Redo+1","Cold Snap","Coolheaded","Capacitor","Cold Snap","Hologram"],"relics":["Cracked Core","NeowsBlessing","DataDisk","Juzu Bracelet","Tiny Chest","Emotion Chip","Pandora\u0027s Box","Enchiridion"],"potions_floor_usage":[16],"damage_taken":[{"damage":0,"enemies":"Jaw Worm","floor":1,"turns":1},{"damage":0,"enemies":"2 Louse","floor":3,"turns":1},{"damage":0,"enemies":"Lagavulin","floor":6,"turns":1},{"damage":8,"enemies":"Small Slimes","floor":8,"turns":4},{"damage":11,"enemies":"2 Fungi Beasts","floor":11,"turns":2},{"damage":9,"enemies":"Lots of Slimes","floor":12,"turns":4},{"damage":10,"enemies":"Large Slime","floor":14,"turns":7},{"damage":4,"enemies":"The Guardian","floor":16,"turns":21},{"damage":10,"enemies":"2 Thieves","floor":18,"turns":5},{"damage":9,"enemies":"3 Byrds","floor":21,"turns":6},{"damage":38,"enemies":"Gremlin Leader","floor":23,"turns":6}],"seed_played":"486131412284801164","potions_obtained":[{"floor":3,"key":"Ancient Potion"},{"floor":14,"key":"EssenceOfSteel"},{"floor":16,"key":"Swift Potion"}],"is_trial":false,"path_per_floor":["M","?","M","?","?","E","?","M","T","R","M","M","$","M","R","B",null,"M","$","$","M","?","E"],"character_chosen":"DEFECT","items_purchased":["Capacitor","Emotion Chip"],"campfire_rested":1,"item_purchase_floors":[13,13],"current_hp_per_floor":[68,61,61,61,61,61,61,53,53,53,42,33,33,23,45,41,67,57,57,57,48,32,0],"gold":90,"neow_bonus":"THREE_ENEMY_KILL","is_prod":false,"is_daily":false,"chose_seed":false,"campfire_upgraded":1,"win_rate":0,"timestamp":1554965668,"path_taken":["M","?","M","?","?","E","?","M","T","R","M","M","$","M","R","BOSS","M","?","$","M","?","E"],"build_version":"2019-01-23","purchased_purges":1,"victory":false,"max_hp_per_floor":[75,75,75,75,75,75,75,75,75,75,75,75,75,75,75,75,75,75,75,75,75,75,75],"card_choices":[{"not_picked":["Go for the Eyes","Coolheaded"],"picked":"Cold Snap","floor":1},{"not_picked":["Rebound","Chaos"],"picked":"Cold Snap","floor":3},{"not_picked":["Stack","Rebound"],"picked":"Cold Snap","floor":6},{"not_picked":["Cold Snap","Barrage"],"picked":"Redo","floor":8},{"not_picked":["Double Energy","Chaos"],"picked":"Cold Snap","floor":11},{"not_picked":["BootSequence","Steam"],"picked":"Coolheaded","floor":12},{"not_picked":["Sweeping Beam","Heatsinks"],"picked":"Cold Snap","floor":14},{"not_picked":["Leap","Redo","Sweeping Beam"],"picked":"SKIP","floor":18},{"not_picked":["Compile Driver","Streamline+1"],"picked":"Hologram","floor":21}],"player_experience":723094,"relics_obtained":[{"floor":6,"key":"Juzu Bracelet"},{"floor":9,"key":"Tiny Chest"},{"floor":22,"key":"Enchiridion"}],"event_choices":[{"cards_removed":["Strike_B"],"damage_healed":0,"gold_gain":0,"player_choice":"Card Removal","damage_taken":7,"max_hp_gain":0,"max_hp_loss":0,"event_name":"Golden Wing","floor":2,"gold_loss":0},{"damage_healed":0,"gold_gain":0,"player_choice":"Box","damage_taken":0,"relics_obtained":["DataDisk"],"max_hp_gain":0,"max_hp_loss":0,"event_name":"Big Fish","floor":4,"gold_loss":0,"cards_obtained":["Regret"]},{"damage_healed":0,"gold_gain":175,"player_choice":"AGREE","damage_taken":0,"max_hp_gain":0,"max_hp_loss":0,"event_name":"Liars Game","floor":5,"gold_loss":0,"cards_obtained":["Doubt"]},{"damage_healed":0,"gold_gain":0,"player_choice":"2 cards matched","damage_taken":0,"max_hp_gain":0,"max_hp_loss":0,"event_name":"Match and Keep!","floor":7,"gold_loss":0,"cards_obtained":["Glacier","Seek"]},{"damage_healed":0,"gold_gain":0,"player_choice":"Obtained Book","damage_taken":16,"max_hp_gain":0,"max_hp_loss":0,"event_name":"Cursed Tome","floor":22,"gold_loss":0}],"is_beta":false,"boss_relics":[{"not_picked":["Empty Cage","Velvet Choker"],"picked":"Pandora\u0027s Box"}],"items_purged_floors":[13],"is_endless":false,"potions_floor_spawned":[3,14,16],"killed_by":"Gremlin Leader","ascension_level":13}