{"gold_per_floor":[116,126,136,149,149,149,181,181,181,181,201,212,287,287,287,391,391,410,410,410,410,410,410,436,436],"floor_reached":25,"playtime":1095,"items_purged":[],"score":219,"play_id":"ce727b3b-cfd5-42a9-8972-2e9eebd63f02","local_time":"20190303100913","is_ascension_mode":false,"campfire_choices":[{"data":"Defragment","floor":6,"key":"SMITH"},{"floor":8,"key":"REST"},{"data":"Reboot","floor":10,"key":"SMITH"},{"floor":15,"key":"REST"},{"data":"Defragment","floor":23,"key":"SMITH"}],"neow_cost":"NONE","seed_source_timestamp":54894879733268,"circlet_count":0,"master_deck":["Strike_B","Strike_B","Strike_B","Strike_B","Defend_B","Defend_B","Defend_B","Defend_B","Zap","Dualcast","Defragment+1","Doom and Gloom","Coolheaded","Reboot+1","Doom and Gloom","Loop+1","Thunder Strike","Defragment+1","Capacitor","Ball Lightning","Undo","Static Discharge","Redo","Multi-Cast"],"relics":["Cracked Core","NeowsBlessing","Pear","Question Card","Orrery","MutagenicStrength","FaceOfCleric","Pantograph"],"potions_floor_usage":[16,24,24],"damage_taken":[{"damage":0,"enemies":"Cultist","floor":1,"turns":1},{"damage":0,"enemies":"2 Louse","floor":2,"turns":1},{"damage":0,"enemies":"Small Slimes","floor":3,"turns":1},{"damage":29,"enemies":"Exordium Thugs","floor":4,"turns":5},{"damage":18,"enemies":"Lagavulin","floor":7,"turns":5},{"damage":10,"enemies":"Exordium Wildlife","floor":11,"turns":3},{"damage":9,"enemies":"3 Louse","floor":12,"turns":3},{"damage":34,"enemies":"The Guardian","floor":16,"turns":8},{"damage":17,"enemies":"3 Byrds","floor":18,"turns":4},{"damage":49,"enemies":"Book of Stabbing","floor":24,"turns":4},{"damage":30,"enemies":"Shell Parasite","floor":25,"turns":3}],"seed_played":"-8783383825140271052","potions_obtained":[{"floor":1,"key":"FairyPotion"},{"floor":2,"key":"Dexterity Potion"},{"floor":7,"key":"EssenceOfSteel"},{"floor":18,"key":"SpeedPotion"}],"is_trial":false,"path_per_floor":["M","M","M","M","?","R","E","R","T","R","M","M","?","?","R","B",null,"M","?","?","?","?","R","E","M"],"character_chosen":"DEFECT","items_purchased":[],"campfire_rested":2,"item_purchase_floors":[],"current_hp_per_floor":[75,75,75,46,46,46,38,63,63,63,53,44,33,33,58,24,85,68,52,52,52,52,52,4,0],"gold":436,"neow_bonus":"THREE_ENEMY_KILL","is_prod":false,"is_daily":false,"chose_seed":false,"campfire_upgraded":3,"win_rate":0.0,"timestamp":1551575353,"path_taken":["M","M","M","M","?","R","E","R","T","R","M","M","?","?","R","BOSS","M","?","?","?","?","R","E","M"],"build_version":"2019-01-23","purchased_purges":0,"victory":false,"max_hp_per_floor":[75,75,75,75,75,75,85,85,85,85,85,85,85,85,85,85,85,85,85,85,85,85,85,86,86],"card_choices":[{"not_picked":["Redo","Lockon"],"picked":"Defragment","floor":1},{"not_picked":["Go for the Eyes","Gash"],"picked":"Doom and Gloom","floor":2},{"not_picked":["Reprogram","Leap"],"picked":"Coolheaded","floor":3},{"not_picked":["BootSequence","Steam Power","Stack"],"picked":"SKIP","floor":4},{"not_picked":["Fusion","Amplify"],"picked":"Reboot","floor":7},{"not_picked":["Skim","Streamline","Hello World"],"picked":"Doom and Gloom","floor":11},{"not_picked":["Gash","Compile Driver","Conserve Battery"],"picked":"Loop","floor":12},{"not_picked":["Reboot","Amplify","Buffer"],"picked":"Thunder Strike","floor":16},{"not_picked":["Leap","Ball Lightning","Barrage"],"picked":"Defragment","floor":17},{"not_picked":["Aggregate","Redo","White Noise"],"picked":"Capacitor","floor":17},{"not_picked":["Conserve Battery","BootSequence","Rebound"],"picked":"Ball Lightning","floor":17},{"not_picked":["Melter","Stack","Beam Cell"],"picked":"Undo","floor":17},{"not_picked":["Capacitor","Melter","Glacier"],"picked":"Static Discharge","floor":17},{"not_picked":["Steam Power","Streamline+1","Reinforced Body"],"picked":"Redo","floor":18},{"not_picked":["Stack","Hologram","Gash"],"picked":"Multi-Cast","floor":24}],"player_experience":18263,"relics_obtained":[{"floor":7,"key":"Pear"},{"floor":9,"key":"Question Card"},{"floor":24,"key":"Pantograph"}],"event_choices":[{"damage_healed":0,"gold_gain":0,"player_choice":"Ignored","damage_taken":0,"max_hp_gain":0,"max_hp_loss":0,"event_name":"Liars Game","floor":5,"gold_loss":0},{"damage_healed":0,"gold_gain":75,"player_choice":"Gather Gold","damage_taken":11,"max_hp_gain":0,"max_hp_loss":0,"event_name":"World of Goop","floor":13,"gold_loss":0},{"damage_healed":0,"gold_gain":0,"player_choice":"Upgraded","damage_taken":0,"max_hp_gain":0,"max_hp_loss":0,"event_name":"Upgrade Shrine","floor":14,"gold_loss":0,"cards_upgraded":["Loop"]},{"damage_healed":0,"gold_gain":0,"player_choice":"Obtained Book","damage_taken":16,"max_hp_gain":0,"max_hp_loss":0,"event_name":"Cursed Tome","floor":19,"gold_loss":0},{"damage_healed":0,"gold_gain":0,"player_choice":"Inject Mutagens","damage_taken":0,"relics_obtained":["MutagenicStrength"],"max_hp_gain":0,"max_hp_loss":0,"event_name":"Drug Dealer","floor":20,"gold_loss":0},{"damage_healed":0,"gold_gain":0,"player_choice":"Ignored","damage_taken":0,"max_hp_gain":0,"max_hp_loss":0,"event_name":"Vampires","floor":21,"gold_loss":0},{"damage_healed":0,"gold_gain":0,"player_choice":"Trade","damage_taken":0,"relics_obtained":["FaceOfCleric"],"max_hp_gain":0,"max_hp_loss":0,"event_name":"FaceTrader","floor":22,"gold_loss":0}],"is_beta":false,"boss_relics":[{"not_picked":["Black Star","Calling Bell"],"picked":"Orrery"}],"items_purged_floors":[],"is_endless":false,"potions_floor_spawned":[1,2,7,18],"killed_by":"Shell Parasite","ascension_level":0}