{"gold_per_floor":[113,127,127,146,26,70,70,104,104,119,134,134,5,48,48,179,179,192,107,32,47,68,68,68,68,68,68,101,120,120,145,145,275,575,588,609,214,227,227,227,265,265,288,413,431,431],"floor_reached":46,"playtime":2998,"items_purged":["Strike_G","Writhe"],"score":732,"play_id":"002b47ab-96b7-404f-8e41-cf24efa5027b","local_time":"20190325175019","is_ascension_mode":true,"campfire_choices":[{"data":"Well Laid Plans","floor":12.0,"key":"SMITH"},{"floor":15.0,"key":"REST"},{"data":"Cloak And Dagger","floor":23.0,"key":"SMITH"},{"floor":25.0,"key":"REST"},{"data":"Cloak And Dagger","floor":27.0,"key":"SMITH"},{"floor":32.0,"key":"REST"},{"floor":40.0,"key":"REST"},{"floor":42.0,"key":"REST"}],"neow_cost":"NONE","seed_source_timestamp":369061103744183,"circlet_count":0,"master_deck":["Defend_G","Defend_G","Defend_G","Defend_G","Defend_G","Survivor","Neutralize","Phantasmal Killer+1","Die Die Die+1","Flechettes+1","Dagger Throw","Blur","Quick Slash","Well Laid Plans+1","Backflip","Backflip","Reflex","Escape Plan","Acrobatics","Cloak And Dagger+1","Cloak And Dagger+1","Corpse Explosion","Noxious Fumes+1","Bullet Time","Writhe","Master of Strategy","Flechettes+1","Backstab+1"],"special_seed":0,"relics":["Astrolabe","Golden Idol","Omamori","Spirit Poop","Ninja Scroll","Orichalcum","Smiling Mask","Busted Crown","Regal Pillow","Necronomicon","Sundial","Nunchaku","Calling Bell","Old Coin","Dream Catcher","Mercury Hourglass","Vajra","Letter Opener","Juzu Bracelet","Incense Burner"],"potions_floor_usage":[46],"damage_taken":[{"damage":2.0,"enemies":"Jaw Worm","floor":1.0,"turns":3.0},{"damage":0.0,"enemies":"Cultist","floor":2.0,"turns":2.0},{"damage":2.0,"enemies":"2 Louse","floor":4.0,"turns":2.0},{"damage":7.0,"enemies":"3 Sentries","floor":6.0,"turns":4.0},{"damage":23.0,"enemies":"Gremlin Nob","floor":8.0,"turns":4.0},{"damage":0.0,"enemies":"Large Slime","floor":10.0,"turns":3.0},{"damage":0.0,"enemies":"Gremlin Gang","floor":11.0,"turns":2.0},{"damage":9.0,"enemies":"Lagavulin","floor":14.0,"turns":7.0},{"damage":10.0,"enemies":"The Guardian","floor":16.0,"turns":7.0},{"damage":0.0,"enemies":"Spheric Guardian","floor":18.0,"turns":3.0},{"damage":9.0,"enemies":"2 Thieves","floor":21.0,"turns":2.0},{"damage":8.0,"enemies":"Centurion and Healer","floor":22.0,"turns":2.0},{"damage":14.0,"enemies":"Book of Stabbing","floor":28.0,"turns":5.0},{"damage":14.0,"enemies":"Snake Plant","floor":29.0,"turns":5.0},{"damage":6.0,"enemies":"Cultist and Chosen","floor":31.0,"turns":2.0},{"damage":21.0,"enemies":"Champ","floor":33.0,"turns":9.0},{"damage":17.0,"enemies":"Orb Walker","floor":35.0,"turns":4.0},{"damage":24.0,"enemies":"3 Darklings","floor":36.0,"turns":3.0},{"damage":13.0,"enemies":"Transient","floor":38.0,"turns":5.0},{"damage":41.0,"enemies":"Reptomancer","floor":41.0,"turns":5.0},{"damage":0.0,"enemies":"Mind Bloom Boss Battle","floor":44.0,"turns":6.0},{"damage":6.0,"enemies":"Sphere and 2 Shapes","floor":45.0,"turns":3.0},{"damage":54,"enemies":"Giant Head","floor":46,"turns":7}],"seed_played":"8441258265874593864","potions_obtained":[{"floor":6.0,"key":"Weak Potion"},{"floor":11.0,"key":"PowerPotion"},{"floor":14.0,"key":"Strength Potion"},{"floor":16.0,"key":"Fire Potion"},{"floor":22.0,"key":"SkillPotion"},{"floor":28.0,"key":"Energy Potion"},{"floor":30.0,"key":"GhostInAJar"},{"floor":30.0,"key":"FearPotion"},{"floor":36.0,"key":"GhostInAJar"},{"floor":38.0,"key":"SkillPotion"},{"floor":45.0,"key":"Weak Potion"}],"is_trial":false,"path_per_floor":["M","M","?","M","$","E","?","E","T","M","M","R","$","E","R","B",null,"M","?","?","M","M","R","?","R","T","R","E","M","?","M","R","B",null,"M","M","$","M","?","R","E","R","T","?","M","E"],"character_chosen":"THE_SILENT","items_purchased":["Well Laid Plans","Backflip","Cloak And Dagger","Vajra","Master of Strategy"],"campfire_rested":5,"item_purchase_floors":[5,5,13,37,37],"current_hp_per_floor":[61,61,61,59,59,52,52,29,29,29,29,29,29,20,41,31,60,60,60,60,51,43,43,27,63,63,63,49,35,35,29,65,44,64,47,23,23,10,10,46,5,41,41,41,35,0],"gold":431,"neow_bonus":"BOSS_RELIC","is_prod":false,"is_daily":false,"chose_seed":false,"campfire_upgraded":3,"win_rate":0,"timestamp":1553503819,"path_taken":["M","M","?","M","$","E","?","E","T","?","M","R","$","E","R","BOSS","M","?","?","M","?","R","?","R","T","R","E","M","?","M","R","BOSS","M","M","$","?","?","R","E","R","T","?","M","E"],"build_version":"2019-01-23","purchased_purges":2,"victory":false,"max_hp_per_floor":[70,70,70,70,70,70,70,70,70,70,70,70,70,70,70,70,70,70,70,70,70,70,70,70,70,70,70,70,70,70,70,70,70,70,70,70,70,70,70,70,70,70,70,70,70,70],"card_choices":[{"not_picked":["Bane","Dagger Spray"],"picked":"Dagger Throw","floor":1.0},{"not_picked":["Dagger Throw","Cloak And Dagger"],"picked":"Blur","floor":2.0},{"not_picked":["Dagger Spray","Glass Knife"],"picked":"Quick Slash","floor":4.0},{"not_picked":["Infinite Blades","Riddle With Holes"],"picked":"Backflip","floor":6.0},{"not_picked":["Predator","Acrobatics"],"picked":"Reflex","floor":8.0},{"not_picked":["Bane","Dash"],"picked":"Escape Plan","floor":10.0},{"not_picked":["PiercingWail","Flying Knee"],"picked":"Acrobatics","floor":11.0},{"not_picked":["PiercingWail","Expertise"],"picked":"Cloak And Dagger","floor":14.0},{"not_picked":["Burst","Die Die Die"],"picked":"Corpse Explosion","floor":16.0},{"not_picked":["Dagger Throw"],"picked":"SKIP","floor":18.0},{"not_picked":["Outmaneuver"],"picked":"SKIP","floor":21.0},{"not_picked":["Dagger Throw"],"picked":"SKIP","floor":22.0},{"not_picked":[],"picked":"Noxious Fumes+1","floor":28.0},{"not_picked":["Deadly Poison"],"picked":"SKIP","floor":29.0},{"not_picked":["Riddle With Holes"],"picked":"SKIP","floor":31.0},{"not_picked":[],"picked":"Bullet Time","floor":33.0},{"not_picked":["Backflip"],"picked":"SKIP","floor":35.0},{"not_picked":["Acrobatics"],"picked":"SKIP","floor":36.0},{"not_picked":[],"picked":"Flechettes+1","floor":38.0},{"not_picked":["Prepared+1"],"picked":"SKIP","floor":41.0},{"not_picked":[],"picked":"Backstab+1","floor":44.0},{"not_picked":["Finisher+1"],"picked":"SKIP","floor":45.0}],"player_experience":584358,"relics_obtained":[{"floor":6.0,"key":"Omamori"},{"floor":8.0,"key":"Ninja Scroll"},{"floor":9.0,"key":"Orichalcum"},{"floor":14.0,"key":"Smiling Mask"},{"floor":24.0,"key":"Necronomicon"},{"floor":26.0,"key":"Sundial"},{"floor":28.0,"key":"Nunchaku"},{"floor":34.0,"key":"Old Coin"},{"floor":34.0,"key":"Dream Catcher"},{"floor":34.0,"key":"Mercury Hourglass"},{"floor":41.0,"key":"Letter Opener"},{"floor":43.0,"key":"Juzu Bracelet"},{"floor":44.0,"key":"Incense Burner"}],"event_choices":[{"damage_healed":0.0,"max_hp_gain":0.0,"max_hp_loss":0.0,"gold_gain":0.0,"event_name":"Golden Idol","player_choice":"Take Wound","floor":3.0,"gold_loss":0.0,"damage_taken":0.0,"relics_obtained":["Golden Idol"],"cards_obtained":["Injury"]},{"cards_removed":["Injury"],"damage_healed":0.0,"max_hp_gain":0.0,"max_hp_loss":0.0,"gold_gain":0.0,"event_name":"Bonfire Elementals","player_choice":"Offered Curse","floor":7.0,"gold_loss":0.0,"damage_taken":0.0,"relics_obtained":["Spirit Poop"]},{"damage_healed":0.0,"max_hp_gain":0.0,"max_hp_loss":0.0,"gold_gain":0.0,"event_name":"Addict","player_choice":"Obtained Relic","floor":19.0,"gold_loss":85.0,"damage_taken":0.0,"relics_obtained":["Regal Pillow"]},{"cards_removed":["Strike_G"],"damage_healed":0.0,"max_hp_gain":0.0,"max_hp_loss":0.0,"gold_gain":0.0,"event_name":"Beggar","player_choice":"Gave Gold","floor":20.0,"gold_loss":75.0,"damage_taken":0.0},{"damage_healed":0.0,"max_hp_gain":0.0,"max_hp_loss":0.0,"gold_gain":0.0,"event_name":"Cursed Tome","player_choice":"Obtained Book","floor":24.0,"gold_loss":0.0,"damage_taken":16.0},{"damage_healed":0.0,"max_hp_gain":0.0,"max_hp_loss":0.0,"gold_gain":0.0,"event_name":"Lab","player_choice":"Got Potions","floor":30.0,"gold_loss":0.0,"damage_taken":0.0},{"damage_healed":0.0,"max_hp_gain":0.0,"max_hp_loss":0.0,"gold_gain":0.0,"event_name":"Tomb of Lord Red Mask","player_choice":"Ignored","floor":39.0,"gold_loss":0.0,"damage_taken":0.0},{"damage_healed":0.0,"max_hp_gain":0.0,"max_hp_loss":0.0,"gold_gain":0.0,"event_name":"MindBloom","player_choice":"Fight","floor":44.0,"gold_loss":0.0,"damage_taken":0.0}],"is_beta":false,"boss_relics":[{"not_picked":["Sozu","HoveringKite"],"picked":"Busted Crown"},{"not_picked":["Philosopher\u0027s Stone","Runic Dome"],"picked":"Calling Bell"}],"items_purged_floors":[13,37],"is_endless":false,"potions_floor_spawned":[6,11,14,16,22,28,36,38,45],"killed_by":"Giant Head","ascension_level":9}