{"gold_per_floor":[109,184,38,58,69,99,99,110,135,153,153,172,183,193,193,295,295,282,302,352,367,386,386,403,403,457,457,557,575,500,517,517,617,667,686,245,256,256,273,273],"floor_reached":40,"playtime":4448,"items_purged":["Strike_R","Strike_R"],"score":471,"play_id":"b375f35c-f8a6-44f4-9a1b-6bd3b1c79089","local_time":"20190411202053","is_ascension_mode":false,"campfire_choices":[{"data":"Metallicize","floor":7,"key":"SMITH"},{"data":"Body Slam","floor":11,"key":"SMITH"},{"data":"Metallicize","floor":15,"key":"SMITH"},{"data":"Barricade","floor":23,"key":"SMITH"},{"data":"Metallicize","floor":25,"key":"SMITH"},{"data":"Seeing Red","floor":27,"key":"SMITH"},{"data":"Warcry","floor":32,"key":"SMITH"}],"neow_cost":"NONE","seed_source_timestamp":36906227785943,"circlet_count":0,"master_deck":["Strike_R","Strike_R","Strike_R","Defend_R","Defend_R","Defend_R+1","Defend_R","Bash","Metallicize+1","Metallicize+1","Body Slam+1","Metallicize+1","Warcry+1","Barricade+1","Seeing Red+1","Searing Blow","Demon Form","Metallicize","Madness","Madness"],"relics":["Burning Blood","NeowsBlessing","Vajra","Regal Pillow","Centennial Puzzle","Mark of Pain","Red Skull","StoneCalendar","Ornamental Fan","Tiny House","Bottled Tornado"],"potions_floor_usage":[6,6,16,28,33,33,33,35,40],"damage_taken":[{"damage":0,"enemies":"2 Louse","floor":1,"turns":1},{"damage":0,"enemies":"Cultist","floor":4,"turns":1},{"damage":0,"enemies":"Small Slimes","floor":5,"turns":2},{"damage":8,"enemies":"Gremlin Nob","floor":6,"turns":3},{"damage":15,"enemies":"3 Louse","floor":8,"turns":4},{"damage":13,"enemies":"Looter","floor":10,"turns":4},{"damage":0,"enemies":"Blue Slaver","floor":12,"turns":6},{"damage":3,"enemies":"Exordium Wildlife","floor":13,"turns":3},{"damage":19,"enemies":"Exordium Thugs","floor":14,"turns":7},{"damage":47,"enemies":"Slime Boss","floor":16,"turns":18},{"damage":18,"enemies":"2 Thieves","floor":18,"turns":4},{"damage":7,"enemies":"Spheric Guardian","floor":19,"turns":8},{"damage":15,"enemies":"Centurion and Healer","floor":21,"turns":7},{"damage":17,"enemies":"Snake Plant","floor":22,"turns":7},{"damage":8,"enemies":"Snecko","floor":24,"turns":8},{"damage":12,"enemies":"Colosseum Slavers","floor":28,"turns":6},{"damage":23,"enemies":"Colosseum Nobs","floor":28,"turns":8},{"damage":5,"enemies":"Centurion and Healer","floor":29,"turns":7},{"damage":1,"enemies":"Cultist and Chosen","floor":31,"turns":7},{"damage":30,"enemies":"Collector","floor":33,"turns":14},{"damage":12,"enemies":"Orb Walker","floor":35,"turns":5},{"damage":8,"enemies":"3 Darklings","floor":37,"turns":7},{"damage":13,"enemies":"Sphere and 2 Shapes","floor":39,"turns":8},{"damage":92,"enemies":"Transient","floor":40,"turns":5}],"seed_played":"-9039972720726596277","potions_obtained":[{"floor":1,"key":"Poison Potion"},{"floor":5,"key":"SteroidPotion"},{"floor":8,"key":"Dexterity Potion"},{"floor":12,"key":"LiquidBronze"},{"floor":16,"key":"SkillPotion"},{"floor":18,"key":"Regen Potion"},{"floor":31,"key":"Poison Potion"},{"floor":34,"key":"Fruit Juice"},{"floor":35,"key":"SpeedPotion"}],"is_trial":false,"path_per_floor":["M","?","$","M","M","E","R","M","T","M","R","M","M","M","R","B",null,"M","M","?","M","M","R","M","R","T","R","?","M","$","M","R","B",null,"M","$","M","?","M","M"],"character_chosen":"IRONCLAD","items_purchased":["Vajra","Metallicize","Bottled Tornado"],"campfire_rested":0,"item_purchase_floors":[3,36,36],"current_hp_per_floor":[80,69,69,75,80,78,78,69,69,62,62,68,71,58,58,17,80,68,67,67,58,47,47,45,45,45,45,37,38,38,43,43,19,85,84,84,82,71,64,0],"gold":273,"neow_bonus":"THREE_ENEMY_KILL","is_prod":false,"is_daily":false,"chose_seed":false,"campfire_upgraded":7,"win_rate":0.0,"timestamp":1555006853,"path_taken":["M","?","$","M","M","E","R","M","T","M","R","M","M","M","R","BOSS","M","M","?","?","?","R","M","R","T","R","?","M","$","M","R","BOSS","M","$","M","?","M","M"],"build_version":"2019-01-23","purchased_purges":2,"victory":false,"max_hp_per_floor":[80,80,80,80,80,80,80,80,80,80,80,80,80,80,80,80,80,80,80,80,80,80,80,80,80,80,80,80,80,80,80,80,80,85,90,90,90,90,90,90],"card_choices":[{"not_picked":["Shockwave","Combust"],"picked":"Metallicize","floor":1},{"not_picked":["Pummel","Combust","Flex"],"picked":"SKIP","floor":4},{"not_picked":["Wild Strike","Body Slam"],"picked":"Metallicize","floor":5},{"not_picked":["Cleave","Shrug It Off","Fire Breathing"],"picked":"SKIP","floor":6},{"not_picked":["Dual Wield","Clash"],"picked":"Body Slam","floor":8},{"not_picked":["Clash","Rage","Shockwave"],"picked":"SKIP","floor":10},{"not_picked":["Shrug It Off","Reckless Charge","Immolate"],"picked":"SKIP","floor":12},{"not_picked":["Armaments","Reckless Charge"],"picked":"Metallicize","floor":13},{"not_picked":["Anger","Shrug It Off"],"picked":"Warcry","floor":14},{"not_picked":["Double Tap","Juggernaut"],"picked":"Barricade","floor":16},{"not_picked":["Heavy Blade","Carnage+1","Wild Strike+1"],"picked":"SKIP","floor":18},{"not_picked":["Dropkick","Uppercut"],"picked":"Seeing Red","floor":19},{"not_picked":["Spot Weakness","Armaments","Thunderclap"],"picked":"SKIP","floor":21},{"not_picked":["Flex","Body Slam","Headbutt+1"],"picked":"SKIP","floor":22},{"not_picked":["Iron Wave+1","Thunderclap+1","Intimidate"],"picked":"SKIP","floor":24},{"not_picked":["Sword Boomerang","Power Through"],"picked":"Searing Blow","floor":29},{"not_picked":["Armaments+1","Second Wind+1","Rampage"],"picked":"SKIP","floor":31},{"not_picked":["Juggernaut","Feed"],"picked":"Demon Form","floor":33},{"not_picked":["Perfected Strike","Fire Breathing+1","Flex+1"],"picked":"SKIP","floor":35},{"not_picked":["Headbutt+1","Cleave+1","Disarm"],"picked":"SKIP","floor":37},{"not_picked":["Spot Weakness+1","Armaments","Cleave"],"picked":"SKIP","floor":39}],"player_experience":46937,"relics_obtained":[{"floor":6,"key":"Regal Pillow"},{"floor":9,"key":"Centennial Puzzle"},{"floor":26,"key":"Red Skull"},{"floor":28,"key":"StoneCalendar"},{"floor":28,"key":"Ornamental Fan"}],"event_choices":[{"damage_healed":0,"gold_gain":75,"player_choice":"Gather Gold","damage_taken":11,"max_hp_gain":0,"max_hp_loss":0,"event_name":"World of Goop","floor":2,"gold_loss":0},{"damage_healed":0,"gold_gain":100,"player_choice":"Bet on Murderer","damage_taken":0,"max_hp_gain":0,"max_hp_loss":0,"event_name":"The Joust","floor":20,"gold_loss":50},{"damage_healed":0,"gold_gain":0,"player_choice":"Fight","damage_taken":0,"max_hp_gain":0,"max_hp_loss":0,"event_name":"Colosseum","floor":28,"gold_loss":0},{"damage_healed":0,"gold_gain":0,"player_choice":"Fought Nobs","damage_taken":0,"max_hp_gain":0,"max_hp_loss":0,"event_name":"Colosseum","floor":28,"gold_loss":0},{"damage_healed":0,"gold_gain":0,"player_choice":"Embrace Madness","damage_taken":11,"max_hp_gain":0,"max_hp_loss":0,"event_name":"Winding Halls","floor":38,"gold_loss":0,"cards_obtained":["Madness","Madness"]}],"is_beta":false,"boss_relics":[{"not_picked":["Snecko Eye","Fusion Hammer"],"picked":"Mark of Pain"},{"not_picked":["Runic Dome","Cursed Key"],"picked":"Tiny House"}],"items_purged_floors":[30,36],"is_endless":false,"potions_floor_spawned":[1,5,8,12,16,18,28,31,35],"killed_by":"Transient","ascension_level":0}