{"gold_per_floor":[113,113,113,113,126,126,55,55,80,99,99,112,112,138,138,241,241,256,289,204,214,139,139,116,116,140,140,140,155,155,9,9,9],"floor_reached":33,"playtime":1708,"items_purged":["Pain"],"score":229,"play_id":"c5e9c454-e8a4-42e4-a625-7ae59a5dd29f","local_time":"20190309205203","is_ascension_mode":false,"campfire_choices":[{"data":"Well Laid Plans","floor":6,"key":"SMITH"},{"data":"Skewer","floor":8,"key":"SMITH"},{"data":"Outmaneuver","floor":15,"key":"SMITH"},{"floor":23,"key":"REST"},{"data":"Acrobatics","floor":25,"key":"SMITH"},{"data":"Doppelganger","floor":28,"key":"SMITH"},{"data":"Acrobatics","floor":30,"key":"SMITH"},{"floor":32,"key":"REST"}],"neow_cost":"NONE","seed_source_timestamp":51473439380234,"circlet_count":0,"master_deck":["Defend_G+1","Defend_G","Defend_G","Defend_G","Defend_G+1","Strike_G","Strike_G","Strike_G","Strike_G","Survivor","Neutralize","Prepared+1","Acrobatics+1","Underhanded Strike","Outmaneuver+1","Acrobatics+1","Well Laid Plans+1","Skewer+1","Dagger Throw","Doppelganger+1","PiercingWail","Distraction+1","Flying Knee","PiercingWail+1"],"relics":["Orrery","Orichalcum","Oddly Smooth Stone","Omamori","Strawberry","Calling Bell","PreservedInsect","Mummified Hand","Unceasing Top","Red Mask","WingedGreaves","Ancient Tea Set","War Paint"],"potions_floor_usage":[12,19,33,33,33],"damage_taken":[{"damage":0,"enemies":"Jaw Worm","floor":1,"turns":6},{"damage":1,"enemies":"Cultist","floor":5,"turns":4},{"damage":0,"enemies":"2 Louse","floor":10,"turns":2},{"damage":0,"enemies":"Gremlin Gang","floor":12,"turns":2},{"damage":25,"enemies":"Hexaghost","floor":16,"turns":10},{"damage":5,"enemies":"Shell Parasite","floor":18,"turns":4},{"damage":30,"enemies":"Masked Bandits","floor":19,"turns":5},{"damage":16,"enemies":"Chosen","floor":21,"turns":8},{"damage":0,"enemies":"Snake Plant","floor":29,"turns":3},{"damage":74,"enemies":"Collector","floor":33,"turns":6}],"seed_played":"-3744906256765799572","potions_obtained":[{"floor":5,"key":"Explosive Potion"},{"floor":10,"key":"Ancient Potion"},{"floor":16,"key":"PowerPotion"},{"floor":19,"key":"Block Potion"},{"floor":21,"key":"SteroidPotion"}],"is_trial":false,"path_per_floor":["M","?","$","T","M","R","$","R","T","M","?","M","?","T","R","B",null,"M","?","?","M","$","R","$","R","T","?","R","M","R","$","R","B"],"character_chosen":"THE_SILENT","items_purchased":["Skewer","Flying Knee","War Paint"],"campfire_rested":2,"item_purchase_floors":[7,24,31],"current_hp_per_floor":[70,70,70,70,69,69,69,69,69,69,69,69,57,64,64,39,77,72,42,42,26,26,49,49,49,49,49,49,49,49,49,72,0],"gold":9,"neow_bonus":"BOSS_RELIC","is_prod":false,"is_daily":false,"chose_seed":false,"campfire_upgraded":6,"win_rate":0,"timestamp":1552132323,"path_taken":["M","?","$","?","M","R","$","R","T","?","?","?","?","?","R","BOSS","M","?","?","M","$","R","$","R","T","?","R","?","R","$","R","BOSS"],"build_version":"2019-01-23","purchased_purges":1,"victory":false,"max_hp_per_floor":[70,70,70,70,70,70,70,70,70,70,70,70,70,77,77,77,77,77,77,77,77,77,77,77,77,77,77,77,77,77,77,77,77],"card_choices":[{"not_picked":["Outmaneuver","Setup"],"picked":"Prepared","floor":0},{"not_picked":["Choke","Dash"],"picked":"Acrobatics","floor":0},{"not_picked":["Dash","Poisoned Stab"],"picked":"Underhanded Strike","floor":0},{"not_picked":["Footwork","Dagger Spray"],"picked":"Outmaneuver","floor":0},{"not_picked":["Bane","Outmaneuver"],"picked":"Acrobatics","floor":1},{"not_picked":["Footwork","Endless Agony"],"picked":"Well Laid Plans","floor":5},{"not_picked":["Distraction","Flechettes"],"picked":"Dagger Throw","floor":10},{"not_picked":["Dodge and Roll","Quick Slash","Slice"],"picked":"SKIP","floor":12},{"not_picked":["Venomology","Die Die Die"],"picked":"Doppelganger","floor":16},{"not_picked":["Choke","Deflect+1","Bouncing Flask"],"picked":"SKIP","floor":18},{"not_picked":["Bane+1","Poisoned Stab"],"picked":"PiercingWail","floor":19},{"not_picked":["Cloak And Dagger","Dodge and Roll+1"],"picked":"Distraction+1","floor":21},{"not_picked":["Infinite Blades","Dash"],"picked":"PiercingWail+1","floor":29}],"player_experience":265116,"relics_obtained":[{"floor":4,"key":"Orichalcum"},{"floor":9,"key":"Oddly Smooth Stone"},{"floor":14,"key":"Strawberry"},{"floor":17,"key":"PreservedInsect"},{"floor":17,"key":"Mummified Hand"},{"floor":17,"key":"Unceasing Top"},{"floor":19,"key":"Red Mask"},{"floor":26,"key":"Ancient Tea Set"}],"event_choices":[{"damage_healed":0,"gold_gain":0,"player_choice":"Upgraded","damage_taken":0,"max_hp_gain":0,"max_hp_loss":0,"event_name":"Upgrade Shrine","floor":2,"gold_loss":0,"cards_upgraded":["Prepared"]},{"damage_healed":0,"gold_gain":0,"player_choice":"Bought 0 Potions","damage_taken":0,"max_hp_gain":0,"max_hp_loss":0,"event_name":"The Woman in Blue","floor":11,"gold_loss":0},{"damage_healed":0,"gold_gain":0,"player_choice":"Success","damage_taken":12,"relics_obtained":["Omamori"],"max_hp_gain":0,"max_hp_loss":0,"event_name":"Scrap Ooze","floor":13,"gold_loss":0},{"damage_healed":0,"gold_gain":0,"player_choice":"Fought Bandits","damage_taken":0,"max_hp_gain":0,"max_hp_loss":0,"event_name":"Masked Bandits","floor":19,"gold_loss":0},{"damage_healed":0,"gold_gain":0,"player_choice":"Obtained Relic","damage_taken":0,"relics_obtained":["WingedGreaves"],"max_hp_gain":0,"max_hp_loss":0,"event_name":"Addict","floor":20,"gold_loss":85},{"cards_removed":["Strike_G"],"damage_healed":0,"gold_gain":0,"player_choice":"Purged","damage_taken":0,"max_hp_gain":0,"max_hp_loss":0,"event_name":"Purifier","floor":27,"gold_loss":0}],"is_beta":false,"boss_relics":[{"not_picked":["Busted Crown","Astrolabe"],"picked":"Calling Bell"}],"items_purged_floors":[22],"is_endless":false,"potions_floor_spawned":[5,10,16,19,21],"killed_by":"Collector","ascension_level":0}