{"gold_per_floor":[112,130,205,205,155,189,189,219,245,256,288,299,299,75,75,170,170,185,185,185,203,103,103,132,42,69,82,112,42,42],"floor_reached":30,"playtime":1530,"items_purged":["Strike_G","Shame"],"score":494,"play_id":"dd5f3ec5-9b58-4bb2-8f80-81668a44fda4","local_time":"20190327175732","is_ascension_mode":true,"campfire_choices":[{"data":"Burst","floor":13.0,"key":"SMITH"},{"data":"Neutralize","floor":15.0,"key":"SMITH"},{"data":"Envenom","floor":23.0,"key":"SMITH"}],"neow_cost":"NONE","seed_source_timestamp":544450741745950,"circlet_count":0,"master_deck":["AscendersBane","Neutralize+1","Well Laid Plans+1","Crippling Poison+1","Quick Slash","Backflip","Deadly Poison","Poisoned Stab","Burst+1","Envenom+1","Outmaneuver","Slice","Dodge and Roll+1","Dash","Prepared","Venomology","Storm of Steel","Dagger Throw+1","Blur+1","Noxious Fumes"],"special_seed":0,"relics":["Ring of the Snake","NeowsBlessing","Happy Flower","War Paint","Ancient Tea Set","Centennial Puzzle","Snake Skull","Pandora\u0027s Box","Bag of Marbles","Pen Nib","Boot","Bronze Scales"],"potions_floor_usage":[30,30],"damage_taken":[{"damage":0.0,"enemies":"Small Slimes","floor":1.0,"turns":1.0},{"damage":0.0,"enemies":"2 Louse","floor":2.0,"turns":1.0},{"damage":0.0,"enemies":"3 Sentries","floor":6.0,"turns":1.0},{"damage":33.0,"enemies":"Lagavulin","floor":8.0,"turns":8.0},{"damage":0.0,"enemies":"Jaw Worm","floor":10.0,"turns":4.0},{"damage":2.0,"enemies":"3 Sentries","floor":11.0,"turns":10.0},{"damage":0.0,"enemies":"2 Fungi Beasts","floor":12.0,"turns":2.0},{"damage":8.0,"enemies":"Hexaghost","floor":16.0,"turns":5.0},{"damage":12.0,"enemies":"2 Thieves","floor":18.0,"turns":4.0},{"damage":8.0,"enemies":"Spheric Guardian","floor":21.0,"turns":3.0},{"damage":13.0,"enemies":"Gremlin Leader","floor":24.0,"turns":6.0},{"damage":4.0,"enemies":"Centurion and Healer","floor":27.0,"turns":5.0},{"damage":15.0,"enemies":"Slavers","floor":28.0,"turns":5.0},{"damage":8,"enemies":"Book of Stabbing","floor":30,"turns":3}],"seed_played":"7747993781721622211","potions_obtained":[{"floor":6.0,"key":"Regen Potion"},{"floor":8.0,"key":"Dexterity Potion"},{"floor":10.0,"key":"Block Potion"},{"floor":11.0,"key":"LiquidBronze"},{"floor":12.0,"key":"Fire Potion"},{"floor":24.0,"key":"EssenceOfSteel"},{"floor":28.0,"key":"Strength Potion"}],"is_trial":false,"path_per_floor":["M","M","?","?","?","E","?","E","T","M","E","M","R","$","R","B",null,"M","?","?","M","$","R","E","?","T","M","E","$","E"],"character_chosen":"THE_SILENT","items_purchased":["Snake Skull","Noxious Fumes"],"campfire_rested":0,"item_purchase_floors":[14,29],"current_hp_per_floor":[63,63,52,45,45,45,45,27,27,27,25,25,25,25,25,17,57,45,45,45,37,37,37,24,24,24,20,5,5,0],"gold":42,"neow_bonus":"THREE_ENEMY_KILL","is_prod":false,"is_daily":false,"chose_seed":false,"campfire_upgraded":3,"win_rate":0,"timestamp":1553677052,"path_taken":["M","M","?","?","?","E","?","E","T","?","E","M","R","$","R","BOSS","M","?","?","M","$","R","E","?","T","M","E","$","E"],"build_version":"2019-01-23","purchased_purges":2,"victory":false,"max_hp_per_floor":[70,70,70,70,70,70,70,70,70,70,70,70,70,70,70,70,70,70,70,70,70,70,70,70,70,70,70,70,70,70],"card_choices":[{"not_picked":["Backflip","Slice"],"picked":"Well Laid Plans","floor":1.0},{"not_picked":["Terror","Expertise"],"picked":"Crippling Poison","floor":2.0},{"not_picked":["Skewer","Heel Hook"],"picked":"Quick Slash","floor":6.0},{"not_picked":["Escape Plan","Cloak And Dagger"],"picked":"Backflip","floor":8.0},{"not_picked":["Well Laid Plans","Eviscerate"],"picked":"Deadly Poison","floor":10.0},{"not_picked":["Skewer","Slice"],"picked":"Poisoned Stab","floor":11.0},{"not_picked":["Concentrate","Dagger Spray"],"picked":"Burst","floor":12.0},{"not_picked":["Storm of Steel","Night Terror"],"picked":"Envenom","floor":16.0},{"not_picked":["Dagger Spray","Slice+1"],"picked":"Dagger Throw+1","floor":18.0},{"not_picked":["Bane","Eviscerate+1","Quick Slash"],"picked":"SKIP","floor":21.0},{"not_picked":["Bane","Sucker Punch+1","Slice"],"picked":"SKIP","floor":24.0},{"not_picked":["Bane","Dagger Throw+1","Sucker Punch"],"picked":"SKIP","floor":27.0},{"not_picked":["All Out Attack","Dagger Spray"],"picked":"Blur+1","floor":28.0}],"player_experience":609582,"relics_obtained":[{"floor":6.0,"key":"Happy Flower"},{"floor":8.0,"key":"War Paint"},{"floor":9.0,"key":"Ancient Tea Set"},{"floor":11.0,"key":"Centennial Puzzle"},{"floor":24.0,"key":"Pen Nib"},{"floor":26.0,"key":"Boot"},{"floor":28.0,"key":"Bronze Scales"}],"event_choices":[{"damage_healed":0.0,"max_hp_gain":0.0,"max_hp_loss":0.0,"gold_gain":75.0,"event_name":"World of Goop","player_choice":"Gather Gold","floor":3.0,"gold_loss":0.0,"damage_taken":11.0},{"cards_removed":["Strike_G"],"damage_healed":0.0,"max_hp_gain":0.0,"max_hp_loss":0.0,"gold_gain":0.0,"event_name":"Golden Wing","player_choice":"Card Removal","floor":4.0,"gold_loss":0.0,"damage_taken":7.0},{"cards_removed":["Defend_G"],"damage_healed":0.0,"max_hp_gain":0.0,"max_hp_loss":0.0,"gold_gain":0.0,"event_name":"The Cleric","player_choice":"Card Removal","floor":5.0,"gold_loss":50.0,"damage_taken":0.0},{"damage_healed":0.0,"max_hp_gain":0.0,"max_hp_loss":0.0,"gold_gain":0.0,"event_name":"Accursed Blacksmith","player_choice":"Forge","floor":7.0,"gold_loss":0.0,"damage_taken":0.0,"cards_upgraded":["Well Laid Plans"]},{"damage_healed":0.0,"max_hp_gain":0.0,"max_hp_loss":0.0,"gold_gain":0.0,"event_name":"Vampires","player_choice":"Ignored","floor":19.0,"gold_loss":0.0,"damage_taken":0.0},{"damage_healed":0.0,"max_hp_gain":0.0,"max_hp_loss":0.0,"gold_gain":0.0,"event_name":"Addict","player_choice":"Stole Relic","floor":20.0,"gold_loss":0.0,"damage_taken":0.0,"relics_obtained":["Bag of Marbles"],"cards_obtained":["Shame"]},{"cards_removed":["Survivor"],"damage_healed":0.0,"max_hp_gain":0.0,"max_hp_loss":0.0,"gold_gain":0.0,"event_name":"Designer","player_choice":"Upgrade and Remove","floor":25.0,"gold_loss":90.0,"damage_taken":0.0,"cards_upgraded":["Dodge and Roll"]}],"is_beta":false,"boss_relics":[{"not_picked":["Lizard Tail","Runic Dome"],"picked":"Pandora\u0027s Box"}],"items_purged_floors":[14,22],"is_endless":false,"potions_floor_spawned":[6,8,10,11,12,24,28],"killed_by":"Book of Stabbing","ascension_level":12}