{"gold_per_floor":[112,129,148,162,237,237,254,204,204,44,44,56,8,20,20,120,120,86,101,11,27,27,27,46,62,87,87],"floor_reached":27,"playtime":2020,"items_purged":[],"score":209,"play_id":"6da73bc0-6b5e-465d-a6d4-f8ab67104c73","local_time":"20190303183748","is_ascension_mode":false,"campfire_choices":[{"floor":6,"key":"REST"},{"data":"Capacitor","floor":11,"key":"SMITH"},{"data":"Redo","floor":15,"key":"SMITH"},{"floor":23,"key":"REST"}],"neow_cost":"TEN_PERCENT_HP_LOSS","seed_source_timestamp":80451674189,"circlet_count":0,"master_deck":["Strike_B","Strike_B","Defend_B","Defend_B","Defend_B","Defend_B","Zap+1","Dualcast","Conserve Battery","Capacitor+1","Tempest","Ball Lightning","Darkness","Sunder","Redo+1","Static Discharge","Double Energy","Coolheaded","Static Discharge","Electrodynamics","Compile Driver","Loop","Fusion","White Noise","Conserve Battery+1"],"relics":["FrozenCore","Gambling Chip","Gremlin Horn","Juzu Bracelet"],"potions_floor_usage":[16,16,25,25],"damage_taken":[{"damage":1,"enemies":"2 Louse","floor":1,"turns":3},{"damage":0,"enemies":"Jaw Worm","floor":2,"turns":5},{"damage":0,"enemies":"Cultist","floor":3,"turns":4},{"damage":9,"enemies":"Red Slaver","floor":4,"turns":5},{"damage":4,"enemies":"Exordium Thugs","floor":7,"turns":5},{"damage":1,"enemies":"Large Slime","floor":12,"turns":3},{"damage":5,"enemies":"Looter","floor":14,"turns":2},{"damage":21,"enemies":"Hexaghost","floor":16,"turns":7},{"damage":21,"enemies":"2 Thieves","floor":18,"turns":5},{"damage":7,"enemies":"Shell Parasite","floor":19,"turns":6},{"damage":16,"enemies":"Snake Plant","floor":21,"turns":4},{"damage":25,"enemies":"Centurion and Healer","floor":24,"turns":6},{"damage":13,"enemies":"Shelled Parasite and Fungi","floor":25,"turns":5},{"damage":15,"enemies":"Sentry and Sphere","floor":27,"turns":5}],"seed_played":"-5559183471831270109","potions_obtained":[{"floor":7,"key":"Regen Potion"},{"floor":12,"key":"Poison Potion"},{"floor":18,"key":"FocusPotion"},{"floor":19,"key":"SpeedPotion"}],"is_trial":false,"path_per_floor":["M","M","M","M","?","R","M","?","T","$","R","M","$","M","R","B",null,"M","M","?","M","$","R","M","M","T","M"],"character_chosen":"DEFECT","items_purchased":["Sunder","Redo","Static Discharge","Coolheaded"],"campfire_rested":2,"item_purchase_floors":[10,10,10,13],"current_hp_per_floor":[67,67,67,58,47,67,63,63,63,63,63,62,62,57,57,50,68,47,40,40,24,24,44,19,6,6,0],"gold":87,"neow_bonus":"ONE_RARE_RELIC","is_prod":false,"is_daily":false,"chose_seed":false,"campfire_upgraded":2,"win_rate":0.0,"timestamp":1551605868,"path_taken":["M","M","M","M","?","R","M","?","T","$","R","M","?","M","R","BOSS","M","M","?","M","?","R","M","?","T","M"],"build_version":"2019-01-23","purchased_purges":0,"victory":false,"max_hp_per_floor":[68,68,68,68,68,68,68,68,68,68,68,68,68,68,68,68,68,68,68,68,68,68,68,68,68,68,68],"card_choices":[{"not_picked":["Rebound","Aggregate"],"picked":"Conserve Battery","floor":1},{"not_picked":["Coolheaded","Ball Lightning"],"picked":"Capacitor","floor":2},{"not_picked":["Go for the Eyes","Auto Shields"],"picked":"Tempest","floor":3},{"not_picked":["Redo","Buffer"],"picked":"Ball Lightning","floor":4},{"not_picked":["Lockon","White Noise"],"picked":"Darkness","floor":7},{"not_picked":["Scrape","Leap"],"picked":"Double Energy","floor":12},{"not_picked":["Gash","Sweeping Beam"],"picked":"Static Discharge","floor":14},{"not_picked":["Creative AI","Thunder Strike"],"picked":"Electrodynamics","floor":16},{"not_picked":["Sunder","Sweeping Beam"],"picked":"Compile Driver","floor":18},{"not_picked":["Ball Lightning","Stack"],"picked":"Loop","floor":19},{"not_picked":["Doom and Gloom","Redo+1"],"picked":"Fusion","floor":21},{"not_picked":["Steam+1","Leap"],"picked":"White Noise","floor":24},{"not_picked":["Storm","FTL"],"picked":"Conserve Battery+1","floor":25}],"player_experience":25191,"relics_obtained":[{"floor":9,"key":"Gremlin Horn"},{"floor":26,"key":"Juzu Bracelet"}],"event_choices":[{"damage_healed":0,"gold_gain":75,"player_choice":"Gather Gold","damage_taken":11,"max_hp_gain":0,"max_hp_loss":0,"event_name":"World of Goop","floor":5,"gold_loss":0},{"cards_removed":["Strike_B"],"damage_healed":0,"gold_gain":0,"player_choice":"Card Removal","damage_taken":0,"max_hp_gain":0,"max_hp_loss":0,"event_name":"The Cleric","floor":8,"gold_loss":50},{"cards_removed":["Strike_B"],"damage_healed":0,"gold_gain":0,"player_choice":"Upgrade and Remove","damage_taken":0,"max_hp_gain":0,"max_hp_loss":0,"event_name":"Designer","floor":20,"gold_loss":90,"cards_upgraded":["Zap"]}],"is_beta":false,"boss_relics":[{"not_picked":["Coffee Dripper","Runic Dome"],"picked":"FrozenCore"}],"items_purged_floors":[],"is_endless":false,"potions_floor_spawned":[7,12,18,19],"killed_by":"Sentry and Sphere","ascension_level":0}