{"gold_per_floor":[118,118,128,128,128,156,27,27,27,52,52,66,99,119,119,195,195,212,137,137,237,18,45,45,45,71,71,84,23,23,41,41,118,118,138,138,138,138,148,148,162,162,189,189,221,56,68,84,84,84],"floor_reached":51,"playtime":2237,"items_purged":["Strike_B","Dualcast","Zap+1"],"score":1323,"play_id":"21d74e10-77d8-4d26-8261-98dc2874a6c3","local_time":"20190416014628","is_ascension_mode":true,"campfire_choices":[{"data":"Hologram","floor":11.0,"key":"SMITH"},{"floor":15.0,"key":"REST"},{"data":"Hologram","floor":24.0,"key":"SMITH"},{"data":"1","floor":27.0,"key":"LIFT"},{"floor":32.0,"key":"REST"},{"data":"Reboot","floor":40,"key":"SMITH"},{"data":"2","floor":42,"key":"LIFT"},{"data":"3","floor":44,"key":"LIFT"},{"data":"Steam","floor":49,"key":"SMITH"}],"neow_cost":"NONE","seed_source_timestamp":18206669223593,"circlet_count":0,"master_deck":["AscendersBane","Gash","Hologram+1","Flash of Steel","Gash","Leap+1","Seek","Beam Cell+1","Gash","Steam+1","Hologram+1","Go for the Eyes","Undo","Reboot+1","All For One"],"special_seed":0,"relics":["Cracked Core","NeowsBlessing","The Courier","PreservedInsect","Bag of Preparation","Girya","Pandora\u0027s Box","Gambling Chip","Pear","War Paint","Smiling Mask","Vajra","Mercury Hourglass","Busted Crown","Ancient Tea Set","Omamori","Happy Flower","Pen Nib"],"potions_floor_usage":[50,50],"damage_taken":[{"damage":0.0,"enemies":"Small Slimes","floor":1.0,"turns":1.0},{"damage":0.0,"enemies":"Cultist","floor":3.0,"turns":1.0},{"damage":0.0,"enemies":"Lagavulin","floor":6.0,"turns":1.0},{"damage":27.0,"enemies":"3 Sentries","floor":10.0,"turns":8.0},{"damage":0.0,"enemies":"2 Louse","floor":12.0,"turns":2.0},{"damage":4.0,"enemies":"Gremlin Nob","floor":13.0,"turns":3.0},{"damage":0.0,"enemies":"Blue Slaver","floor":14.0,"turns":3.0},{"damage":17.0,"enemies":"The Guardian","floor":16.0,"turns":9.0},{"damage":0.0,"enemies":"3 Byrds","floor":18.0,"turns":3.0},{"damage":16.0,"enemies":"Colosseum Slavers","floor":21.0,"turns":3.0},{"damage":10.0,"enemies":"Colosseum Nobs","floor":21.0,"turns":3.0},{"damage":30.0,"enemies":"Gremlin Leader","floor":23.0,"turns":4.0},{"damage":0.0,"enemies":"Shell Parasite","floor":28.0,"turns":2.0},{"damage":0.0,"enemies":"3 Cultists","floor":31.0,"turns":4.0},{"damage":33.0,"enemies":"Automaton","floor":33.0,"turns":7.0},{"damage":0.0,"enemies":"3 Darklings","floor":35.0,"turns":3.0},{"damage":0.0,"enemies":"Orb Walker","floor":39.0,"turns":2.0},{"damage":0,"enemies":"Jaw Worm Horde","floor":41,"turns":1},{"damage":0,"enemies":"Nemesis","floor":45,"turns":1},{"damage":0,"enemies":"Writhing Mass","floor":47,"turns":2},{"damage":0,"enemies":"Sphere and 2 Shapes","floor":48,"turns":1},{"damage":11,"enemies":"Time Eater","floor":50,"turns":3}],"seed_played":"-3340984447085169301","potions_obtained":[{"floor":2.0,"key":"SkillPotion"},{"floor":2.0,"key":"FairyPotion"},{"floor":12.0,"key":"SteroidPotion"},{"floor":23.0,"key":"Regen Potion"},{"floor":39,"key":"AttackPotion"},{"floor":41,"key":"Swift Potion"}],"is_trial":false,"path_per_floor":["M","?","M","?","?","E","$","$","T","E","R","M","E","M","R","B",null,"M","?","?","?","$","E","R","?","T","R","M","$","T","M","R","B",null,"M","?","?","?","M","R","M","R","T","R","E","$","M","M","R","B",null],"character_chosen":"DEFECT","items_purchased":["Flash of Steel","Gash","Steam","Hologram","Go for the Eyes","Reboot","Pen Nib"],"campfire_rested":2,"item_purchase_floors":[7,22,22,22,22,29,46],"current_hp_per_floor":[64,64,64,64,64,64,64,64,64,37,37,37,33,33,54,37,63,63,63,63,47,47,17,17,17,17,17,17,17,17,29,53,20,66,66,66,66,66,66,66,66,66,66,66,66,66,66,66,66,55],"gold":84,"neow_bonus":"THREE_ENEMY_KILL","is_prod":false,"is_daily":false,"chose_seed":false,"campfire_upgraded":4,"win_rate":0,"timestamp":1555346788,"path_taken":["M","?","?","?","?","E","?","$","T","E","R","M","E","?","R","BOSS","M","?","?","?","$","E","R","?","T","R","M","$","?","M","R","BOSS","M","?","?","?","M","R","M","R","T","R","E","$","?","M","R","BOSS"],"build_version":"2019-01-23","purchased_purges":3,"victory":true,"max_hp_per_floor":[71,71,71,71,71,71,71,71,71,71,71,71,71,71,71,71,71,71,71,71,81,81,81,81,81,81,81,81,81,81,81,81,81,81,81,81,81,81,81,81,81,81,81,81,81,81,81,81,81,81],"card_choices":[{"not_picked":["Hologram","Barrage"],"picked":"Gash","floor":1.0},{"not_picked":["Skim","Genetic Algorithm"],"picked":"Hologram","floor":3.0},{"not_picked":["Barrage","White Noise"],"picked":"BootSequence","floor":6.0},{"not_picked":["Sweeping Beam","Undo"],"picked":"Gash","floor":10.0},{"not_picked":["Loop","Turbo","Consume"],"picked":"SKIP","floor":12.0},{"not_picked":["Conserve Battery","Ball Lightning"],"picked":"Leap","floor":13.0},{"not_picked":["Leap","Rebound","Redo"],"picked":"SKIP","floor":14.0},{"not_picked":["Meteor Strike","Echo Form"],"picked":"Seek","floor":16.0},{"not_picked":["Conserve Battery","Aggregate"],"picked":"Beam Cell+1","floor":18.0},{"not_picked":["Capacitor","Cold Snap+1"],"picked":"Undo","floor":23.0},{"not_picked":["Rebound","Sweeping Beam","Beam Cell+1"],"picked":"SKIP","floor":28.0},{"not_picked":["Sunder","Steam Power","Fission"],"picked":"SKIP","floor":31.0},{"not_picked":["Buffer","Multi-Cast"],"picked":"All For One","floor":33.0},{"not_picked":["Static Discharge"],"picked":"SKIP","floor":35.0},{"not_picked":["Beam Cell+1"],"picked":"SKIP","floor":39},{"not_picked":["Streamline"],"picked":"SKIP","floor":41},{"not_picked":["Stack+1"],"picked":"SKIP","floor":45},{"not_picked":["Compile Driver"],"picked":"SKIP","floor":47},{"not_picked":["Sweeping Beam+1"],"picked":"SKIP","floor":48}],"player_experience":765665,"relics_obtained":[{"floor":6.0,"key":"The Courier"},{"floor":9.0,"key":"PreservedInsect"},{"floor":10.0,"key":"Bag of Preparation"},{"floor":13.0,"key":"Girya"},{"floor":21.0,"key":"Gambling Chip"},{"floor":21.0,"key":"Pear"},{"floor":23.0,"key":"War Paint"},{"floor":26.0,"key":"Vajra"},{"floor":30.0,"key":"Mercury Hourglass"},{"floor":43,"key":"Omamori"},{"floor":45,"key":"Happy Flower"}],"event_choices":[{"damage_healed":0.0,"max_hp_gain":0.0,"max_hp_loss":0.0,"gold_gain":0.0,"event_name":"Lab","player_choice":"Got Potions","floor":2.0,"gold_loss":0.0,"damage_taken":0.0},{"damage_healed":0.0,"max_hp_gain":0.0,"max_hp_loss":0.0,"gold_gain":0.0,"cards_transformed":["Strike_B"],"event_name":"Living Wall","player_choice":"Change","floor":4.0,"gold_loss":0.0,"damage_taken":0.0,"cards_obtained":["Steam Power"]},{"damage_healed":0.0,"max_hp_gain":0.0,"max_hp_loss":0.0,"gold_gain":0.0,"event_name":"Liars Game","player_choice":"Ignored","floor":5.0,"gold_loss":0.0,"damage_taken":0.0},{"cards_removed":["Steam Power"],"damage_healed":0.0,"max_hp_gain":0.0,"max_hp_loss":0.0,"gold_gain":0.0,"event_name":"Beggar","player_choice":"Gave Gold","floor":19.0,"gold_loss":75.0,"damage_taken":0.0},{"damage_healed":0.0,"max_hp_gain":0.0,"max_hp_loss":0.0,"gold_gain":0.0,"event_name":"Cursed Tome","player_choice":"Ignored","floor":20.0,"gold_loss":0.0,"damage_taken":0.0},{"damage_healed":0.0,"max_hp_gain":0.0,"max_hp_loss":0.0,"gold_gain":0.0,"event_name":"Colosseum","player_choice":"Fight","floor":21.0,"gold_loss":0.0,"damage_taken":0.0},{"damage_healed":0.0,"max_hp_gain":0.0,"max_hp_loss":0.0,"gold_gain":0.0,"event_name":"Colosseum","player_choice":"Fought Nobs","floor":21.0,"gold_loss":0.0,"damage_taken":0.0},{"damage_healed":0.0,"max_hp_gain":0.0,"max_hp_loss":0.0,"gold_gain":0.0,"event_name":"The Mausoleum","player_choice":"Opened","floor":25.0,"gold_loss":0.0,"damage_taken":0.0,"relics_obtained":["Smiling Mask"]},{"damage_healed":0.0,"max_hp_gain":0.0,"max_hp_loss":0.0,"gold_gain":0.0,"event_name":"Tomb of Lord Red Mask","player_choice":"Ignored","floor":36.0,"gold_loss":0.0,"damage_taken":0.0},{"cards_removed":["BootSequence"],"damage_healed":0.0,"max_hp_gain":0.0,"max_hp_loss":0.0,"gold_gain":0.0,"event_name":"Falling","player_choice":"Removed Skill","floor":37.0,"gold_loss":0.0,"damage_taken":0.0},{"damage_healed":0.0,"max_hp_gain":0.0,"max_hp_loss":0.0,"gold_gain":0.0,"event_name":"WeMeetAgain","player_choice":"Gave Potion","floor":38.0,"gold_loss":0.0,"damage_taken":0.0,"relics_obtained":["Ancient Tea Set"]}],"is_beta":false,"boss_relics":[{"not_picked":["White Beast Statue","Cursed Key"],"picked":"Pandora\u0027s Box"},{"not_picked":["Fusion Hammer","FrozenCore"],"picked":"Busted Crown"}],"items_purged_floors":[7,22,46],"is_endless":false,"potions_floor_spawned":[12,13,14,18,23,28,39,41],"ascension_level":14}