{"gold_per_floor":[119,44,44,44,44,44,67,107,107,107,107,130,130],"floor_reached":13,"playtime":313,"items_purged":[],"score":146,"play_id":"55959269-e19e-4553-bd6d-4c341ecc7952","local_time":"20190320164605","is_ascension_mode":true,"campfire_choices":[{"data":"Bash","floor":6,"key":"SMITH"},{"data":"Armaments","floor":11,"key":"SMITH"}],"neow_cost":"NONE","seed_source_timestamp":451910550385617,"circlet_count":0,"master_deck":["AscendersBane","Strike_R","Strike_R","Strike_R","Defend_R","Defend_R","Defend_R","Defend_R","Bash+1","Cleave","Armaments+1","Limit Break","Wild Strike"],"special_seed":0,"relics":["Burning Blood","Golden Idol","Frozen Egg 2","Pantograph","FaceOfCleric"],"potions_floor_usage":[13,13],"damage_taken":[{"damage":1,"enemies":"Cultist","floor":1,"turns":4},{"damage":3,"enemies":"2 Louse","floor":7,"turns":2},{"damage":53,"enemies":"Lagavulin","floor":8,"turns":10},{"damage":3,"enemies":"Small Slimes","floor":12,"turns":3},{"damage":15,"enemies":"Gremlin Nob","floor":13,"turns":3}],"seed_played":"1858390005927837240","potions_obtained":[{"floor":7,"key":"SpeedPotion"},{"floor":8,"key":"Energy Potion"}],"is_trial":false,"path_per_floor":["M","?","?","?","$","R","M","E","T","?","R","M","E"],"character_chosen":"IRONCLAD","items_purchased":[],"campfire_rested":0,"item_purchase_floors":[],"current_hp_per_floor":[80,80,80,52,52,52,55,8,8,8,8,12,0],"gold":130,"neow_bonus":"TEN_PERCENT_HP_BONUS","is_prod":false,"is_daily":false,"chose_seed":false,"campfire_upgraded":2,"win_rate":0,"timestamp":1553067965,"path_taken":["M","?","?","?","$","R","M","E","T","?","R","M","E"],"build_version":"2019-01-23","purchased_purges":0,"victory":false,"max_hp_per_floor":[82,82,82,82,82,82,82,82,82,82,82,83,83],"card_choices":[{"not_picked":["Heavy Blade","Clash"],"picked":"Cleave","floor":1},{"not_picked":["Twin Strike","Wild Strike"],"picked":"Armaments","floor":7},{"not_picked":["Clothesline","Body Slam"],"picked":"Limit Break","floor":8},{"not_picked":["Reckless Charge","Intimidate"],"picked":"Wild Strike","floor":12}],"player_experience":461463,"relics_obtained":[{"floor":8,"key":"Frozen Egg 2"},{"floor":9,"key":"Pantograph"}],"event_choices":[{"cards_removed":["Strike_R"],"damage_healed":0,"gold_gain":0,"player_choice":"Card Removal","damage_taken":0,"max_hp_gain":0,"max_hp_loss":0,"event_name":"The Cleric","floor":2,"gold_loss":75},{"cards_removed":["Strike_R"],"damage_healed":0,"gold_gain":0,"player_choice":"Forget","damage_taken":0,"max_hp_gain":0,"max_hp_loss":0,"event_name":"Living Wall","floor":3,"gold_loss":0},{"damage_healed":0,"gold_gain":0,"player_choice":"Take Damage","damage_taken":28,"relics_obtained":["Golden Idol"],"max_hp_gain":0,"max_hp_loss":0,"event_name":"Golden Idol","floor":4,"gold_loss":0},{"damage_healed":0,"gold_gain":0,"player_choice":"Trade","damage_taken":0,"relics_obtained":["FaceOfCleric"],"max_hp_gain":0,"max_hp_loss":0,"event_name":"FaceTrader","floor":10,"gold_loss":0}],"is_beta":false,"boss_relics":[],"items_purged_floors":[],"is_endless":false,"potions_floor_spawned":[7,8],"killed_by":"Gremlin Nob","ascension_level":16}