{"gold_per_floor":[115,128,60,72,72,86,86,106,156,168,209,221,34,51,51,51],"floor_reached":16,"playtime":1696,"items_purged":[],"score":102,"play_id":"0e1606be-826d-40a1-90e3-f63dbabc505a","local_time":"20190412183832","is_ascension_mode":false,"campfire_choices":[{"data":"Searing Blow","floor":7,"key":"SMITH"},{"data":"Searing Blow+1","floor":10,"key":"SMITH"},{"data":"Searing Blow+2","floor":12,"key":"SMITH"},{"data":"Searing Blow+3","floor":15,"key":"SMITH"}],"neow_cost":"NONE","seed_source_timestamp":34298402798765,"circlet_count":0,"master_deck":["Strike_R","Strike_R","Strike_R","Strike_R","Strike_R","Defend_R","Defend_R","Defend_R","Defend_R","Bash","Deep Breath","Metallicize","Dual Wield","Searing Blow+4","Corruption","Seeing Red","Shockwave","Sentinel","Havoc","Havoc"],"relics":["Burning Blood","MawBank","Matryoshka","Potion Belt"],"potions_floor_usage":[11,16,16],"damage_taken":[{"damage":3,"enemies":"Jaw Worm","floor":1,"turns":5},{"damage":2,"enemies":"Cultist","floor":2,"turns":4},{"damage":1,"enemies":"2 Louse","floor":4,"turns":4},{"damage":15,"enemies":"Blue Slaver","floor":6,"turns":6},{"damage":9,"enemies":"Looter","floor":8,"turns":3},{"damage":27,"enemies":"3 Sentries","floor":11,"turns":8},{"damage":17,"enemies":"Exordium Thugs","floor":14,"turns":5},{"damage":36,"enemies":"The Guardian","floor":16,"turns":8}],"seed_played":"-1434906190995551599","potions_obtained":[{"floor":2,"key":"Strength Potion"},{"floor":4,"key":"AttackPotion"},{"floor":14,"key":"AttackPotion"}],"is_trial":false,"path_per_floor":["M","M","$","M","?","M","R","M","T","R","E","R","$","M","R","B"],"character_chosen":"IRONCLAD","items_purchased":["Searing Blow","Havoc","Potion Belt"],"campfire_rested":0,"item_purchase_floors":[3,13,13],"current_hp_per_floor":[80,80,80,80,80,71,71,68,68,68,47,47,47,36,36,0],"gold":51,"neow_bonus":"RANDOM_COLORLESS","is_prod":false,"is_daily":false,"chose_seed":false,"campfire_upgraded":4,"win_rate":0.0,"timestamp":1555087112,"path_taken":["M","M","$","M","?","?","R","M","T","R","E","R","$","M","R","BOSS"],"build_version":"2019-01-23","purchased_purges":0,"victory":false,"max_hp_per_floor":[80,80,80,80,80,80,80,80,80,80,80,80,80,80,80,80],"card_choices":[{"not_picked":["Battle Trance","Armaments"],"picked":"Metallicize","floor":1},{"not_picked":["Burning Pact","Thunderclap"],"picked":"Dual Wield","floor":2},{"not_picked":["Havoc","Infernal Blade"],"picked":"Corruption","floor":4},{"not_picked":["Iron Wave","Dual Wield"],"picked":"Seeing Red","floor":6},{"not_picked":["Clash","Wild Strike"],"picked":"Shockwave","floor":8},{"not_picked":["Fiend Fire","Rage"],"picked":"Sentinel","floor":11},{"not_picked":["Flex","Heavy Blade"],"picked":"Havoc","floor":14}],"player_experience":103508,"relics_obtained":[{"floor":9,"key":"MawBank"},{"floor":11,"key":"Matryoshka"}],"event_choices":[{"damage_healed":0,"gold_gain":0,"player_choice":"Ignored","damage_taken":0,"max_hp_gain":0,"max_hp_loss":0,"event_name":"NoteForYourself","floor":5,"gold_loss":0}],"is_beta":false,"boss_relics":[],"items_purged_floors":[],"is_endless":false,"potions_floor_spawned":[2,4,14],"killed_by":"The Guardian","ascension_level":0}