{"gold_per_floor":[109,79,4,24,43,43,74,87,113,130,130,160,160,160,160,234,234,246,258,271,271],"floor_reached":21,"playtime":1398,"items_purged":["Strike_G"],"score":382,"play_id":"57f80a90-0fea-43d8-b9d6-621e65f4bfd2","local_time":"20190412235646","is_ascension_mode":true,"campfire_choices":[{"data":"Neutralize","floor":6.0,"key":"SMITH"},{"floor":11.0,"key":"REST"},{"data":"Catalyst","floor":13.0,"key":"SMITH"},{"data":"Bouncing Flask","floor":15.0,"key":"SMITH"}],"neow_cost":"NONE","seed_source_timestamp":2556731317500,"circlet_count":0,"master_deck":["AscendersBane","Defend_G","Defend_G","Defend_G","Defend_G","Defend_G","Strike_G","Survivor","Neutralize+1","Heel Hook","Dodge and Roll","Bouncing Flask+1","PiercingWail","Catalyst+1","Envenom","Bouncing Flask+1","Phantasmal Killer+1","Terror+1","Infinite Blades","Catalyst"],"special_seed":0,"relics":["Ring of the Snake","Bag of Marbles","Regal Pillow","Lantern","Pantograph","Astrolabe"],"potions_floor_usage":[20],"damage_taken":[{"damage":13.0,"enemies":"Jaw Worm","floor":1.0,"turns":7.0},{"damage":1.0,"enemies":"Cultist","floor":4.0,"turns":4.0},{"damage":1.0,"enemies":"Small Slimes","floor":5.0,"turns":5.0},{"damage":8.0,"enemies":"Lagavulin","floor":7.0,"turns":7.0},{"damage":2.0,"enemies":"3 Louse","floor":8.0,"turns":3.0},{"damage":10.0,"enemies":"Large Slime","floor":10.0,"turns":7.0},{"damage":43.0,"enemies":"3 Sentries","floor":12.0,"turns":16.0},{"damage":25.0,"enemies":"The Guardian","floor":16.0,"turns":10.0},{"damage":0.0,"enemies":"Chosen","floor":18.0,"turns":3.0},{"damage":14.0,"enemies":"Shell Parasite","floor":19.0,"turns":4.0},{"damage":26,"enemies":"Sentry and Sphere","floor":20,"turns":5},{"damage":23,"enemies":"Shelled Parasite and Fungi","floor":21,"turns":3}],"seed_played":"8761992646518084276","potions_obtained":[{"floor":2.0,"key":"SpeedPotion"},{"floor":2.0,"key":"SkillPotion"},{"floor":5.0,"key":"Fire Potion"},{"floor":8.0,"key":"FearPotion"},{"floor":10.0,"key":"Ancient Potion"},{"floor":18.0,"key":"Swift Potion"},{"floor":19.0,"key":"SteroidPotion"}],"is_trial":false,"path_per_floor":["M","?","$","M","M","R","E","M","T","M","R","E","R","T","R","B",null,"M","M","M","M"],"character_chosen":"THE_SILENT","items_purchased":[],"campfire_rested":1,"item_purchase_floors":[],"current_hp_per_floor":[52,52,52,51,50,50,42,40,40,30,66,23,23,23,23,23,60,60,46,20,0],"gold":271,"neow_bonus":"TEN_PERCENT_HP_BONUS","is_prod":false,"is_daily":false,"chose_seed":false,"campfire_upgraded":3,"win_rate":0,"timestamp":1555127806,"path_taken":["M","?","$","M","M","R","E","?","T","M","R","E","R","?","R","BOSS","M","M","M","M"],"build_version":"2019-01-23","purchased_purges":1,"victory":false,"max_hp_per_floor":[72,72,72,72,72,72,72,72,72,72,72,72,72,72,72,72,72,72,72,72,72],"card_choices":[{"not_picked":["Dagger Throw","Blur"],"picked":"Heel Hook","floor":1.0},{"not_picked":["Blade Dance","Heel Hook"],"picked":"Dodge and Roll","floor":4.0},{"not_picked":["PiercingWail","Cloak And Dagger"],"picked":"Bouncing Flask","floor":5.0},{"not_picked":["Riddle With Holes","Blade Dance","Backflip"],"picked":"SKIP","floor":7.0},{"not_picked":["Distraction","Deflect","Endless Agony"],"picked":"SKIP","floor":8.0},{"not_picked":["Flying Knee","Predator"],"picked":"PiercingWail","floor":10.0},{"not_picked":["Acrobatics","Malaise"],"picked":"Catalyst","floor":12.0},{"not_picked":["Glass Knife","Unload"],"picked":"Envenom","floor":16.0},{"not_picked":["Flying Knee","Dagger Throw","Outmaneuver"],"picked":"SKIP","floor":18.0},{"not_picked":["Backstab","Choke"],"picked":"Infinite Blades","floor":19.0},{"not_picked":["Expertise","Acrobatics"],"picked":"Catalyst","floor":20}],"player_experience":294600,"relics_obtained":[{"floor":7.0,"key":"Bag of Marbles"},{"floor":9.0,"key":"Regal Pillow"},{"floor":12.0,"key":"Lantern"},{"floor":14.0,"key":"Pantograph"}],"event_choices":[{"damage_healed":0.0,"max_hp_gain":0.0,"max_hp_loss":0.0,"gold_gain":0.0,"event_name":"The Woman in Blue","player_choice":"Bought 2 Potions","floor":2.0,"gold_loss":0.0,"damage_taken":0.0}],"is_beta":false,"boss_relics":[{"not_picked":["Ring of the Serpent","Philosopher\u0027s Stone"],"picked":"Astrolabe"}],"items_purged_floors":[3],"is_endless":false,"potions_floor_spawned":[5,8,10,18,19],"killed_by":"Shelled Parasite and Fungi","ascension_level":20}