{"gold_per_floor":[11,21,21,33,45,45,64,64,91,91,126,140,159,169,169,264,264,252,263,277,68,82,82,117,117,193,211,211,240,252,252,252,353,353,368,77,77,177,399,399,416,435,435,452,452,465,479,479,479,479],"floor_reached":51,"playtime":3248,"items_purged":[],"score":800,"play_id":"48ce7c75-0947-4981-85d3-05d56cd70226","local_time":"20190410211450","is_ascension_mode":false,"campfire_choices":[{"data":"Zap","floor":6.0,"key":"SMITH"},{"data":"Dualcast","floor":8.0,"key":"SMITH"},{"data":"Chill","floor":15.0,"key":"SMITH"},{"data":"Biased Cognition","floor":23.0,"key":"SMITH"},{"data":"Static Discharge","floor":25.0,"key":"SMITH"},{"data":"Static Discharge","floor":28.0,"key":"SMITH"},{"data":"Heatsinks","floor":32,"key":"SMITH"},{"data":"Amplify","floor":40,"key":"SMITH"},{"data":"Storm","floor":45,"key":"SMITH"},{"floor":49,"key":"REST"}],"neow_cost":"NO_GOLD","seed_source_timestamp":0,"circlet_count":0,"master_deck":["Defend_B","Defend_B","Defend_B","Defend_B","Zap+1","Dualcast+1","Biased Cognition+1","Heatsinks+1","Cold Snap","Coolheaded","FTL","Chill+1","Ball Lightning","Static Discharge+1","Electrodynamics","Conserve Battery","Chaos+1","Static Discharge+1","Redo+1","Turbo","Tempest","Static Discharge+1","Bite","Bite","Bite","Bite","Amplify+1","Turbo","All For One","Storm+1","Defragment","Static Discharge","Storm","Defragment+1","All For One","Rebound+1"],"special_seed":0,"relics":["Cracked Core","Anchor","Bag of Marbles","Nuclear Battery","Medical Kit","The Courier","Red Mask","Runic Dome","Incense Burner","Bottled Lightning"],"potions_floor_usage":[29,33,47,50,50,50],"damage_taken":[{"damage":6.0,"enemies":"Cultist","floor":1.0,"turns":3.0},{"damage":0.0,"enemies":"Small Slimes","floor":2.0,"turns":2.0},{"damage":0.0,"enemies":"2 Louse","floor":4.0,"turns":1.0},{"damage":2.0,"enemies":"Blue Slaver","floor":5.0,"turns":3.0},{"damage":1.0,"enemies":"Large Slime","floor":7.0,"turns":3.0},{"damage":0.0,"enemies":"Lagavulin","floor":11.0,"turns":6.0},{"damage":0.0,"enemies":"3 Louse","floor":12.0,"turns":3.0},{"damage":0.0,"enemies":"2 Fungi Beasts","floor":13.0,"turns":3.0},{"damage":1.0,"enemies":"Lots of Slimes","floor":14.0,"turns":2.0},{"damage":35.0,"enemies":"The Guardian","floor":16.0,"turns":7.0},{"damage":0.0,"enemies":"2 Thieves","floor":18.0,"turns":4.0},{"damage":0.0,"enemies":"Spheric Guardian","floor":19.0,"turns":4.0},{"damage":3.0,"enemies":"Snake Plant","floor":20.0,"turns":3.0},{"damage":0.0,"enemies":"Sentry and Sphere","floor":22.0,"turns":4.0},{"damage":0.0,"enemies":"Slavers","floor":24.0,"turns":4.0},{"damage":0.0,"enemies":"Chosen and Byrds","floor":27.0,"turns":4.0},{"damage":20,"enemies":"Masked Bandits","floor":29,"turns":3},{"damage":15,"enemies":"Snake Plant","floor":30,"turns":3},{"damage":19,"enemies":"Automaton","floor":33,"turns":6},{"damage":0,"enemies":"Orb Walker","floor":35,"turns":2},{"damage":6,"enemies":"Mind Bloom Boss Battle","floor":38,"turns":4},{"damage":0,"enemies":"3 Shapes","floor":41,"turns":4},{"damage":10,"enemies":"Maw","floor":42,"turns":5},{"damage":8,"enemies":"4 Shapes","floor":44,"turns":3},{"damage":0,"enemies":"Transient","floor":46,"turns":5},{"damage":20,"enemies":"Maw","floor":47,"turns":4},{"damage":30,"enemies":"Donu and Deca","floor":50,"turns":4}],"seed_played":"3673855407093569104","potions_obtained":[{"floor":1.0,"key":"Regen Potion"},{"floor":2.0,"key":"Poison Potion"},{"floor":7.0,"key":"Regen Potion"},{"floor":12.0,"key":"SteroidPotion"},{"floor":18.0,"key":"Energy Potion"},{"floor":20.0,"key":"Regen Potion"},{"floor":27.0,"key":"SteroidPotion"},{"floor":29,"key":"Strength Potion"},{"floor":41,"key":"Fire Potion"},{"floor":47,"key":"Swift Potion"}],"is_trial":false,"path_per_floor":["M","M","$","M","M","R","M","R","T","?","E","M","M","M","R","B",null,"M","M","M","$","M","R","E","R","T","M","R","?","M","?","R","B",null,"M","$","?","?","?","R","M","M","T","M","R","M","M","?","R","B",null],"character_chosen":"DEFECT","items_purchased":["Medical Kit","All For One","Storm","Defragment","Static Discharge","Storm"],"campfire_rested":1,"item_purchase_floors":[21,36,36,36,36,36],"current_hp_per_floor":[69,69,69,69,67,67,66,66,66,66,75,75,75,74,74,39,75,75,75,72,72,72,72,72,72,72,74,74,55,42,42,42,48,75,75,75,75,69,69,69,75,67,67,61,61,67,51,51,73,52],"gold":479,"neow_bonus":"THREE_RARE_CARDS","is_prod":false,"is_daily":false,"chose_seed":false,"campfire_upgraded":9,"win_rate":0.0,"timestamp":1554956090,"path_taken":["M","M","?","M","M","R","M","R","T","?","E","?","?","M","R","BOSS","M","M","M","$","M","R","E","R","T","M","R","?","M","?","R","BOSS","M","$","?","?","?","R","M","M","T","M","R","M","M","?","R","BOSS"],"build_version":"2019-01-23","purchased_purges":0,"victory":true,"max_hp_per_floor":[75,75,75,75,75,75,75,75,75,75,75,75,75,75,75,75,75,75,75,75,75,75,75,75,75,75,75,75,75,75,75,75,75,75,75,75,75,75,75,75,75,75,75,75,75,75,75,75,75,75],"card_choices":[{"not_picked":["Fission","All For One"],"picked":"Biased Cognition","floor":0.0},{"not_picked":["Sweeping Beam","Auto Shields"],"picked":"Heatsinks","floor":1.0},{"not_picked":["Ball Lightning","Darkness"],"picked":"Cold Snap","floor":2.0},{"not_picked":["Doom and Gloom","Gash","Leap"],"picked":"SKIP","floor":4.0},{"not_picked":["Leap","Rebound"],"picked":"Coolheaded","floor":5.0},{"not_picked":["Steam","Beam Cell","Undo"],"picked":"SKIP","floor":7.0},{"not_picked":["Compile Driver","Force Field"],"picked":"FTL","floor":11.0},{"not_picked":["Doom and Gloom","Redo"],"picked":"Chill","floor":12.0},{"not_picked":["Sweeping Beam","Compile Driver"],"picked":"Ball Lightning","floor":13.0},{"not_picked":["Chill","Biased Cognition"],"picked":"Static Discharge","floor":14.0},{"not_picked":["Thunder Strike","Fission"],"picked":"Electrodynamics","floor":16.0},{"not_picked":["Sweeping Beam+1","Steam Power"],"picked":"Conserve Battery","floor":18.0},{"not_picked":["Gash","Steam"],"picked":"Chaos+1","floor":19.0},{"not_picked":["Barrage","Conserve Battery"],"picked":"Static Discharge","floor":20.0},{"not_picked":["Genetic Algorithm","Rip and Tear","All For One"],"picked":"SKIP","floor":22.0},{"not_picked":["Genetic Algorithm","Rip and Tear","All For One"],"picked":"SKIP","floor":22.0},{"not_picked":["Darkness","Beam Cell+1"],"picked":"Redo+1","floor":24.0},{"not_picked":["Coolheaded","Cold Snap"],"picked":"Turbo","floor":27.0},{"not_picked":["Lockon","Turbo"],"picked":"Tempest","floor":29},{"not_picked":["Consume","Streamline"],"picked":"Static Discharge+1","floor":30},{"not_picked":["Reboot","Thunder Strike"],"picked":"Amplify","floor":33},{"not_picked":["Barrage+1","Redo+1"],"picked":"Turbo","floor":35},{"not_picked":["Chaos","Beam Cell"],"picked":"Defragment+1","floor":38},{"not_picked":["Ball Lightning","Conserve Battery","Compile Driver"],"picked":"SKIP","floor":41},{"not_picked":["Streamline","Go for the Eyes"],"picked":"All For One","floor":42},{"not_picked":["Beam Cell+1","Ball Lightning"],"picked":"Rebound+1","floor":44},{"not_picked":["Ball Lightning","Beam Cell","Rip and Tear+1"],"picked":"SKIP","floor":46},{"not_picked":["Steam","Compile Driver+1","Reprogram+1"],"picked":"SKIP","floor":47}],"player_experience":150457,"relics_obtained":[{"floor":9.0,"key":"Anchor"},{"floor":11.0,"key":"Bag of Marbles"},{"floor":24.0,"key":"Blood Vial"},{"floor":26.0,"key":"The Courier"},{"floor":29,"key":"Red Mask"},{"floor":38,"key":"Incense Burner"},{"floor":43,"key":"Bottled Lightning"}],"event_choices":[{"cards_removed":["Strike_B"],"damage_healed":0.0,"max_hp_gain":0.0,"max_hp_loss":0.0,"gold_gain":0.0,"event_name":"Purifier","player_choice":"Purged","floor":10.0,"gold_loss":0.0,"damage_taken":0.0},{"damage_healed":0,"gold_gain":0,"player_choice":"Fought Bandits","damage_taken":0,"max_hp_gain":0,"max_hp_loss":0,"event_name":"Masked Bandits","floor":29,"gold_loss":0},{"damage_healed":0,"gold_gain":0,"player_choice":"Became a vampire (Vial)","damage_taken":0,"max_hp_gain":0,"max_hp_loss":0,"event_name":"Vampires","floor":31,"relics_lost":["Blood Vial"],"gold_loss":0,"cards_obtained":["Bite","Bite","Bite","Bite","Bite"]},{"cards_removed":["Bite"],"damage_healed":0,"gold_gain":0,"player_choice":"Removed Attack","damage_taken":0,"max_hp_gain":0,"max_hp_loss":0,"event_name":"Falling","floor":37,"gold_loss":0},{"damage_healed":0,"gold_gain":0,"player_choice":"Fight","damage_taken":0,"max_hp_gain":0,"max_hp_loss":0,"event_name":"MindBloom","floor":38,"gold_loss":0},{"damage_healed":0,"gold_gain":222,"player_choice":"Wore Mask","damage_taken":0,"max_hp_gain":0,"max_hp_loss":0,"event_name":"Tomb of Lord Red Mask","floor":39,"gold_loss":0},{"damage_healed":0,"gold_gain":0,"player_choice":"Ignored","damage_taken":0,"max_hp_gain":0,"max_hp_loss":0,"event_name":"SecretPortal","floor":48,"gold_loss":0}],"is_beta":false,"boss_relics":[{"not_picked":["Empty Cage","Astrolabe"],"picked":"Nuclear Battery"},{"not_picked":["Black Star","Coffee Dripper"],"picked":"Runic Dome"}],"items_purged_floors":[],"is_endless":false,"potions_floor_spawned":[1,2,7,12,18,20,27,29,41,44,46,47],"ascension_level":0}