{"gold_per_floor":[115,115,126,126,53,53,67,67,67,87,87,47,57,57,57,177,177,193,231,52,65,65,65],"floor_reached":23,"playtime":1003,"items_purged":["Blood for Blood"],"score":251,"play_id":"5abd0af5-1819-45b7-85a5-cad0c8a9a7a7","local_time":"20190314184511","is_ascension_mode":true,"campfire_choices":[{"data":"Evolve","floor":6,"key":"SMITH"},{"data":"Corruption","floor":8,"key":"SMITH"},{"data":"Armaments","floor":15,"key":"SMITH"}],"neow_cost":"TEN_PERCENT_HP_LOSS","seed_source_timestamp":2499867450994613,"circlet_count":0,"master_deck":["Bash+1","Demon Form","Havoc","Corruption+1","Sentinel","Evolve+1","Warcry","Sword Boomerang","Twin Strike","Pummel","Armaments+1","Immolate","Clash","Feed","Clash","Headbutt","Havoc","Wild Strike","Shrug It Off"],"relics":["Burning Blood","Pear","Golden Idol","Pandora\u0027s Box","Red Mask"],"potions_floor_usage":[10,13,16,16,23],"damage_taken":[{"damage":10,"enemies":"Cultist","floor":1,"turns":5},{"damage":10,"enemies":"Small Slimes","floor":3,"turns":5},{"damage":0,"enemies":"Jaw Worm","floor":7,"turns":3},{"damage":13,"enemies":"Lots of Slimes","floor":10,"turns":4},{"damage":3,"enemies":"Blue Slaver","floor":13,"turns":4},{"damage":33,"enemies":"Hexaghost","floor":16,"turns":6},{"damage":7,"enemies":"Chosen","floor":18,"turns":3},{"damage":59,"enemies":"Masked Bandits","floor":19,"turns":4},{"damage":0,"enemies":"3 Byrds","floor":21,"turns":3},{"damage":38,"enemies":"Book of Stabbing","floor":23,"turns":3}],"seed_played":"-5435974766882041112","potions_obtained":[{"floor":1,"key":"Block Potion"},{"floor":3,"key":"Block Potion"},{"floor":7,"key":"Strength Potion"},{"floor":13,"key":"Regen Potion"},{"floor":21,"key":"Dexterity Potion"}],"is_trial":false,"path_per_floor":["M","?","M","?","$","R","M","R","T","M","?","$","M","?","R","B",null,"M","?","$","M","?","E"],"character_chosen":"IRONCLAD","items_purchased":["Evolve","Pummel","Shrug It Off","True Grit"],"campfire_rested":0,"item_purchase_floors":[5,12,20,20],"current_hp_per_floor":[68,61,57,43,43,43,49,49,59,52,52,52,55,55,55,40,67,66,13,13,19,19,0],"gold":65,"neow_bonus":"TRANSFORM_TWO_CARDS","is_prod":false,"is_daily":false,"chose_seed":false,"campfire_upgraded":3,"win_rate":0,"timestamp":1552556711,"path_taken":["M","?","M","?","?","R","M","R","T","?","?","$","?","?","R","BOSS","M","?","?","M","?","E"],"build_version":"2019-01-23","purchased_purges":1,"victory":false,"max_hp_per_floor":[72,72,72,72,72,72,72,72,82,82,82,82,82,76,76,76,76,76,76,76,76,76,76],"card_choices":[{"not_picked":["Headbutt","Cleave"],"picked":"Corruption","floor":1},{"not_picked":["True Grit","Clothesline"],"picked":"Sentinel","floor":3},{"not_picked":["Burning Pact","Pommel Strike"],"picked":"Warcry","floor":7},{"not_picked":["Anger","Uppercut"],"picked":"Sword Boomerang","floor":10},{"not_picked":["Sword Boomerang","Heavy Blade"],"picked":"Armaments","floor":13},{"not_picked":["Juggernaut","Impervious"],"picked":"Immolate","floor":16},{"not_picked":["Cleave","Body Slam"],"picked":"Havoc","floor":18},{"not_picked":["Uppercut","Blood for Blood"],"picked":"Wild Strike","floor":19},{"not_picked":["True Grit","Anger+1","Corruption"],"picked":"SKIP","floor":21}],"player_experience":367692,"relics_obtained":[{"floor":9,"key":"Pear"},{"floor":19,"key":"Red Mask"}],"event_choices":[{"cards_removed":["Defend_R"],"damage_healed":0,"gold_gain":0,"player_choice":"Card Removal","damage_taken":7,"max_hp_gain":0,"max_hp_loss":0,"event_name":"Golden Wing","floor":2,"gold_loss":0},{"damage_healed":0,"gold_gain":0,"player_choice":"Entered Light","damage_taken":14,"max_hp_gain":0,"max_hp_loss":0,"event_name":"Shining Light","floor":4,"gold_loss":0,"cards_upgraded":["Defend_R","Bash"]},{"damage_healed":0,"gold_gain":0,"cards_transformed":["Strike_R"],"player_choice":"Transformed","damage_taken":0,"max_hp_gain":0,"max_hp_loss":0,"event_name":"Transmorgrifier","floor":11,"gold_loss":0,"cards_obtained":["Twin Strike"]},{"damage_healed":0,"gold_gain":0,"player_choice":"Lose Max HP","damage_taken":0,"relics_obtained":["Golden Idol"],"max_hp_gain":0,"max_hp_loss":6,"event_name":"Golden Idol","floor":14,"gold_loss":0},{"damage_healed":0,"gold_gain":0,"player_choice":"Fought Bandits","damage_taken":0,"max_hp_gain":0,"max_hp_loss":0,"event_name":"Masked Bandits","floor":19,"gold_loss":0},{"cards_removed":["True Grit"],"damage_healed":0,"gold_gain":0,"player_choice":"Elegance","damage_taken":0,"max_hp_gain":0,"max_hp_loss":0,"event_name":"Back to Basics","floor":22,"gold_loss":0}],"is_beta":false,"boss_relics":[{"not_picked":["Cursed Key","Coffee Dripper"],"picked":"Pandora\u0027s Box"}],"items_purged_floors":[20],"is_endless":false,"potions_floor_spawned":[1,3,7,13,21],"killed_by":"Book of Stabbing","ascension_level":8}