{"gold_per_floor":[111,36,36,111,261,261,261,261,313,313,27,27,44,57,57,128,128,141,141,141,141,141,141,161,61,115,172,122,139,149,149,149,226,226,244,244,119,137,149,149,182,182,261,316,79,96,148,165,165,165],"floor_reached":51,"playtime":2393,"items_purged":["Strike_G","Defend_G","Riddle With Holes","Defend_G+1"],"score":1643,"play_id":"df366cc9-ee08-4f1a-be6a-a250e6269989","local_time":"20190411190253","is_ascension_mode":true,"campfire_choices":[{"data":"Escape Plan","floor":6.0,"key":"SMITH"},{"data":"Noxious Fumes","floor":15.0,"key":"SMITH"},{"data":"Defend_G","floor":23.0,"key":"PURGE"},{"data":"Survivor","floor":32.0,"key":"PURGE"},{"data":"Noxious Fumes+1","floor":40.0,"key":"PURGE"},{"data":"Tactician","floor":49,"key":"SMITH"}],"neow_cost":"NONE","seed_source_timestamp":30755758118360,"circlet_count":0,"master_deck":["AscendersBane","Defend_G+1","Neutralize","Escape Plan+1","Leg Sweep","Grand Finale","Acrobatics+1","Acrobatics","Escape Plan","Blur","Tactician+1","Blur","Adrenaline","Well Laid Plans"],"special_seed":0,"relics":["Empty Cage","Dodecahedron","War Paint","Pantograph","Anchor","Calling Bell","Happy Flower","Pear","Peace Pipe","Omamori","Tiny Chest","Lizard Tail","Sundial","Strawberry","Bottled Lightning","Art of War","PreservedInsect"],"potions_floor_usage":[50],"damage_taken":[{"damage":3.0,"enemies":"2 Louse","floor":1.0,"turns":4.0},{"damage":0.0,"enemies":"Jaw Worm","floor":13.0,"turns":6.0},{"damage":0.0,"enemies":"Small Slimes","floor":14.0,"turns":5.0},{"damage":46.0,"enemies":"Hexaghost","floor":16.0,"turns":14.0},{"damage":2.0,"enemies":"Spheric Guardian","floor":18.0,"turns":7.0},{"damage":18.0,"enemies":"Colosseum Slavers","floor":21.0,"turns":3.0},{"damage":2.0,"enemies":"Shell Parasite","floor":24.0,"turns":7.0},{"damage":0.0,"enemies":"Slavers","floor":27.0,"turns":3.0},{"damage":2.0,"enemies":"Centurion and Healer","floor":29.0,"turns":3.0},{"damage":0.0,"enemies":"Snake Plant","floor":30.0,"turns":3.0},{"damage":0.0,"enemies":"Collector","floor":33.0,"turns":8.0},{"damage":0.0,"enemies":"3 Shapes","floor":35.0,"turns":3.0},{"damage":0.0,"enemies":"Orb Walker","floor":38.0,"turns":3.0},{"damage":0.0,"enemies":"Writhing Mass","floor":39.0,"turns":2.0},{"damage":0.0,"enemies":"Reptomancer","floor":41.0,"turns":4.0},{"damage":0,"enemies":"Spire Growth","floor":46,"turns":2},{"damage":0,"enemies":"3 Darklings","floor":48,"turns":2},{"damage":0,"enemies":"Awakened One","floor":50,"turns":3}],"seed_played":"1275502287382665551","potions_obtained":[{"floor":1.0,"key":"Ancient Potion"},{"floor":14.0,"key":"Strength Potion"},{"floor":27.0,"key":"Poison Potion"},{"floor":35.0,"key":"GhostInAJar"}],"is_trial":false,"path_per_floor":["M","?","$","?","?","R","?","?","T","T","$","$","M","M","R","B",null,"M","?","?","?","?","R","M","$","T","E","$","M","M","?","R","B",null,"M","T","$","M","M","R","E","?","T","T","$","M","T","M","R","B",null],"character_chosen":"THE_SILENT","items_purchased":["Noxious Fumes","Anchor","Backflip","Well Laid Plans"],"campfire_rested":0,"item_purchase_floors":[11,11,28,45],"current_hp_per_floor":[56,56,56,45,45,45,38,33,33,33,33,33,33,33,33,12,63,61,61,61,43,43,43,41,41,41,41,41,39,39,39,39,64,73,73,73,73,73,73,73,80,80,80,80,80,80,80,80,80,83],"gold":165,"neow_bonus":"BOSS_RELIC","is_prod":false,"is_daily":false,"chose_seed":false,"campfire_upgraded":3,"win_rate":0,"timestamp":1554976973,"path_taken":["M","?","$","?","?","R","?","?","T","?","?","$","M","M","R","BOSS","M","?","?","?","?","R","M","$","T","E","$","?","M","?","R","BOSS","M","?","$","?","?","R","E","?","T","?","$","?","?","M","R","BOSS"],"build_version":"2019-01-23","purchased_purges":4,"victory":true,"max_hp_per_floor":[66,66,66,66,66,66,66,66,66,66,66,66,66,66,66,66,76,76,76,76,76,76,76,76,76,76,76,76,76,76,76,76,76,76,76,76,76,76,76,76,83,83,83,83,83,83,83,83,83,83],"card_choices":[{"not_picked":["Catalyst","Quick Slash"],"picked":"Escape Plan","floor":1.0},{"not_picked":["Dodge and Roll","Cloak And Dagger"],"picked":"Leg Sweep","floor":13.0},{"not_picked":["Outmaneuver","Underhanded Strike","Cloak And Dagger"],"picked":"SKIP","floor":14.0},{"not_picked":["After Image","A Thousand Cuts"],"picked":"Grand Finale","floor":16.0},{"not_picked":["Outmaneuver","Dagger Throw"],"picked":"Acrobatics","floor":18.0},{"not_picked":["Dagger Spray","Blade Dance"],"picked":"Escape Plan","floor":24.0},{"not_picked":["Dagger Spray","Slice","Grand Finale"],"picked":"SKIP","floor":27.0},{"not_picked":["Eviscerate","Sucker Punch"],"picked":"Blur","floor":29.0},{"not_picked":["Bane+1","Deflect"],"picked":"Tactician","floor":30.0},{"not_picked":["Corpse Explosion","A Thousand Cuts"],"picked":"Adrenaline","floor":33.0},{"not_picked":["Noxious Fumes","Cloak And Dagger","Acrobatics+1"],"picked":"SKIP","floor":35.0},{"not_picked":["Reflex+1","Flechettes+1","Bane"],"picked":"SKIP","floor":38.0},{"not_picked":["Masterful Stab","Sucker Punch","Wraith Form v2"],"picked":"SKIP","floor":39.0},{"not_picked":["PiercingWail+1","Tactician","Flying Knee"],"picked":"SKIP","floor":41},{"not_picked":["Slice","Poisoned Stab","Blade Dance"],"picked":"SKIP","floor":46},{"not_picked":["Bane","PiercingWail","Masterful Stab"],"picked":"SKIP","floor":48}],"player_experience":730155,"relics_obtained":[{"floor":9.0,"key":"War Paint"},{"floor":10.0,"key":"Pantograph"},{"floor":17.0,"key":"Happy Flower"},{"floor":17.0,"key":"Pear"},{"floor":17.0,"key":"Peace Pipe"},{"floor":26.0,"key":"Omamori"},{"floor":27.0,"key":"Tiny Chest"},{"floor":36.0,"key":"Sundial"},{"floor":41,"key":"Strawberry"},{"floor":43,"key":"Bottled Lightning"},{"floor":44,"key":"Art of War"},{"floor":47,"key":"PreservedInsect"}],"event_choices":[{"cards_removed":["Strike_G"],"damage_healed":0.0,"max_hp_gain":0.0,"max_hp_loss":0.0,"gold_gain":0.0,"event_name":"The Cleric","player_choice":"Card Removal","floor":2.0,"gold_loss":75.0,"damage_taken":0.0},{"damage_healed":0.0,"max_hp_gain":0.0,"max_hp_loss":0.0,"gold_gain":75.0,"event_name":"World of Goop","player_choice":"Gather Gold","floor":4.0,"gold_loss":0.0,"damage_taken":11.0},{"damage_healed":0.0,"max_hp_gain":0.0,"max_hp_loss":0.0,"gold_gain":150.0,"event_name":"Liars Game","player_choice":"AGREE","floor":5.0,"gold_loss":0.0,"damage_taken":0.0,"cards_obtained":["Doubt"]},{"cards_removed":["Doubt"],"damage_healed":0.0,"max_hp_gain":0.0,"max_hp_loss":0.0,"gold_gain":0.0,"event_name":"Golden Wing","player_choice":"Card Removal","floor":7.0,"gold_loss":0.0,"damage_taken":7.0},{"damage_healed":0.0,"max_hp_gain":0.0,"max_hp_loss":0.0,"gold_gain":0.0,"event_name":"Scrap Ooze","player_choice":"Success","floor":8.0,"gold_loss":0.0,"damage_taken":5.0,"relics_obtained":["Dodecahedron"]},{"damage_healed":0.0,"max_hp_gain":0.0,"max_hp_loss":0.0,"gold_gain":0.0,"event_name":"Vampires","player_choice":"Ignored","floor":19.0,"gold_loss":0.0,"damage_taken":0.0},{"damage_healed":0.0,"max_hp_gain":0.0,"max_hp_loss":0.0,"gold_gain":0.0,"cards_transformed":["Strike_G","Strike_G"],"event_name":"Drug Dealer","player_choice":"Became Test Subject","floor":20.0,"gold_loss":0.0,"damage_taken":0.0,"cards_obtained":["Acrobatics","Riddle With Holes"]},{"damage_healed":0.0,"max_hp_gain":0.0,"max_hp_loss":0.0,"gold_gain":0.0,"event_name":"Colosseum","player_choice":"Fight","floor":21.0,"gold_loss":0.0,"damage_taken":0.0},{"damage_healed":0.0,"max_hp_gain":0.0,"max_hp_loss":0.0,"gold_gain":0.0,"event_name":"Colosseum","player_choice":"Fled From Nobs","floor":21.0,"gold_loss":0.0,"damage_taken":0.0},{"damage_healed":0.0,"max_hp_gain":0.0,"max_hp_loss":0.0,"gold_gain":0.0,"event_name":"Accursed Blacksmith","player_choice":"Forge","floor":22.0,"gold_loss":0.0,"damage_taken":0.0,"cards_upgraded":["Acrobatics"]},{"damage_healed":0.0,"max_hp_gain":0.0,"max_hp_loss":0.0,"gold_gain":0.0,"event_name":"Duplicator","player_choice":"Copied","floor":31.0,"gold_loss":0.0,"damage_taken":0.0,"cards_obtained":["Blur"]},{"cards_removed":["Backflip"],"damage_healed":0,"gold_gain":0,"player_choice":"Removed Skill","damage_taken":0,"max_hp_gain":0,"max_hp_loss":0,"event_name":"Falling","floor":42,"gold_loss":0}],"is_beta":false,"boss_relics":[{"not_picked":["White Beast Statue","Runic Dome"],"picked":"Calling Bell"},{"not_picked":["Sozu","Cursed Key"],"picked":"Lizard Tail"}],"items_purged_floors":[11,25,37,45],"is_endless":false,"potions_floor_spawned":[1,14,21,27,30,35,38,48],"ascension_level":19}