{"gold_per_floor":[116,135,95,107,123,123,136,156,156,156,42,54,54,64,64,64],"floor_reached":16,"playtime":602,"items_purged":[],"score":96,"play_id":"5ec2d1b9-6483-4a04-ab94-df3f6b0f234e","local_time":"20190411004921","is_ascension_mode":false,"campfire_choices":[{"data":"Bash","floor":6,"key":"SMITH"},{"data":"Berserk","floor":10,"key":"SMITH"},{"data":"Rupture","floor":13,"key":"SMITH"},{"floor":15,"key":"REST"}],"neow_cost":"NONE","seed_source_timestamp":17756091785900,"circlet_count":0,"master_deck":["Strike_R","Strike_R","Strike_R","Strike_R","Defend_R","Defend_R","Defend_R","Defend_R","Bash+1","Heavy Blade","Headbutt","Berserk+1","Shrug It Off","Headbutt","Bloodletting","Rupture+1","Hemokinesis","Flex"],"relics":["Burning Blood","Shuriken"],"potions_floor_usage":[8,14,16,16],"damage_taken":[{"damage":7,"enemies":"2 Louse","floor":1,"turns":3},{"damage":6,"enemies":"Cultist","floor":2,"turns":3},{"damage":11,"enemies":"Jaw Worm","floor":4,"turns":3},{"damage":17,"enemies":"2 Fungi Beasts","floor":5,"turns":3},{"damage":23,"enemies":"Exordium Thugs","floor":7,"turns":6},{"damage":19,"enemies":"Exordium Wildlife","floor":8,"turns":5},{"damage":16,"enemies":"Blue Slaver","floor":12,"turns":3},{"damage":16,"enemies":"2 Fungi Beasts","floor":14,"turns":3},{"damage":38,"enemies":"The Guardian","floor":16,"turns":4}],"seed_played":"-6987339447086691591","potions_obtained":[{"floor":2,"key":"Poison Potion"},{"floor":3,"key":"Block Potion"},{"floor":3,"key":"SneckoOil"},{"floor":3,"key":"LiquidBronze"},{"floor":8,"key":"Poison Potion"}],"is_trial":false,"path_per_floor":["M","M","?","M","M","R","M","M","T","R","$","M","R","M","R","B"],"character_chosen":"IRONCLAD","items_purchased":["Bloodletting","Rupture"],"campfire_rested":1,"item_purchase_floors":[11,11],"current_hp_per_floor":[79,79,79,74,63,63,46,33,33,33,33,23,23,13,37,0],"gold":64,"neow_bonus":"REMOVE_CARD","is_prod":false,"is_daily":false,"chose_seed":false,"campfire_upgraded":3,"win_rate":0,"timestamp":1554968961,"path_taken":["M","M","?","M","?","R","M","M","T","R","$","M","R","?","R","BOSS"],"build_version":"2019-01-23","purchased_purges":0,"victory":false,"max_hp_per_floor":[80,80,80,80,80,80,80,80,80,80,80,80,80,80,80,80],"card_choices":[{"not_picked":["Clash","Perfected Strike"],"picked":"Heavy Blade","floor":1},{"not_picked":["Burning Pact","Pommel Strike"],"picked":"Headbutt","floor":2},{"not_picked":["Uppercut","Havoc"],"picked":"Berserk","floor":4},{"not_picked":["Thunderclap","Sword Boomerang"],"picked":"Shrug It Off","floor":5},{"not_picked":["Warcry","Body Slam"],"picked":"Headbutt","floor":7},{"not_picked":["Twin Strike","Headbutt","Reckless Charge"],"picked":"SKIP","floor":8},{"not_picked":["Sever Soul","Cleave"],"picked":"Hemokinesis","floor":12},{"not_picked":["Rage","Shrug It Off"],"picked":"Flex","floor":14}],"player_experience":157418,"relics_obtained":[{"floor":9,"key":"Shuriken"}],"event_choices":[{"damage_healed":0,"gold_gain":0,"player_choice":"Bought 3 Potions","damage_taken":0,"max_hp_gain":0,"max_hp_loss":0,"event_name":"The Woman in Blue","floor":3,"gold_loss":0}],"is_beta":false,"boss_relics":[],"items_purged_floors":[],"is_endless":false,"potions_floor_spawned":[2,7,8],"killed_by":"The Guardian","ascension_level":0}