{"gold_per_floor":[109,120,131,131,151,151,164,195,222,222,248,248,9,27,27,127,127,144,76,62,62,77,77,93,93,93,107,107],"floor_reached":28,"playtime":2155,"items_purged":[],"score":360,"play_id":"6597a53e-e739-4b2a-b1ab-77f3c37b4471","local_time":"20190414234855","is_ascension_mode":true,"campfire_choices":[{"floor":6.0,"key":"REST"},{"floor":10.0,"key":"REST"},{"data":"Shrug It Off","floor":12.0,"key":"SMITH"},{"data":"True Grit","floor":15.0,"key":"SMITH"},{"floor":23.0,"key":"REST"},{"floor":25.0,"key":"REST"}],"neow_cost":"NONE","seed_source_timestamp":366398680996100,"circlet_count":0,"master_deck":["AscendersBane","Bash+1","Infernal Blade","Sword Boomerang","Iron Wave+1","Power Through","Disarm","Sever Soul+1","Flex","Shrug It Off+1","True Grit+1","Cleave","Bludgeon","Combust","Sentinel","Dark Embrace","Disarm","Rampage","Clothesline","Dark Embrace","Heavy Blade","Metallicize","Inflame","Twin Strike+1","Demon Form","Warcry","Flame Barrier","Flame Barrier"],"special_seed":0,"relics":["Burning Blood","Centennial Puzzle","Whetstone","Lantern","TheAbacus","Pandora\u0027s Box","Shovel"],"potions_floor_usage":[28],"damage_taken":[{"damage":7.0,"enemies":"Jaw Worm","floor":1.0,"turns":4.0},{"damage":0.0,"enemies":"Cultist","floor":2.0,"turns":4.0},{"damage":16.0,"enemies":"2 Louse","floor":3.0,"turns":3.0},{"damage":33.0,"enemies":"Gremlin Gang","floor":5.0,"turns":8.0},{"damage":9.0,"enemies":"3 Louse","floor":7.0,"turns":4.0},{"damage":26.0,"enemies":"3 Sentries","floor":8.0,"turns":10.0},{"damage":16.0,"enemies":"Gremlin Nob","floor":11.0,"turns":4.0},{"damage":2.0,"enemies":"Exordium Wildlife","floor":14.0,"turns":3.0},{"damage":37.0,"enemies":"Slime Boss","floor":16.0,"turns":15.0},{"damage":19.0,"enemies":"Spheric Guardian","floor":18.0,"turns":4.0},{"damage":27.0,"enemies":"2 Thieves","floor":20.0,"turns":5.0},{"damage":12.0,"enemies":"Snake Plant","floor":22.0,"turns":5.0},{"damage":32.0,"enemies":"Centurion and Healer","floor":24.0,"turns":10.0},{"damage":18,"enemies":"Snecko","floor":27,"turns":3},{"damage":41,"enemies":"Gremlin Leader","floor":28,"turns":2}],"seed_played":"-22179542050782550","potions_obtained":[{"floor":3.0,"key":"Weak Potion"},{"floor":5.0,"key":"Swift Potion"},{"floor":7.0,"key":"Block Potion"},{"floor":16.0,"key":"BloodPotion"},{"floor":27,"key":"GamblersBrew"}],"is_trial":false,"path_per_floor":["M","M","M","?","M","R","M","E","T","R","E","R","$","M","R","B",null,"M","$","M","?","M","R","M","R","T","M","E"],"character_chosen":"IRONCLAD","items_purchased":["TheAbacus","True Grit","Inflame"],"campfire_rested":4,"item_purchase_floors":[13,13,19],"current_hp_per_floor":[71,77,67,67,40,64,61,41,41,65,55,55,55,59,59,28,67,54,54,33,33,27,51,25,49,49,37,0],"gold":107,"neow_bonus":"TRANSFORM_CARD","is_prod":false,"is_daily":false,"chose_seed":false,"campfire_upgraded":2,"win_rate":0,"timestamp":1555278535,"path_taken":["M","M","M","?","M","R","M","E","T","R","E","R","$","M","R","BOSS","M","?","?","?","?","R","M","R","T","M","E"],"build_version":"2019-01-23","purchased_purges":0,"victory":false,"max_hp_per_floor":[80,80,80,80,80,80,80,80,80,80,80,80,80,80,80,80,80,80,80,80,80,80,80,80,80,80,80,80],"card_choices":[{"not_picked":["Clash","Headbutt"],"picked":"Sword Boomerang","floor":1.0},{"not_picked":["Entrench","Twin Strike"],"picked":"Iron Wave","floor":2.0},{"not_picked":["Corruption","Sentinel"],"picked":"Power Through","floor":3.0},{"not_picked":["Carnage","Armaments"],"picked":"Disarm","floor":5.0},{"not_picked":["Wild Strike","Uppercut"],"picked":"Sever Soul","floor":7.0},{"not_picked":["Havoc","Combust"],"picked":"Flex","floor":8.0},{"not_picked":["Berserk","Clothesline"],"picked":"Shrug It Off","floor":11.0},{"not_picked":["Intimidate","Havoc"],"picked":"Cleave","floor":14.0},{"not_picked":["Reaper","Barricade"],"picked":"Bludgeon","floor":16.0},{"not_picked":["Perfected Strike","Shrug It Off"],"picked":"Metallicize","floor":18.0},{"not_picked":["True Grit","Clash"],"picked":"Twin Strike+1","floor":20.0},{"not_picked":["Dual Wield","Body Slam"],"picked":"Warcry","floor":22.0},{"not_picked":["Dark Embrace","Inflame"],"picked":"Flame Barrier","floor":24.0},{"not_picked":["Clash","Flex"],"picked":"Flame Barrier","floor":27}],"player_experience":656327,"relics_obtained":[{"floor":8.0,"key":"Centennial Puzzle"},{"floor":9.0,"key":"Whetstone"},{"floor":11.0,"key":"Lantern"},{"floor":26.0,"key":"Shovel"}],"event_choices":[{"damage_healed":0.0,"max_hp_gain":0.0,"max_hp_loss":0.0,"gold_gain":0.0,"event_name":"Upgrade Shrine","player_choice":"Upgraded","floor":4.0,"gold_loss":0.0,"damage_taken":0.0,"cards_upgraded":["Iron Wave"]},{"damage_healed":0.0,"max_hp_gain":0.0,"max_hp_loss":0.0,"gold_gain":0.0,"event_name":"Match and Keep!","player_choice":"1 cards matched","floor":21.0,"gold_loss":0.0,"damage_taken":0.0,"cards_obtained":["Demon Form"]}],"is_beta":false,"boss_relics":[{"not_picked":["White Beast Statue","Orrery"],"picked":"Pandora\u0027s Box"}],"items_purged_floors":[],"is_endless":false,"potions_floor_spawned":[3,5,7,16,27],"killed_by":"Gremlin Leader","ascension_level":11}