{"gold_per_floor":[117,117,131,7,24,24,57,57,81,81,95,95,110,145,145,145],"floor_reached":16,"playtime":639,"items_purged":["Strike_B"],"score":154,"play_id":"f4546f94-4c7b-4a20-af88-9083ac332a88","local_time":"20190401121810","is_ascension_mode":true,"campfire_choices":[{"data":"Redo","floor":6,"key":"SMITH"},{"data":"Chill","floor":8,"key":"SMITH"},{"data":"Genetic Algorithm","floor":10,"key":"SMITH"},{"floor":12,"key":"REST"},{"data":"Fission","floor":15,"key":"SMITH"}],"neow_cost":"NONE","seed_source_timestamp":329817139503992,"circlet_count":0,"master_deck":["Strike_B","Strike_B","Strike_B","Defend_B","Defend_B+1","Defend_B","Defend_B+1","Zap","Dualcast","Conserve Battery","Reboot","Genetic Algorithm+1","Redo+1","Sweeping Beam","Chill+1","Redo","Hologram","Fission+1"],"relics":["Cracked Core","NeowsBlessing","Ancient Tea Set","Blood Vial","War Paint"],"potions_floor_usage":[7,16,16],"damage_taken":[{"damage":0,"enemies":"Cultist","floor":1,"turns":1},{"damage":0,"enemies":"Jaw Worm","floor":3,"turns":1},{"damage":0,"enemies":"Small Slimes","floor":5,"turns":1},{"damage":59,"enemies":"Gremlin Nob","floor":7,"turns":5},{"damage":0,"enemies":"Blue Slaver","floor":11,"turns":3},{"damage":7,"enemies":"Large Slime","floor":13,"turns":7},{"damage":33,"enemies":"Lagavulin","floor":14,"turns":9},{"damage":11,"enemies":"The Guardian","floor":16,"turns":9}],"seed_played":"-7810221121721726374","potions_obtained":[{"floor":5,"key":"Block Potion"},{"floor":7,"key":"Swift Potion"},{"floor":11,"key":"FairyPotion"},{"floor":14,"key":"Fire Potion"}],"is_trial":false,"path_per_floor":["M","?","M","$","M","R","E","R","T","R","M","R","M","E","R","B"],"character_chosen":"DEFECT","items_purchased":["Redo"],"campfire_rested":1,"item_purchase_floors":[4],"current_hp_per_floor":[68,68,68,68,68,68,9,9,9,9,11,33,28,7,7,0],"gold":145,"neow_bonus":"THREE_ENEMY_KILL","is_prod":false,"is_daily":false,"chose_seed":false,"campfire_upgraded":4,"win_rate":0,"timestamp":1554088690,"path_taken":["M","?","M","$","?","R","E","R","T","R","M","R","M","E","R","BOSS"],"build_version":"2019-01-23","purchased_purges":1,"victory":false,"max_hp_per_floor":[75,75,75,75,75,75,75,75,75,75,75,75,75,75,75,75],"card_choices":[{"not_picked":["Leap","Steam"],"picked":"Conserve Battery","floor":1},{"not_picked":["Double Energy","Turbo"],"picked":"Genetic Algorithm","floor":3},{"not_picked":["Redo","Double Energy"],"picked":"Sweeping Beam","floor":5},{"not_picked":["Coolheaded","Rebound"],"picked":"Chill","floor":7},{"not_picked":["Doom and Gloom","Leap"],"picked":"Redo","floor":11},{"not_picked":["Cold Snap","Ball Lightning"],"picked":"Hologram","floor":13},{"not_picked":["Compile Driver","Undo"],"picked":"Fission","floor":14}],"player_experience":654719,"relics_obtained":[{"floor":7,"key":"Ancient Tea Set"},{"floor":9,"key":"Blood Vial"},{"floor":14,"key":"War Paint"}],"event_choices":[{"damage_healed":0,"gold_gain":0,"player_choice":"1 cards matched","damage_taken":0,"max_hp_gain":0,"max_hp_loss":0,"event_name":"Match and Keep!","floor":2,"gold_loss":0,"cards_obtained":["Reboot"]}],"is_beta":false,"boss_relics":[],"items_purged_floors":[4],"is_endless":false,"potions_floor_spawned":[5,7,11,14],"killed_by":"The Guardian","ascension_level":8}