{"gold_per_floor":[111,40,60,74,23,23,43,74,101,101,101,101,51,62,62,62],"floor_reached":16,"playtime":382,"items_purged":["Regret"],"score":165,"play_id":"b875f2c8-fac7-4bc1-ab49-ad01f6bc4d10","local_time":"20190411172340","is_ascension_mode":true,"campfire_choices":[{"data":"Scrape","floor":6,"key":"SMITH"},{"floor":10,"key":"REST"},{"data":"Zap","floor":15,"key":"SMITH"}],"neow_cost":"NONE","seed_source_timestamp":27695005900105,"circlet_count":0,"master_deck":["AscendersBane","Strike_B","Strike_B","Strike_B","Defend_B","Defend_B","Defend_B","Defend_B","Zap+1","Dualcast","Gash","Scrape+1","Conserve Battery","Steam","Sweeping Beam","Go for the Eyes","Beam Cell","Conserve Battery"],"relics":["Cracked Core","NeowsBlessing","Smiling Mask","Art of War","Bag of Marbles"],"potions_floor_usage":[8,8,16],"damage_taken":[{"damage":0,"enemies":"Jaw Worm","floor":1,"turns":1},{"damage":0,"enemies":"Cultist","floor":3,"turns":1},{"damage":0,"enemies":"2 Louse","floor":4,"turns":1},{"damage":14,"enemies":"Red Slaver","floor":7,"turns":3},{"damage":40,"enemies":"Gremlin Nob","floor":8,"turns":5},{"damage":0,"enemies":"2 Fungi Beasts","floor":14,"turns":3},{"damage":33,"enemies":"Hexaghost","floor":16,"turns":9}],"seed_played":"-847952830895446386","potions_obtained":[{"floor":3,"key":"Swift Potion"},{"floor":4,"key":"PowerPotion"},{"floor":14,"key":"Poison Potion"}],"is_trial":false,"path_per_floor":["M","$","M","M","$","R","M","E","T","R","?","?","$","M","R","B"],"character_chosen":"DEFECT","items_purchased":["Scrape","Sweeping Beam"],"campfire_rested":1,"item_purchase_floors":[2,5],"current_hp_per_floor":[68,68,68,68,68,68,54,14,14,36,29,29,29,29,29,0],"gold":62,"neow_bonus":"THREE_ENEMY_KILL","is_prod":false,"is_daily":false,"chose_seed":false,"campfire_upgraded":2,"win_rate":0,"timestamp":1554971020,"path_taken":["M","$","M","M","$","R","M","E","T","R","?","?","?","M","R","BOSS"],"build_version":"2019-01-23","purchased_purges":1,"victory":false,"max_hp_per_floor":[75,75,75,75,75,75,75,75,75,75,75,75,75,75,75,75],"card_choices":[{"not_picked":["Sweeping Beam","Hello World"],"picked":"Gash","floor":1},{"not_picked":["Redo","Defragment"],"picked":"Conserve Battery","floor":3},{"not_picked":["Streamline","Compile Driver"],"picked":"Steam","floor":4},{"not_picked":["Reprogram","Turbo"],"picked":"Go for the Eyes","floor":7},{"not_picked":["Auto Shields","Ball Lightning"],"picked":"Beam Cell","floor":8},{"not_picked":["Aggregate","Auto Shields"],"picked":"Conserve Battery","floor":14}],"player_experience":727391,"relics_obtained":[{"floor":8,"key":"Smiling Mask"},{"floor":9,"key":"Art of War"}],"event_choices":[{"cards_removed":["Strike_B"],"damage_healed":0,"gold_gain":0,"player_choice":"Card Removal","damage_taken":7,"max_hp_gain":0,"max_hp_loss":0,"event_name":"Golden Wing","floor":11,"gold_loss":0},{"damage_healed":0,"gold_gain":0,"player_choice":"Box","damage_taken":0,"relics_obtained":["Bag of Marbles"],"max_hp_gain":0,"max_hp_loss":0,"event_name":"Big Fish","floor":12,"gold_loss":0,"cards_obtained":["Regret"]}],"is_beta":false,"boss_relics":[],"items_purged_floors":[13],"is_endless":false,"potions_floor_spawned":[3,4,14],"killed_by":"Hexaghost","ascension_level":13}