{"gold_per_floor":[109,109,121,11,11,46,65,95,95,110,10,10,35,50,50,145,145,163,146,146,21,21,46,46],"floor_reached":24,"playtime":1166,"items_purged":["Strike_R","Strike_R","Strike_R"],"score":414,"play_id":"02058f30-c240-499b-8b59-25163421d2d6","local_time":"20190318152542","is_ascension_mode":true,"campfire_choices":[{"data":"Evolve","floor":12,"key":"SMITH"},{"data":"Armaments","floor":15,"key":"SMITH"}],"neow_cost":"NONE","seed_source_timestamp":273457931299181,"circlet_count":0,"master_deck":["AscendersBane","Strike_R","Defend_R","Defend_R","Defend_R","Defend_R","Bash","Flex","Spot Weakness","Evolve+1","Double Tap","Second Wind","Pummel","Body Slam","Armaments+1","Dark Embrace","Armaments","Body Slam+1","Intimidate"],"relics":["Burning Blood","NeowsBlessing","Pocketwatch","Kunai","Mummified Hand","Bag of Preparation","Mark of Pain","Molten Egg 2","Red Skull"],"potions_floor_usage":[8,10,13,14,19],"damage_taken":[{"damage":0,"enemies":"Jaw Worm","floor":1,"turns":1},{"damage":0,"enemies":"Cultist","floor":3,"turns":1},{"damage":0,"enemies":"Gremlin Nob","floor":6,"turns":1},{"damage":0,"enemies":"Small Slimes","floor":7,"turns":3},{"damage":20,"enemies":"Lagavulin","floor":8,"turns":6},{"damage":10,"enemies":"3 Louse","floor":10,"turns":2},{"damage":9,"enemies":"3 Sentries","floor":13,"turns":7},{"damage":13,"enemies":"Exordium Wildlife","floor":14,"turns":3},{"damage":48,"enemies":"The Guardian","floor":16,"turns":10},{"damage":19,"enemies":"Chosen","floor":18,"turns":4},{"damage":18,"enemies":"2 Thieves","floor":19,"turns":4},{"damage":35,"enemies":"Book of Stabbing","floor":23,"turns":5},{"damage":23,"enemies":"Cultist and Chosen","floor":24,"turns":4}],"seed_played":"4231924446831347353","potions_obtained":[{"floor":5,"key":"Explosive Potion"},{"floor":5,"key":"Block Potion"},{"floor":8,"key":"PowerPotion"},{"floor":13,"key":"Explosive Potion"},{"floor":16,"key":"Regen Potion"},{"floor":23,"key":"SneckoOil"}],"is_trial":false,"path_per_floor":["M","?","M","$","?","E","M","E","T","M","$","R","E","M","R","B",null,"M","M","?","$","T","E","M"],"character_chosen":"IRONCLAD","items_purchased":["Evolve"],"campfire_rested":0,"item_purchase_floors":[4],"current_hp_per_floor":[78,78,80,80,80,80,80,66,66,62,62,62,59,52,52,10,63,50,52,52,52,52,23,0],"gold":46,"neow_bonus":"THREE_ENEMY_KILL","is_prod":false,"is_daily":false,"chose_seed":false,"campfire_upgraded":2,"win_rate":0,"timestamp":1552890342,"path_taken":["M","?","M","$","?","E","M","E","T","M","$","R","E","M","R","BOSS","M","?","?","$","?","E","M"],"build_version":"2019-01-23","purchased_purges":3,"victory":false,"max_hp_per_floor":[80,80,80,80,80,80,80,80,80,80,80,80,80,80,80,80,80,80,80,80,80,80,80,80],"card_choices":[{"not_picked":["Sword Boomerang","Searing Blow"],"picked":"Flex","floor":1},{"not_picked":["Havoc","Headbutt"],"picked":"Spot Weakness","floor":3},{"not_picked":["Hemokinesis","Burning Pact"],"picked":"Double Tap","floor":6},{"not_picked":["Carnage","Iron Wave","Sentinel"],"picked":"SKIP","floor":7},{"not_picked":["Clothesline","Cleave"],"picked":"Second Wind","floor":8},{"not_picked":["Iron Wave","Reckless Charge"],"picked":"Pummel","floor":10},{"not_picked":["Armaments","Pommel Strike"],"picked":"Body Slam","floor":13},{"not_picked":["Warcry","Heavy Blade"],"picked":"Armaments","floor":14},{"not_picked":["Double Tap","Bludgeon"],"picked":"Dark Embrace","floor":16},{"not_picked":["Flex+1","Warcry"],"picked":"Armaments","floor":18},{"not_picked":["Combust","Perfected Strike"],"picked":"Body Slam+1","floor":19},{"not_picked":["Reckless Charge+1","Twin Strike+1","Fire Breathing"],"picked":"SKIP","floor":23}],"player_experience":413944,"relics_obtained":[{"floor":6,"key":"Pocketwatch"},{"floor":8,"key":"Kunai"},{"floor":9,"key":"Mummified Hand"},{"floor":13,"key":"Bag of Preparation"},{"floor":22,"key":"Molten Egg 2"},{"floor":23,"key":"Red Skull"}],"event_choices":[{"damage_healed":0,"gold_gain":0,"player_choice":"Ignored","damage_taken":0,"max_hp_gain":0,"max_hp_loss":0,"event_name":"Liars Game","floor":2,"gold_loss":0},{"damage_healed":0,"gold_gain":0,"player_choice":"Got Potions","damage_taken":0,"max_hp_gain":0,"max_hp_loss":0,"event_name":"Lab","floor":5,"gold_loss":0},{"damage_healed":0,"gold_gain":0,"cards_transformed":["Strike_R"],"player_choice":"Transformed","damage_taken":0,"max_hp_gain":0,"max_hp_loss":0,"event_name":"Transmorgrifier","floor":20,"gold_loss":0,"cards_obtained":["Intimidate"]}],"is_beta":false,"boss_relics":[{"not_picked":["Astrolabe","Busted Crown"],"picked":"Mark of Pain"}],"items_purged_floors":[4,11,21],"is_endless":false,"potions_floor_spawned":[7,8,13,16,23],"killed_by":"Cultist and Chosen","ascension_level":12}