{"gold_per_floor":[111,36,36,111,130,130,130,130,156,156,176,176,176,191,191,191],"floor_reached":16,"playtime":295,"items_purged":["Defend_R"],"score":88,"play_id":"aa2082af-de06-438a-b8f5-c13e2b8f0d8f","local_time":"20190313134203","is_ascension_mode":false,"campfire_choices":[{"data":"Bash","floor":6,"key":"SMITH"},{"floor":10,"key":"REST"},{"floor":15,"key":"REST"}],"neow_cost":"NONE","seed_source_timestamp":2395988728390907,"circlet_count":0,"master_deck":["Strike_R","Strike_R","Strike_R","Strike_R","Strike_R","Defend_R","Bash+1"],"relics":["Empty Cage"],"potions_floor_usage":[16],"damage_taken":[{"damage":9,"enemies":"2 Louse","floor":1,"turns":3},{"damage":11,"enemies":"Jaw Worm","floor":5,"turns":2},{"damage":6,"enemies":"Cultist","floor":11,"turns":3},{"damage":21,"enemies":"Blue Slaver","floor":14,"turns":4},{"damage":72,"enemies":"The Guardian","floor":16,"turns":7}],"seed_played":"-854361469035450971","potions_obtained":[{"floor":5,"key":"Block Potion"}],"is_trial":false,"path_per_floor":["M","$","?","?","M","R","?","T","T","R","M","?","?","M","R","B"],"character_chosen":"IRONCLAD","items_purchased":[],"campfire_rested":2,"item_purchase_floors":[],"current_hp_per_floor":[71,71,71,60,49,49,49,49,49,73,67,67,72,51,76,4],"gold":191,"neow_bonus":"BOSS_RELIC","is_prod":false,"is_daily":false,"chose_seed":false,"campfire_upgraded":1,"win_rate":0,"timestamp":1552452123,"path_taken":["M","$","?","?","M","R","?","?","T","R","?","?","?","M","R","BOSS"],"build_version":"2019-01-23","purchased_purges":1,"victory":false,"max_hp_per_floor":[80,80,80,80,80,80,80,80,80,80,80,80,85,85,85,85],"card_choices":[{"not_picked":["Heavy Blade","Fire Breathing","Sword Boomerang"],"picked":"SKIP","floor":1},{"not_picked":["Thunderclap","Blood for Blood","Flame Barrier"],"picked":"SKIP","floor":5},{"not_picked":["Second Wind","Armaments","Havoc"],"picked":"SKIP","floor":11},{"not_picked":["Fire Breathing","Flex","Warcry"],"picked":"SKIP","floor":14}],"player_experience":352586,"relics_obtained":[],"event_choices":[{"damage_healed":0,"gold_gain":0,"player_choice":"Fled","damage_taken":0,"max_hp_gain":0,"max_hp_loss":0,"event_name":"Scrap Ooze","floor":3,"gold_loss":0},{"damage_healed":0,"gold_gain":75,"player_choice":"Gather Gold","damage_taken":11,"max_hp_gain":0,"max_hp_loss":0,"event_name":"World of Goop","floor":4,"gold_loss":0},{"damage_healed":0,"gold_gain":0,"player_choice":"Ignored","damage_taken":0,"max_hp_gain":0,"max_hp_loss":0,"event_name":"Liars Game","floor":7,"gold_loss":0},{"damage_healed":0,"gold_gain":0,"player_choice":"Searched \u00270\u0027 times","damage_taken":0,"max_hp_gain":0,"max_hp_loss":0,"event_name":"Dead Adventurer","floor":12,"gold_loss":0},{"damage_healed":0,"gold_gain":0,"player_choice":"Donut","damage_taken":0,"max_hp_gain":5,"max_hp_loss":0,"event_name":"Big Fish","floor":13,"gold_loss":0}],"is_beta":false,"boss_relics":[],"items_purged_floors":[2],"is_endless":false,"potions_floor_spawned":[5],"killed_by":"The Guardian","ascension_level":0}