{"gold_per_floor":[111,111,131,15,26,26,54,54,109,129,129,54,24],"floor_reached":13,"playtime":235,"items_purged":["Strike_B"],"score":133,"play_id":"ad956bff-c273-41dc-918f-0ab777c4e41e","local_time":"20190411101959","is_ascension_mode":true,"campfire_choices":[{"data":"Hologram","floor":6,"key":"SMITH"},{"data":"Recycle","floor":8,"key":"SMITH"},{"data":"Hello World","floor":11,"key":"SMITH"}],"neow_cost":"NONE","seed_source_timestamp":2419249961279,"circlet_count":0,"master_deck":["AscendersBane","Strike_B","Strike_B","Defend_B","Defend_B","Defend_B","Defend_B","Zap","Dualcast","Streamline","Darkness","Gash","Rebound","Hologram+1","Hello World+1","Recycle+1","Beam Cell"],"relics":["Cracked Core","NeowsBlessing","Omamori","Tiny Chest"],"potions_floor_usage":[],"damage_taken":[{"damage":0,"enemies":"Cultist","floor":1,"turns":1},{"damage":0,"enemies":"Small Slimes","floor":3,"turns":1},{"damage":0,"enemies":"2 Louse","floor":5,"turns":1},{"damage":35,"enemies":"Gremlin Nob","floor":7,"turns":5},{"damage":12,"enemies":"Looter","floor":10,"turns":3},{"damage":21,"enemies":"Exordium Thugs","floor":13,"turns":2}],"seed_played":"-8109639414357289704","potions_obtained":[{"floor":7,"key":"Block Potion"},{"floor":10,"key":"GamblersBrew"}],"is_trial":false,"path_per_floor":["M","?","M","$","M","R","E","R","T","M","R","$","M"],"character_chosen":"DEFECT","items_purchased":["Gash","Rebound","Hologram"],"campfire_rested":0,"item_purchase_floors":[4,4,4],"current_hp_per_floor":[68,68,68,68,68,68,33,33,33,21,21,21,0],"gold":24,"neow_bonus":"THREE_ENEMY_KILL","is_prod":false,"is_daily":false,"chose_seed":false,"campfire_upgraded":3,"win_rate":0,"timestamp":1554945599,"path_taken":["M","?","M","$","M","R","E","R","T","M","R","$","?"],"build_version":"2019-01-23","purchased_purges":1,"victory":false,"max_hp_per_floor":[75,75,75,75,75,75,75,75,75,75,75,75,75],"card_choices":[{"not_picked":["Loop","Doom and Gloom"],"picked":"Streamline","floor":1},{"not_picked":["Leap","Coolheaded"],"picked":"Darkness","floor":3},{"not_picked":["Cold Snap","Leap"],"picked":"Hello World","floor":5},{"not_picked":["Rebound","Self Repair"],"picked":"Recycle","floor":7},{"not_picked":["Compile Driver","Sunder"],"picked":"Beam Cell","floor":10}],"player_experience":712041,"relics_obtained":[{"floor":7,"key":"Omamori"},{"floor":9,"key":"Tiny Chest"}],"event_choices":[{"cards_removed":["Strike_B"],"damage_healed":0,"gold_gain":0,"player_choice":"Offered Basic","damage_taken":0,"max_hp_gain":0,"max_hp_loss":0,"event_name":"Bonfire Elementals","floor":2,"gold_loss":0}],"is_beta":false,"boss_relics":[],"items_purged_floors":[12],"is_endless":false,"potions_floor_spawned":[7,10],"killed_by":"Exordium Thugs","ascension_level":12}