{"gold_per_floor":[369,381,61,81,94,94,119,119],"floor_reached":8,"playtime":285,"items_purged":[],"score":96,"play_id":"8c41f09a-1eaf-42ba-abb9-e36080ae45bc","local_time":"20190411153856","is_ascension_mode":true,"campfire_choices":[],"neow_cost":"TEN_PERCENT_HP_LOSS","seed_source_timestamp":21508018033716,"circlet_count":0,"master_deck":["AscendersBane","Strike_B","Strike_B","Strike_B","Strike_B","Defend_B","Defend_B","Defend_B","Defend_B","Zap","Dualcast","Turbo","Skim","Electrodynamics","Loop","Hologram+1","Hyperbeam+1"],"relics":["Cracked Core","Molten Egg 2","Juzu Bracelet"],"potions_floor_usage":[7],"damage_taken":[{"damage":6,"enemies":"Cultist","floor":1,"turns":3},{"damage":1,"enemies":"Small Slimes","floor":2,"turns":4},{"damage":8,"enemies":"Jaw Worm","floor":4,"turns":4},{"damage":9,"enemies":"2 Fungi Beasts","floor":5,"turns":3},{"damage":28,"enemies":"Gremlin Nob","floor":7,"turns":4},{"damage":18,"enemies":"Large Slime","floor":8,"turns":1}],"seed_played":"-7419968868379212081","potions_obtained":[{"floor":2,"key":"Poison Potion"},{"floor":4,"key":"Swift Potion"},{"floor":7,"key":"Poison Potion"}],"is_trial":false,"path_per_floor":["M","M","$","M","M","?","E","M"],"character_chosen":"DEFECT","items_purchased":["Molten Egg 2","Electrodynamics"],"campfire_rested":0,"item_purchase_floors":[3,3],"current_hp_per_floor":[62,61,61,53,44,44,16,0],"gold":119,"neow_bonus":"TWO_FIFTY_GOLD","is_prod":false,"is_daily":false,"chose_seed":false,"campfire_upgraded":0,"win_rate":0,"timestamp":1554964736,"path_taken":["M","M","$","M","?","?","E","M"],"build_version":"2019-01-23","purchased_purges":0,"victory":false,"max_hp_per_floor":[68,68,68,68,68,68,68,68],"card_choices":[{"not_picked":["Barrage","Static Discharge"],"picked":"Turbo","floor":1},{"not_picked":["Steam","Stack"],"picked":"Skim","floor":2},{"not_picked":["Go for the Eyes+1","Streamline+1"],"picked":"Loop","floor":4},{"not_picked":["Coolheaded","Compile Driver+1"],"picked":"Hologram","floor":5},{"not_picked":["Fusion","Beam Cell+1"],"picked":"Hyperbeam+1","floor":7}],"player_experience":722809,"relics_obtained":[{"floor":7,"key":"Juzu Bracelet"}],"event_choices":[{"damage_healed":0,"gold_gain":0,"player_choice":"Upgraded","damage_taken":0,"max_hp_gain":0,"max_hp_loss":0,"event_name":"Upgrade Shrine","floor":6,"gold_loss":0,"cards_upgraded":["Hologram"]}],"is_beta":false,"boss_relics":[],"items_purged_floors":[],"is_endless":false,"potions_floor_spawned":[2,4,7],"killed_by":"Large Slime","ascension_level":13}