{"gold_per_floor":[113,129,129,141,188,188,213,213,213,243,243,261,261,279,279,353,353,363,377,377,377,377,377,389,400,400,419,419,430,54,104,104,104],"floor_reached":33,"playtime":1302,"items_purged":["Decay"],"score":450,"play_id":"d61b3006-1bdd-40ea-8230-4eaad05b70a7","local_time":"20190415195055","is_ascension_mode":true,"campfire_choices":[{"data":"Coolheaded","floor":6,"key":"SMITH"},{"floor":11,"key":"REST"},{"floor":15,"key":"REST"},{"data":"Defragment","floor":23,"key":"SMITH"},{"floor":28,"key":"REST"},{"data":"Biased Cognition","floor":32,"key":"SMITH"}],"neow_cost":"NONE","seed_source_timestamp":34963447744757,"circlet_count":0,"master_deck":["AscendersBane","Strike_B","Strike_B","Defend_B","Defend_B","Defend_B","Defend_B","Zap","Dualcast","Leap","Doom and Gloom","Coolheaded+1","Genetic Algorithm+1","Amplify","Steam","Ball Lightning","Biased Cognition+1","Conserve Battery","Glacier","Defragment+1","Conserve Battery+1","Core Surge"],"relics":["Cracked Core","NeowsBlessing","Anchor","Blood Vial","Ginger","Gambling Chip","Bird Faced Urn","Sozu","Darkstone Periapt","DataDisk"],"potions_floor_usage":[7,16],"damage_taken":[{"damage":0,"enemies":"Cultist","floor":1,"turns":1},{"damage":0,"enemies":"Small Slimes","floor":2,"turns":1},{"damage":0,"enemies":"Jaw Worm","floor":4,"turns":1},{"damage":22,"enemies":"Gremlin Nob","floor":7,"turns":4},{"damage":32,"enemies":"Lagavulin","floor":10,"turns":8},{"damage":0,"enemies":"2 Fungi Beasts","floor":12,"turns":3},{"damage":2,"enemies":"3 Louse","floor":14,"turns":2},{"damage":37,"enemies":"Hexaghost","floor":16,"turns":12},{"damage":10,"enemies":"2 Thieves","floor":18,"turns":5},{"damage":7,"enemies":"3 Byrds","floor":19,"turns":5},{"damage":14,"enemies":"Snake Plant","floor":24,"turns":4},{"damage":9,"enemies":"Sentry and Sphere","floor":25,"turns":6},{"damage":9,"enemies":"Snecko","floor":27,"turns":7},{"damage":12,"enemies":"Shelled Parasite and Fungi","floor":29,"turns":12},{"damage":82,"enemies":"Collector","floor":33,"turns":13}],"seed_played":"-849728416538367775","potions_obtained":[{"floor":2,"key":"SkillPotion"},{"floor":14,"key":"Weak Potion"},{"floor":16,"key":"Energy Potion"}],"is_trial":false,"path_per_floor":["M","M","?","M","T","R","E","?","T","E","R","M","?","M","R","B",null,"M","M","?","?","?","R","M","M","T","M","R","M","$","?","R","B"],"character_chosen":"DEFECT","items_purchased":["DataDisk","Core Surge"],"campfire_rested":3,"item_purchase_floors":[30,30],"current_hp_per_floor":[64,64,69,69,69,69,47,36,36,6,28,30,30,30,52,17,61,55,52,52,52,52,52,44,39,39,38,60,56,56,56,56,0],"gold":104,"neow_bonus":"THREE_ENEMY_KILL","is_prod":false,"is_daily":false,"chose_seed":false,"campfire_upgraded":3,"win_rate":0,"timestamp":1555325455,"path_taken":["M","?","?","M","?","R","E","?","T","E","R","M","?","M","R","BOSS","M","M","?","?","?","R","?","M","T","M","R","M","$","?","R","BOSS"],"build_version":"2019-01-23","purchased_purges":1,"victory":false,"max_hp_per_floor":[71,71,76,76,76,76,76,76,76,76,76,76,76,76,76,76,76,76,76,76,76,76,76,76,76,76,76,76,76,76,76,76,76],"card_choices":[{"not_picked":["Reprogram","Aggregate"],"picked":"Leap","floor":1},{"not_picked":["Force Field","Fusion"],"picked":"Doom and Gloom","floor":2},{"not_picked":["Streamline","Steam"],"picked":"Coolheaded","floor":4},{"not_picked":["BootSequence","Loop"],"picked":"Genetic Algorithm","floor":7},{"not_picked":["Steam","Barrage"],"picked":"Amplify","floor":10},{"not_picked":["FTL","Stack"],"picked":"Steam","floor":12},{"not_picked":["Rebound","Sunder"],"picked":"Ball Lightning","floor":14},{"not_picked":["Fission","Thunder Strike"],"picked":"Biased Cognition","floor":16},{"not_picked":["Coolheaded","Ball Lightning"],"picked":"Conserve Battery","floor":18},{"not_picked":["Streamline","Ball Lightning","Sweeping Beam"],"picked":"SKIP","floor":19},{"not_picked":["Reprogram","Barrage","Redo"],"picked":"SKIP","floor":24},{"not_picked":["Reprogram","Steam"],"picked":"Conserve Battery+1","floor":25},{"not_picked":["Hologram","BootSequence","Stack"],"picked":"SKIP","floor":27},{"not_picked":["Rip and Tear","Fusion","Leap"],"picked":"SKIP","floor":29}],"player_experience":585986,"relics_obtained":[{"floor":5,"key":"Anchor"},{"floor":7,"key":"Blood Vial"},{"floor":9,"key":"Gambling Chip"},{"floor":10,"key":"Bird Faced Urn"},{"floor":26,"key":"Darkstone Periapt"}],"event_choices":[{"damage_healed":0,"gold_gain":0,"player_choice":"Donut","damage_taken":0,"max_hp_gain":5,"max_hp_loss":0,"event_name":"Big Fish","floor":3,"gold_loss":0},{"damage_healed":0,"gold_gain":0,"player_choice":"Success","damage_taken":11,"relics_obtained":["Ginger"],"max_hp_gain":0,"max_hp_loss":0,"event_name":"Scrap Ooze","floor":8,"gold_loss":0},{"damage_healed":0,"gold_gain":0,"player_choice":"Upgraded","damage_taken":0,"max_hp_gain":0,"max_hp_loss":0,"event_name":"Upgrade Shrine","floor":13,"gold_loss":0,"cards_upgraded":["Genetic Algorithm"]},{"damage_healed":0,"gold_gain":0,"cards_transformed":["Strike_B","Strike_B"],"player_choice":"Became Test Subject","damage_taken":0,"max_hp_gain":0,"max_hp_loss":0,"event_name":"Drug Dealer","floor":20,"gold_loss":0,"cards_obtained":["Glacier","Defragment"]},{"damage_healed":0,"gold_gain":0,"player_choice":"Smashed Altar","damage_taken":0,"max_hp_gain":0,"max_hp_loss":0,"event_name":"Forgotten Altar","floor":21,"gold_loss":0,"cards_obtained":["Decay"]},{"damage_healed":0,"gold_gain":0,"player_choice":"Ignored","damage_taken":0,"max_hp_gain":0,"max_hp_loss":0,"event_name":"Ghosts","floor":22,"gold_loss":0},{"damage_healed":0,"gold_gain":100,"player_choice":"Bet on Murderer","damage_taken":0,"max_hp_gain":0,"max_hp_loss":0,"event_name":"The Joust","floor":31,"gold_loss":50}],"is_beta":false,"boss_relics":[{"not_picked":["Orrery","Philosopher\u0027s Stone"],"picked":"Sozu"}],"items_purged_floors":[30],"is_endless":false,"potions_floor_spawned":[2,14,16,18,27],"killed_by":"Collector","ascension_level":15}