{"gold_per_floor":[116,129,129,139,151,212,212,212,237,252,252],"floor_reached":11,"playtime":367,"items_purged":[],"score":75,"play_id":"4c0ec3a9-8b75-4a6d-9fc2-4e1b08ced2a4","local_time":"20190307135517","is_ascension_mode":false,"campfire_choices":[{"data":"1","floor":8,"key":"LIFT"}],"neow_cost":"NONE","seed_source_timestamp":1878286603062912,"circlet_count":0,"master_deck":["Strike_R","Strike_R","Strike_R","Strike_R","Strike_R","Defend_R","Defend_R","Defend_R","Defend_R","Bash","Clumsy","Decay","Shame","Flame Barrier","Shrug It Off","True Grit","Metallicize"],"relics":["Calling Bell","Vajra","Self Forming Clay","Girya","Tiny Chest","Molten Egg 2","Happy Flower"],"potions_floor_usage":[6,6,10],"damage_taken":[{"damage":2,"enemies":"Small Slimes","floor":1,"turns":3},{"damage":2,"enemies":"Cultist","floor":2,"turns":3},{"damage":1,"enemies":"Jaw Worm","floor":4,"turns":5},{"damage":30,"enemies":"Exordium Thugs","floor":5,"turns":6},{"damage":43,"enemies":"Lagavulin","floor":6,"turns":7},{"damage":0,"enemies":"Looter","floor":10,"turns":4},{"damage":0,"enemies":"Exordium Wildlife","floor":11,"turns":1}],"seed_played":"6470670669956711229","potions_obtained":[{"floor":1,"key":"SkillPotion"},{"floor":5,"key":"GamblersBrew"},{"floor":6,"key":"Block Potion"},{"floor":10,"key":"FearPotion"}],"is_trial":false,"path_per_floor":["M","M","?","M","M","E","T","R","T","M","M"],"character_chosen":"IRONCLAD","items_purchased":[],"campfire_rested":0,"item_purchase_floors":[],"current_hp_per_floor":[78,76,76,75,45,2,2,2,2,2,2],"gold":252,"neow_bonus":"BOSS_RELIC","is_prod":false,"is_daily":false,"chose_seed":false,"campfire_upgraded":0,"win_rate":0,"timestamp":1551934517,"path_taken":["M","M","?","?","M","E","?","R","T","M","M"],"build_version":"2019-01-23","purchased_purges":0,"victory":false,"max_hp_per_floor":[80,80,80,80,80,80,80,80,80,80,80],"card_choices":[{"not_picked":["Wild Strike","Shockwave"],"picked":"Flame Barrier","floor":1},{"not_picked":["Heavy Blade","Burning Pact"],"picked":"Shrug It Off","floor":2},{"not_picked":["Fiend Fire","Shockwave","Blood for Blood"],"picked":"SKIP","floor":4},{"not_picked":["Wild Strike","Spot Weakness"],"picked":"True Grit","floor":5},{"not_picked":["Combust","Reckless Charge","Spot Weakness"],"picked":"SKIP","floor":6},{"not_picked":["Combust","True Grit"],"picked":"Metallicize","floor":10}],"player_experience":173706,"relics_obtained":[{"floor":0,"key":"Vajra"},{"floor":0,"key":"Self Forming Clay"},{"floor":0,"key":"Girya"},{"floor":6,"key":"Tiny Chest"},{"floor":7,"key":"Molten Egg 2"},{"floor":9,"key":"Happy Flower"}],"event_choices":[{"damage_healed":0,"gold_gain":0,"player_choice":"Bought 0 Potions","damage_taken":0,"max_hp_gain":0,"max_hp_loss":0,"event_name":"The Woman in Blue","floor":3,"gold_loss":0}],"is_beta":false,"boss_relics":[],"items_purged_floors":[],"is_endless":false,"potions_floor_spawned":[1,5,6,10],"killed_by":"Exordium Wildlife","ascension_level":0}