{"gold_per_floor":[118,268,343,62,80,80,80,5,58,58,58,92,92,103,103,175,175,194,119,119,119,135,135,169,62,87,100,100],"floor_reached":28,"playtime":864,"items_purged":["Doubt","Shame"],"score":463,"play_id":"b9ab51b7-bf7e-473a-91c9-caca9442339c","local_time":"20190320164004","is_ascension_mode":true,"campfire_choices":[{"data":"Body Slam","floor":7.0,"key":"SMITH"},{"data":"Thunderclap","floor":10.0,"key":"SMITH"},{"data":"Feel No Pain","floor":15.0,"key":"SMITH"},{"floor":23,"key":"REST"}],"neow_cost":"NONE","seed_source_timestamp":450990979044972,"circlet_count":0,"master_deck":["AscendersBane","Strike_R+1","Strike_R","Strike_R","Strike_R","Defend_R","Defend_R","Defend_R","Defend_R","Bash+1","Body Slam+1","Thunderclap+1","Inflame","Feel No Pain+1","Double Tap","Heavy Blade+1","Warcry+1","Armaments+1","Shrug It Off+1","Parasite","Iron Wave"],"special_seed":0,"relics":["Burning Blood","NeowsBlessing","Shuriken","Pen Nib","Smiling Mask","Regal Pillow","Cursed Key","Toxic Egg 2","StoneCalendar","Anchor"],"potions_floor_usage":[16,28,28,28],"damage_taken":[{"damage":0.0,"enemies":"Jaw Worm","floor":1.0,"turns":1.0},{"damage":0.0,"enemies":"Small Slimes","floor":5.0,"turns":1.0},{"damage":0.0,"enemies":"Gremlin Nob","floor":12.0,"turns":1.0},{"damage":10.0,"enemies":"2 Louse","floor":14.0,"turns":2.0},{"damage":16,"enemies":"Slime Boss","floor":16,"turns":9},{"damage":18,"enemies":"Spheric Guardian","floor":18,"turns":4},{"damage":37,"enemies":"2 Thieves","floor":22,"turns":4},{"damage":37,"enemies":"Slavers","floor":24,"turns":3},{"damage":15,"enemies":"Cultist and Chosen","floor":27,"turns":7},{"damage":12,"enemies":"Book of Stabbing","floor":28,"turns":2}],"seed_played":"8204663301492448380","potions_obtained":[{"floor":5.0,"key":"SteroidPotion"},{"floor":16,"key":"SteroidPotion"},{"floor":27,"key":"EntropicBrew"}],"is_trial":false,"path_per_floor":["M","?","?","$","M","?","R","$","T","R","?","E","?","M","R","B",null,"M","?","?","?","M","R","E","$","T","M","E"],"character_chosen":"IRONCLAD","items_purchased":["Shuriken","Shrug It Off+1"],"campfire_rested":1,"item_purchase_floors":[4,25],"current_hp_per_floor":[74,74,63,63,69,46,46,46,46,46,46,52,45,41,41,31,64,52,52,52,41,10,47,16,16,16,7,0],"gold":100,"neow_bonus":"THREE_ENEMY_KILL","is_prod":false,"is_daily":false,"chose_seed":false,"campfire_upgraded":3,"win_rate":0,"timestamp":1553067604,"path_taken":["M","?","?","$","M","?","R","?","T","R","?","E","?","M","R","BOSS","M","?","?","?","?","R","E","$","T","M","E"],"build_version":"2019-01-23","purchased_purges":2,"victory":false,"max_hp_per_floor":[75,75,75,75,75,75,75,75,75,75,75,75,75,75,75,75,75,75,75,75,75,75,75,75,75,75,75,75],"card_choices":[{"not_picked":["Anger","Blood for Blood"],"picked":"Body Slam","floor":1.0},{"not_picked":["Intimidate","Reckless Charge"],"picked":"Thunderclap","floor":5.0},{"not_picked":["Intimidate","Havoc"],"picked":"Inflame","floor":12.0},{"not_picked":["Body Slam","Havoc"],"picked":"Feel No Pain","floor":14.0},{"not_picked":["Brutality","Impervious"],"picked":"Double Tap","floor":16},{"not_picked":["Twin Strike","Headbutt"],"picked":"Heavy Blade+1","floor":18},{"not_picked":["Thunderclap","Pummel"],"picked":"Warcry+1","floor":22},{"not_picked":["Iron Wave","Sever Soul"],"picked":"Armaments+1","floor":24},{"not_picked":["Rupture","Bloodletting+1"],"picked":"Iron Wave","floor":27}],"player_experience":460599,"relics_obtained":[{"floor":9.0,"key":"Pen Nib"},{"floor":12.0,"key":"Regal Pillow"},{"floor":24,"key":"StoneCalendar"},{"floor":26,"key":"Anchor"}],"event_choices":[{"damage_healed":0.0,"max_hp_gain":0.0,"max_hp_loss":0.0,"gold_gain":150.0,"event_name":"Liars Game","player_choice":"AGREE","floor":2.0,"gold_loss":0.0,"damage_taken":0.0,"cards_obtained":["Doubt"]},{"damage_healed":0.0,"max_hp_gain":0.0,"max_hp_loss":0.0,"gold_gain":75.0,"event_name":"World of Goop","player_choice":"Gather Gold","floor":3.0,"gold_loss":0.0,"damage_taken":11.0},{"damage_healed":0.0,"max_hp_gain":0.0,"max_hp_loss":0.0,"gold_gain":0.0,"event_name":"Shining Light","player_choice":"Entered Light","floor":6.0,"gold_loss":0.0,"damage_taken":23.0,"cards_upgraded":["Strike_R","Bash"]},{"damage_healed":0.0,"max_hp_gain":0.0,"max_hp_loss":0.0,"gold_gain":0.0,"event_name":"Big Fish","player_choice":"Box","floor":11.0,"gold_loss":0.0,"damage_taken":0.0,"relics_obtained":["Smiling Mask"],"cards_obtained":["Regret"]},{"cards_removed":["Regret"],"damage_healed":0.0,"max_hp_gain":0.0,"max_hp_loss":0.0,"gold_gain":0.0,"event_name":"Golden Wing","player_choice":"Card Removal","floor":13.0,"gold_loss":0.0,"damage_taken":7.0},{"cards_removed":["Strike_R"],"damage_healed":0,"gold_gain":0,"player_choice":"Gave Gold","damage_taken":0,"max_hp_gain":0,"max_hp_loss":0,"event_name":"Beggar","floor":19,"gold_loss":75},{"damage_healed":0,"gold_gain":0,"player_choice":"Stole Relic","damage_taken":0,"relics_obtained":["Toxic Egg 2"],"max_hp_gain":0,"max_hp_loss":0,"event_name":"Addict","floor":20,"gold_loss":0,"cards_obtained":["Shame"]},{"damage_healed":0,"gold_gain":0,"player_choice":"Damaged","damage_taken":11,"max_hp_gain":0,"max_hp_loss":0,"event_name":"Wheel of Change","floor":21,"gold_loss":0}],"is_beta":false,"boss_relics":[{"not_picked":["Ectoplasm","Tiny House"],"picked":"Cursed Key"}],"items_purged_floors":[8,25],"is_endless":false,"potions_floor_spawned":[5,16,27],"killed_by":"Book of Stabbing","ascension_level":16}