{"gold_per_floor":[112,124,136,151,169,200,200,212,262,337,84,84,102,132,132,228,278,259,55,55,68,94,94,105,105,105,116,131,150,167,197,197,301,301,316,316,336,336,346,346,346],"floor_reached":41,"playtime":5175,"items_purged":["Strike_B"],"score":475,"play_id":"3831bbf4-0b46-49b1-b788-cfade302195d","local_time":"20190304190517","is_ascension_mode":true,"campfire_choices":[{"floor":7,"key":"RECALL"},{"floor":12,"key":"REST"},{"floor":15,"key":"REST"},{"floor":23,"key":"REST"},{"data":"Creative AI","floor":25,"key":"SMITH"},{"floor":32,"key":"REST"},{"data":"Madness","floor":40,"key":"SMITH"}],"neow_cost":"NONE","seed_source_timestamp":1632861733556718,"circlet_count":0,"master_deck":["Strike_B","Strike_B","Strike_B","Defend_B","Defend_B","Defend_B","Defend_B","Zap","Dualcast","Ball Lightning","Reinforced Body","Cold Snap+1","Leap","Turbo","Hyperbeam","Steam Power","Machine Learning","Force Field","Coolheaded","Streamline+1","Creative AI+1","Coolheaded","Heatsinks","Self Repair","Core Surge+1","Necronomicurse","Loop+1","Steam Power","Turbo","Fusion+1","Heatsinks+1","Heatsinks+1","Storm","Steam","Amplify","Streamline+1","Chrysalis","Static Discharge+1","Madness+1","Madness","White Noise"],"relics":["Cracked Core","NeowsBlessing","Incense Burner","Molten Egg 2","Tiny House","Necronomicon","Blood Vial","Dream Catcher","Ornamental Fan","Nuclear Battery"],"potions_floor_usage":[11,14,24,27,27,28,30,31,39],"damage_taken":[{"damage":0,"enemies":"Cultist","floor":1,"turns":1},{"damage":0,"enemies":"Jaw Worm","floor":2,"turns":1},{"damage":0,"enemies":"Small Slimes","floor":3,"turns":1},{"damage":6,"enemies":"2 Fungi Beasts","floor":4,"turns":3},{"damage":0,"enemies":"Blue Slaver","floor":5,"turns":4},{"damage":24,"enemies":"Gremlin Nob","floor":6,"turns":4},{"damage":13,"enemies":"Exordium Wildlife","floor":8,"turns":3},{"damage":3,"enemies":"Lots of Slimes","floor":13,"turns":2},{"damage":12,"enemies":"3 Sentries","floor":14,"turns":6},{"damage":40,"enemies":"The Guardian","floor":16,"turns":14},{"damage":34,"enemies":"2 Thieves","floor":18,"turns":4},{"damage":9,"enemies":"Spheric Guardian","floor":21,"turns":5},{"damage":16,"enemies":"Centurion and Healer","floor":24,"turns":4},{"damage":36,"enemies":"Shelled Parasite and Fungi","floor":27,"turns":6},{"damage":5,"enemies":"3 Cultists","floor":28,"turns":4},{"damage":15,"enemies":"Snake Plant","floor":29,"turns":4},{"damage":3,"enemies":"Cultist and Chosen","floor":30,"turns":4},{"damage":11,"enemies":"Book of Stabbing","floor":31,"turns":7},{"damage":11,"enemies":"Automaton","floor":33,"turns":10},{"damage":16,"enemies":"3 Shapes","floor":35,"turns":2},{"damage":0,"enemies":"Orb Walker","floor":37,"turns":4},{"damage":20,"enemies":"Spire Growth","floor":39,"turns":4},{"damage":108,"enemies":"Giant Head","floor":41,"turns":10}],"seed_played":"6716885108993781690","potions_obtained":[{"floor":5,"key":"Fruit Juice"},{"floor":6,"key":"FairyPotion"},{"floor":13,"key":"FocusPotion"},{"floor":16,"key":"SteroidPotion"},{"floor":17,"key":"SpeedPotion"},{"floor":24,"key":"LiquidBronze"},{"floor":27,"key":"EssenceOfSteel"},{"floor":28,"key":"Ancient Potion"},{"floor":30,"key":"Explosive Potion"},{"floor":35,"key":"Ancient Potion"}],"is_trial":false,"path_per_floor":["M","M","M","M","M","E","R","M","T","?","$","R","M","E","R","B",null,"M","$","?","M","T","R","M","R","T","M","M","M","M","E","R","B",null,"M","?","M","?","M","R","E"],"character_chosen":"DEFECT","items_purchased":["Machine Learning","Force Field","Self Repair","Core Surge+1"],"campfire_rested":4,"item_purchase_floors":[11,11,19,19],"current_hp_per_floor":[75,75,75,69,69,45,45,32,32,21,26,50,47,35,59,19,85,51,51,35,33,33,58,44,44,44,17,14,8,14,12,37,35,85,69,69,85,74,63,63,0],"gold":346,"neow_bonus":"THREE_ENEMY_KILL","is_prod":false,"is_daily":false,"chose_seed":false,"campfire_upgraded":2,"win_rate":0,"timestamp":1551693917,"path_taken":["M","M","?","M","M","E","R","M","T","?","?","R","M","E","R","BOSS","M","$","?","M","?","R","M","R","T","?","M","M","M","E","R","BOSS","M","?","M","?","M","R","E"],"build_version":"2019-01-23","purchased_purges":1,"victory":false,"max_hp_per_floor":[75,75,75,75,75,75,75,75,75,75,80,80,80,80,80,80,85,85,85,85,85,85,85,85,85,85,85,85,85,85,85,85,85,85,85,85,85,85,85,85,85],"card_choices":[{"not_picked":["Go for the Eyes","Tempest"],"picked":"Ball Lightning","floor":1},{"not_picked":["Beam Cell","Sweeping Beam"],"picked":"Reinforced Body","floor":2},{"not_picked":["FTL","Steam"],"picked":"Cold Snap","floor":3},{"not_picked":["FTL","Compile Driver"],"picked":"Leap","floor":4},{"not_picked":["Conserve Battery","Beam Cell"],"picked":"Turbo","floor":5},{"not_picked":["Recycle","Tempest"],"picked":"Hyperbeam","floor":6},{"not_picked":["Barrage","Hologram"],"picked":"Steam Power","floor":8},{"not_picked":["Compile Driver","Gash"],"picked":"Coolheaded","floor":13},{"not_picked":["Double Energy","Sweeping Beam"],"picked":"Streamline","floor":14},{"not_picked":["Buffer","Reboot"],"picked":"Creative AI","floor":16},{"not_picked":["Hologram","Go for the Eyes+1"],"picked":"Coolheaded","floor":17},{"not_picked":["Barrage+1","Steam Power"],"picked":"Heatsinks","floor":18},{"not_picked":["Glacier+1","Aggregate"],"picked":"Loop+1","floor":21},{"not_picked":["Steam","Conserve Battery"],"picked":"Steam Power","floor":24},{"not_picked":["Sweeping Beam+1","Redo"],"picked":"Turbo","floor":27},{"not_picked":["Steam","Sweeping Beam+1"],"picked":"Fusion+1","floor":28},{"not_picked":["Conserve Battery","Cold Snap+1"],"picked":"Heatsinks+1","floor":29},{"not_picked":["Storm","Undo"],"picked":"Heatsinks+1","floor":30},{"not_picked":["Ball Lightning+1","Beam Cell+1"],"picked":"Storm","floor":31},{"not_picked":["Redo","Conserve Battery"],"picked":"Steam","floor":32},{"not_picked":["All For One+1","Thunder Strike+1"],"picked":"Amplify","floor":33},{"not_picked":["Rebound+1","Beam Cell+1"],"picked":"Streamline+1","floor":35},{"not_picked":["Madness","Discovery"],"picked":"Chrysalis","floor":36},{"not_picked":["Lockon+1","Stack"],"picked":"Static Discharge+1","floor":37},{"not_picked":["Beam Cell+1","Streamline+1"],"picked":"White Noise","floor":39}],"player_experience":57601,"relics_obtained":[{"floor":6,"key":"Incense Burner"},{"floor":14,"key":"Molten Egg 2"},{"floor":20,"key":"Necronomicon"},{"floor":22,"key":"Blood Vial"},{"floor":26,"key":"Dream Catcher"},{"floor":31,"key":"Ornamental Fan"}],"event_choices":[{"damage_healed":0,"gold_gain":75,"player_choice":"Gather Gold","damage_taken":11,"max_hp_gain":0,"max_hp_loss":0,"event_name":"World of Goop","floor":10,"gold_loss":0},{"damage_healed":0,"gold_gain":0,"player_choice":"Obtained Book","damage_taken":16,"max_hp_gain":0,"max_hp_loss":0,"event_name":"Cursed Tome","floor":20,"gold_loss":0},{"damage_healed":0,"gold_gain":0,"player_choice":"Memory 1","damage_taken":0,"max_hp_gain":0,"max_hp_loss":0,"event_name":"SensoryStone","floor":36,"gold_loss":0},{"damage_healed":0,"gold_gain":0,"player_choice":"Embrace Madness","damage_taken":11,"max_hp_gain":0,"max_hp_loss":0,"event_name":"Winding Halls","floor":38,"gold_loss":0,"cards_obtained":["Madness","Madness"]}],"is_beta":false,"boss_relics":[{"not_picked":["Sozu","Runic Pyramid"],"picked":"Tiny House"},{"not_picked":["Empty Cage","Orrery"],"picked":"Nuclear Battery"}],"items_purged_floors":[11],"is_endless":false,"potions_floor_spawned":[5,6,13,16,24,27,28,30,35],"killed_by":"Giant Head","ascension_level":1}