{"gold_per_floor":[113,43,43,43,57,92,92,22,22,22,54,65,65,78,78,78],"floor_reached":16,"playtime":628,"items_purged":[],"score":178,"play_id":"f4b712ac-021d-418e-aead-eace59c0ffba","local_time":"20190413212827","is_ascension_mode":true,"campfire_choices":[{"data":"Sunder","floor":7,"key":"SMITH"},{"data":"Rainbow","floor":10,"key":"SMITH"},{"floor":13,"key":"REST"},{"data":"Redo","floor":15,"key":"SMITH"}],"neow_cost":"TEN_PERCENT_HP_LOSS","seed_source_timestamp":33846927230600,"circlet_count":0,"master_deck":["AscendersBane","Strike_B","Strike_B","Strike_B","Defend_B","Defend_B","Defend_B","Zap","Dualcast","Core Surge","Sunder+1","Rainbow+1","Barrage","Redo+1","Seek"],"relics":["Cracked Core","Vajra","Potion Belt","Thread and Needle","Pen Nib"],"potions_floor_usage":[11,16],"damage_taken":[{"damage":0,"enemies":"Small Slimes","floor":1,"turns":2},{"damage":0,"enemies":"Cultist","floor":5,"turns":3},{"damage":35,"enemies":"3 Sentries","floor":6,"turns":6},{"damage":17,"enemies":"Lagavulin","floor":11,"turns":5},{"damage":3,"enemies":"2 Louse","floor":12,"turns":2},{"damage":14,"enemies":"Large Slime","floor":14,"turns":3},{"damage":22,"enemies":"Hexaghost","floor":16,"turns":7}],"seed_played":"6743820670064300920","potions_obtained":[{"floor":6,"key":"Block Potion"},{"floor":12,"key":"AttackPotion"}],"is_trial":false,"path_per_floor":["M","$","?","$","M","E","R","$","T","R","E","M","R","M","R","B"],"character_chosen":"DEFECT","items_purchased":["Core Surge","Rainbow"],"campfire_rested":1,"item_purchase_floors":[2,8],"current_hp_per_floor":[68,68,68,68,68,33,33,33,33,33,16,13,33,19,19,0],"gold":78,"neow_bonus":"REMOVE_TWO","is_prod":false,"is_daily":false,"chose_seed":false,"campfire_upgraded":3,"win_rate":0,"timestamp":1555158507,"path_taken":["M","$","?","$","?","E","R","$","T","R","E","M","R","M","R","BOSS"],"build_version":"2019-01-23","purchased_purges":0,"victory":false,"max_hp_per_floor":[68,68,68,68,68,68,68,68,68,68,68,68,68,68,68,68],"card_choices":[{"not_picked":["Turbo","Stack"],"picked":"Redo","floor":1},{"not_picked":["Melter","Static Discharge"],"picked":"Sunder","floor":5},{"not_picked":["Beam Cell","Go for the Eyes","Skim"],"picked":"SKIP","floor":6},{"not_picked":["Reprogram","Leap"],"picked":"Barrage","floor":11},{"not_picked":["Ball Lightning","Loop"],"picked":"Redo","floor":12},{"not_picked":["Rebound","FTL"],"picked":"Seek","floor":14}],"player_experience":741089,"relics_obtained":[{"floor":6,"key":"Potion Belt"},{"floor":9,"key":"Thread and Needle"},{"floor":11,"key":"Pen Nib"}],"event_choices":[{"cards_removed":["Redo"],"damage_healed":0,"gold_gain":0,"player_choice":"Gave Card","damage_taken":0,"relics_obtained":["Vajra"],"max_hp_gain":0,"max_hp_loss":0,"event_name":"WeMeetAgain","floor":3,"gold_loss":0}],"is_beta":false,"boss_relics":[],"items_purged_floors":[],"is_endless":false,"potions_floor_spawned":[6,12],"killed_by":"Hexaghost","ascension_level":13}