{"gold_per_floor":[111,129,129,4,24,58,58,83,83,83,100,25,25,25,25,98,98,112,39,39],"floor_reached":20,"playtime":797,"items_purged":["Strike_B"],"score":297,"play_id":"e02e5e7f-aa3a-4dff-8b9a-e6779ad63c56","local_time":"20190411135638","is_ascension_mode":true,"campfire_choices":[{"floor":7,"key":"REST"},{"floor":10,"key":"REST"},{"floor":15,"key":"REST"}],"neow_cost":"TEN_PERCENT_HP_LOSS","seed_source_timestamp":14858069634996,"circlet_count":0,"master_deck":["AscendersBane","Defend_B","Defend_B","Defend_B","Defend_B","Zap","Dualcast","Rip and Tear","Reprogram","Conserve Battery","Recycle","Echo Form","Flash of Steel","Hello World","Double Energy","Sweeping Beam","Leap","Creative AI","Consume","Defragment"],"relics":["Cracked Core","Letter Opener","Bottled Lightning","Bottled Flame","Cursed Key"],"potions_floor_usage":[6,8],"damage_taken":[{"damage":7,"enemies":"Small Slimes","floor":1,"turns":3},{"damage":0,"enemies":"Cultist","floor":2,"turns":3},{"damage":6,"enemies":"Jaw Worm","floor":5,"turns":4},{"damage":40,"enemies":"Gremlin Nob","floor":6,"turns":5},{"damage":27,"enemies":"3 Sentries","floor":8,"turns":5},{"damage":8,"enemies":"Blue Slaver","floor":11,"turns":3},{"damage":37,"enemies":"The Guardian","floor":16,"turns":11},{"damage":19,"enemies":"Chosen","floor":18,"turns":4},{"damage":38,"enemies":"Spheric Guardian","floor":20,"turns":4}],"seed_played":"-2350493166769407386","potions_obtained":[{"floor":5,"key":"Poison Potion"},{"floor":6,"key":"Energy Potion"},{"floor":16,"key":"EssenceOfSteel"}],"is_trial":false,"path_per_floor":["M","M","?","$","M","E","R","E","T","R","M","$","?","?","R","B",null,"M","$","M"],"character_chosen":"DEFECT","items_purchased":["Flash of Steel","Hello World","Defragment"],"campfire_rested":3,"item_purchase_floors":[4,4,19],"current_hp_per_floor":[61,61,61,61,55,15,35,8,8,28,20,20,25,25,46,9,57,38,38,0],"gold":39,"neow_bonus":"TRANSFORM_TWO_CARDS","is_prod":false,"is_daily":false,"chose_seed":false,"campfire_upgraded":0,"win_rate":0,"timestamp":1554958598,"path_taken":["M","M","?","?","M","E","R","E","T","R","M","$","?","?","R","BOSS","M","$","M"],"build_version":"2019-01-23","purchased_purges":1,"victory":false,"max_hp_per_floor":[68,68,68,68,68,68,68,68,68,68,68,68,73,73,73,73,73,73,73,73],"card_choices":[{"not_picked":["Stack","Steam"],"picked":"Conserve Battery","floor":1},{"not_picked":["Hologram","Auto Shields"],"picked":"Recycle","floor":2},{"not_picked":["Go for the Eyes","Tempest"],"picked":"Double Energy","floor":5},{"not_picked":["Ball Lightning","Beam Cell","Blizzard"],"picked":"SKIP","floor":6},{"not_picked":["Auto Shields","Biased Cognition","Storm"],"picked":"SKIP","floor":8},{"not_picked":["Barrage","Doom and Gloom"],"picked":"Sweeping Beam","floor":11},{"not_picked":["Core Surge","Reboot"],"picked":"Creative AI","floor":16},{"not_picked":["Gash","Coolheaded"],"picked":"Consume","floor":18}],"player_experience":722012,"relics_obtained":[{"floor":6,"key":"Letter Opener"},{"floor":8,"key":"Bottled Lightning"},{"floor":9,"key":"Bottled Flame"}],"event_choices":[{"damage_healed":0,"gold_gain":0,"player_choice":"1 cards matched","damage_taken":0,"max_hp_gain":0,"max_hp_loss":0,"event_name":"Match and Keep!","floor":3,"gold_loss":0,"cards_obtained":["Echo Form"]},{"damage_healed":0,"gold_gain":0,"player_choice":"Donut","damage_taken":0,"max_hp_gain":5,"max_hp_loss":0,"event_name":"Big Fish","floor":13,"gold_loss":0},{"damage_healed":0,"gold_gain":0,"cards_transformed":["Strike_B"],"player_choice":"Change","damage_taken":0,"max_hp_gain":0,"max_hp_loss":0,"event_name":"Living Wall","floor":14,"gold_loss":0,"cards_obtained":["Leap"]}],"is_beta":false,"boss_relics":[{"not_picked":["Runic Dome","Fusion Hammer"],"picked":"Cursed Key"}],"items_purged_floors":[12],"is_endless":false,"potions_floor_spawned":[5,6,16],"killed_by":"Spheric Guardian","ascension_level":13}