{"gold_per_floor":[113,113,163,178,178,178,178],"floor_reached":7,"playtime":246,"items_purged":[],"score":78,"play_id":"2a3e7218-3bac-4cda-b7d3-028bba5905b3","local_time":"20190324035239","daily_mods":["Draft","Chimera","Diverse","Colorless Cards","Heirloom","Flight","DeadlyEvents","Elite Swarm"],"is_ascension_mode":true,"campfire_choices":[{"floor":6.0,"key":"DIG"}],"neow_cost":"","seed_source_timestamp":55334270024879,"circlet_count":0,"master_deck":["AscendersBane","Bash","Survivor","Zap","Strike_R","Strike_G","Strike_B","Defend_R","Defend_G","Defend_B","Gash","Conserve Battery","Bloodletting","Acrobatics","Rebound","Spot Weakness","Prepared","Hello World","Redo","Madness","Forethought","Backflip","Shrug It Off","Stack","Melter","Sentinel","Escape Plan"],"special_seed":0,"relics":["Snecko Eye","Shovel","Pen Nib","Centennial Puzzle"],"potions_floor_usage":[],"damage_taken":[{"damage":7.0,"enemies":"Jaw Worm","floor":1.0,"turns":3.0},{"damage":14.0,"enemies":"2 Louse","floor":4.0,"turns":5.0},{"damage":0,"enemies":"3 Sentries","floor":7,"turns":1}],"seed_played":"845749117353243242","potions_obtained":[],"is_trial":true,"path_per_floor":["M","?","?","M","?","R","E"],"character_chosen":"THE_SILENT","items_purchased":[],"campfire_rested":0,"item_purchase_floors":[],"current_hp_per_floor":[52,52,46,32,32,32,32],"gold":178,"neow_bonus":"","is_prod":false,"is_daily":false,"chose_seed":false,"campfire_upgraded":0,"win_rate":0,"timestamp":1553367159,"path_taken":["M","?","?","?","?","R","?"],"build_version":"2019-01-23","purchased_purges":0,"victory":false,"max_hp_per_floor":[66,66,66,66,66,66,66],"card_choices":[{"not_picked":["Barrage","Streamline"],"picked":"Gash","floor":0.0},{"not_picked":["Headbutt","Underhanded Strike"],"picked":"Conserve Battery","floor":0.0},{"not_picked":["Catalyst","Go for the Eyes"],"picked":"Bloodletting","floor":0.0},{"not_picked":["Poisoned Stab","Wild Strike"],"picked":"Acrobatics","floor":0.0},{"not_picked":["Barrage","Reinforced Body"],"picked":"Rebound","floor":0.0},{"not_picked":["Havoc","Rebound"],"picked":"Spot Weakness","floor":0.0},{"not_picked":["Headbutt","Anger"],"picked":"Prepared","floor":0.0},{"not_picked":["Ball Lightning","Chill"],"picked":"Hello World","floor":0.0},{"not_picked":["Wild Strike","Twin Strike"],"picked":"Redo","floor":0.0},{"not_picked":["Anger","Thunderclap"],"picked":"Madness","floor":0.0},{"not_picked":["Thunderclap","Turbo"],"picked":"Forethought","floor":0.0},{"not_picked":["Power Through","Dagger Spray"],"picked":"Backflip","floor":0.0},{"not_picked":["Choke","Skim"],"picked":"Shrug It Off","floor":0.0},{"not_picked":["Twin Strike","Sword Boomerang"],"picked":"Stack","floor":0.0},{"not_picked":["Perfected Strike","Good Instincts"],"picked":"Melter","floor":0.0},{"not_picked":["Prepared","Beam Cell"],"picked":"Sentinel","floor":1.0},{"not_picked":["Rebound","Sword Boomerang"],"picked":"Escape Plan","floor":4.0}],"player_experience":555659,"relics_obtained":[{"floor":6.0,"key":"Centennial Puzzle"}],"event_choices":[{"damage_healed":0.0,"max_hp_gain":0.0,"max_hp_loss":0.0,"gold_gain":0.0,"event_name":"Big Fish","player_choice":"Box","floor":2.0,"gold_loss":0.0,"damage_taken":0.0,"relics_obtained":["Pen Nib"],"cards_obtained":["Regret"]},{"damage_healed":0.0,"max_hp_gain":0.0,"max_hp_loss":0.0,"gold_gain":50.0,"event_name":"FaceTrader","player_choice":"Touch","floor":3.0,"gold_loss":0.0,"damage_taken":6.0},{"cards_removed":["Regret"],"damage_healed":0.0,"max_hp_gain":0.0,"max_hp_loss":0.0,"gold_gain":0.0,"event_name":"Fountain of Cleansing","player_choice":"Removed Curses","floor":5.0,"gold_loss":0.0,"damage_taken":0.0}],"is_beta":false,"boss_relics":[],"items_purged_floors":[],"is_endless":false,"potions_floor_spawned":[],"killed_by":"3 Sentries","ascension_level":20}