{"gold_per_floor":[99,119,119,129,3,3,3,3,3,3,13,13,39,58,58,161,161,171,171,185,204,216,216,228,228,228,228,228,241,14,14,14,14],"floor_reached":33,"playtime":2802,"items_purged":["Defend_G"],"score":247,"play_id":"208dedc2-4727-4120-ae26-eda9da7299ab","local_time":"20190412144409","is_ascension_mode":false,"campfire_choices":[{"data":"Bane","floor":6,"key":"SMITH"},{"data":"Noxious Fumes","floor":8,"key":"SMITH"},{"data":"Neutralize","floor":15,"key":"SMITH"},{"data":"Noxious Fumes","floor":23,"key":"SMITH"},{"data":"Infinite Blades","floor":25,"key":"SMITH"},{"data":"Bane","floor":28,"key":"SMITH"},{"data":"Reflex","floor":32,"key":"SMITH"}],"neow_cost":"NONE","seed_source_timestamp":19128677364685,"circlet_count":0,"master_deck":["Defend_G","Defend_G","Defend_G","Defend_G","Strike_G","Strike_G","Strike_G","Strike_G","Survivor","Neutralize+1","Infinite Blades","Noxious Fumes+1","Bane+1","Bane+1","A Thousand Cuts","Bane+1","Noxious Fumes+1","Infinite Blades+1","Reflex+1","Well Laid Plans","Underhanded Strike","Madness"],"relics":["Ring of the Snake","Thread and Needle","Gambling Chip","PreservedInsect","HoveringKite","MutagenicStrength","Blue Candle"],"potions_floor_usage":[16,16,18,33,33],"damage_taken":[{"damage":8,"enemies":"Jaw Worm","floor":1,"turns":8},{"damage":1,"enemies":"2 Louse","floor":2,"turns":4},{"damage":2,"enemies":"Small Slimes","floor":4,"turns":4},{"damage":1,"enemies":"Looter","floor":11,"turns":3},{"damage":8,"enemies":"Gremlin Nob","floor":13,"turns":5},{"damage":0,"enemies":"Exordium Thugs","floor":14,"turns":3},{"damage":15,"enemies":"The Guardian","floor":16,"turns":11},{"damage":11,"enemies":"2 Thieves","floor":18,"turns":4},{"damage":9,"enemies":"Shell Parasite","floor":20,"turns":5},{"damage":6,"enemies":"Cultist and Chosen","floor":21,"turns":6},{"damage":14,"enemies":"Snecko","floor":22,"turns":5},{"damage":15,"enemies":"Centurion and Healer","floor":24,"turns":5},{"damage":5,"enemies":"Cultist and Chosen","floor":29,"turns":5},{"damage":51,"enemies":"Collector","floor":33,"turns":5}],"seed_played":"-8764388424124230599","potions_obtained":[{"floor":13,"key":"Weak Potion"},{"floor":14,"key":"LiquidBronze"},{"floor":16,"key":"FearPotion"},{"floor":18,"key":"Ancient Potion"},{"floor":22,"key":"EssenceOfSteel"}],"is_trial":false,"path_per_floor":["M","M","?","M","$","R","?","R","T","$","M","?","E","M","R","B",null,"M","?","M","M","M","R","M","R","T","?","R","M","$","?","R","B"],"character_chosen":"THE_SILENT","items_purchased":["Bane","Well Laid Plans","Underhanded Strike","Madness"],"campfire_rested":0,"item_purchase_floors":[5,30,30,30],"current_hp_per_floor":[69,68,61,59,59,59,64,64,64,64,63,56,48,48,48,33,82,71,71,62,56,42,42,27,27,27,27,27,22,22,49,49,0],"gold":14,"neow_bonus":"TEN_PERCENT_HP_BONUS","is_prod":false,"is_daily":false,"chose_seed":false,"campfire_upgraded":7,"win_rate":0.0,"timestamp":1555073049,"path_taken":["M","M","?","M","$","R","?","R","T","$","M","?","E","M","R","BOSS","M","?","M","M","M","R","M","R","T","?","R","M","$","?","R","BOSS"],"build_version":"2019-01-23","purchased_purges":1,"victory":false,"max_hp_per_floor":[77,77,77,77,77,77,82,82,82,82,82,82,82,82,82,82,82,82,82,82,82,82,82,82,82,82,82,82,82,82,82,82,82],"card_choices":[{"not_picked":["Underhanded Strike","Blade Dance","Dodge and Roll"],"picked":"SKIP","floor":1},{"not_picked":["Backflip","Prepared"],"picked":"Infinite Blades","floor":2},{"not_picked":["Prepared","Phantasmal Killer"],"picked":"Noxious Fumes","floor":4},{"not_picked":["Acrobatics","PiercingWail","Sucker Punch"],"picked":"SKIP","floor":11},{"not_picked":["Underhanded Strike","Dash"],"picked":"Bane","floor":13},{"not_picked":["Wraith Form v2","Dagger Throw","Finisher"],"picked":"SKIP","floor":14},{"not_picked":["Tools of the Trade","Die Die Die"],"picked":"A Thousand Cuts","floor":16},{"not_picked":["Slice","Footwork+1"],"picked":"Bane+1","floor":18},{"not_picked":["Terror+1","PiercingWail"],"picked":"Noxious Fumes","floor":20},{"not_picked":["Prepared","Sucker Punch+1","Doppelganger"],"picked":"SKIP","floor":21},{"not_picked":["Dagger Spray","Quick Slash"],"picked":"Infinite Blades","floor":22},{"not_picked":["Flying Knee","Quick Slash","Slice"],"picked":"SKIP","floor":24},{"not_picked":["Deadly Poison+1","Outmaneuver+1"],"picked":"Reflex","floor":29}],"player_experience":88707,"relics_obtained":[{"floor":9,"key":"Thread and Needle"},{"floor":13,"key":"PreservedInsect"},{"floor":26,"key":"Blue Candle"}],"event_choices":[{"cards_removed":["Strike_G"],"damage_healed":0,"gold_gain":0,"player_choice":"Card Removal","damage_taken":7,"max_hp_gain":0,"max_hp_loss":0,"event_name":"Golden Wing","floor":3,"gold_loss":0},{"damage_healed":0,"gold_gain":0,"player_choice":"Donut","damage_taken":0,"max_hp_gain":5,"max_hp_loss":0,"event_name":"Big Fish","floor":7,"gold_loss":0},{"damage_healed":0,"gold_gain":0,"player_choice":"Success","damage_taken":7,"relics_obtained":["Gambling Chip"],"max_hp_gain":0,"max_hp_loss":0,"event_name":"Scrap Ooze","floor":12,"gold_loss":0},{"damage_healed":0,"gold_gain":0,"player_choice":"Inject Mutagens","damage_taken":0,"relics_obtained":["MutagenicStrength"],"max_hp_gain":0,"max_hp_loss":0,"event_name":"Drug Dealer","floor":19,"gold_loss":0},{"damage_healed":0,"gold_gain":0,"player_choice":"Ignored","damage_taken":0,"max_hp_gain":0,"max_hp_loss":0,"event_name":"The Mausoleum","floor":27,"gold_loss":0},{"damage_healed":27,"gold_gain":0,"player_choice":"Heal","damage_taken":0,"max_hp_gain":0,"max_hp_loss":0,"event_name":"The Library","floor":31,"gold_loss":0}],"is_beta":false,"boss_relics":[{"not_picked":["Ectoplasm","Calling Bell"],"picked":"HoveringKite"}],"items_purged_floors":[5],"is_endless":false,"potions_floor_spawned":[13,14,16,18,22],"killed_by":"Collector","ascension_level":0}