{"gold_per_floor":[365,378,395,22,35,68,68,68,146,96,114,114,1,20,20,148,211,236,110,3,27,65,65,90,123,175,175,200,225,9,25,25,153,153,168,187,245,245,6,46,171,171],"floor_reached":42,"playtime":2574,"items_purged":["Strike_B","Strike_B","Strike_B","Defend_B"],"score":648,"play_id":"089d2ed3-c236-499d-a9d1-907b7394295f","local_time":"20190321175627","is_ascension_mode":true,"campfire_choices":[{"data":"Apotheosis","floor":8.0,"key":"SMITH"},{"floor":15.0,"key":"REST"},{"floor":23,"key":"REST"},{"floor":27,"key":"REST"},{"floor":32,"key":"REST"}],"neow_cost":"TEN_PERCENT_HP_LOSS","seed_source_timestamp":20121185865599,"circlet_count":0,"master_deck":["Defend_B","Defend_B","Defend_B","Zap","Dualcast","Fusion","Ball Lightning","Hologram+1","Apotheosis+1","Chill","Ball Lightning+1","Capacitor","Cold Snap","Leap","Redo+1","Coolheaded","Biased Cognition","Compile Driver","Glacier","Echo Form","Blizzard","Defragment","Loop","Loop","White Noise+1","Rebound+1","Turbo","Tempest+1","Fission","Self Repair","Loop+1","Secret Technique","Defragment","White Noise","Coolheaded","Coolheaded+1"],"special_seed":0,"relics":["Cracked Core","Membership Card","Darkstone Periapt","Golden Idol","Tiny Chest","Omamori","Anchor","Tiny House","Bag of Preparation","Red Mask","Potion Belt","Bronze Scales","Dream Catcher","Blood Vial","Busted Crown","Thread and Needle","War Paint","Nunchaku"],"potions_floor_usage":[16,22,25,25,33],"damage_taken":[{"damage":5.0,"enemies":"Cultist","floor":1.0,"turns":4.0},{"damage":4.0,"enemies":"Jaw Worm","floor":2.0,"turns":5.0},{"damage":8.0,"enemies":"2 Louse","floor":3.0,"turns":3.0},{"damage":0.0,"enemies":"Exordium Wildlife","floor":5.0,"turns":5.0},{"damage":23.0,"enemies":"Gremlin Nob","floor":6.0,"turns":4.0},{"damage":9.0,"enemies":"Red Slaver","floor":11.0,"turns":3.0},{"damage":0.0,"enemies":"2 Fungi Beasts","floor":14.0,"turns":2.0},{"damage":11,"enemies":"Hexaghost","floor":16,"turns":11},{"damage":25,"enemies":"3 Byrds","floor":18,"turns":4},{"damage":10,"enemies":"Shell Parasite","floor":21,"turns":8},{"damage":39,"enemies":"Masked Bandits","floor":22,"turns":6},{"damage":0,"enemies":"Cultist and Chosen","floor":24,"turns":5},{"damage":11,"enemies":"Book of Stabbing","floor":25,"turns":6},{"damage":0,"enemies":"Shelled Parasite and Fungi","floor":28,"turns":5},{"damage":2,"enemies":"3 Cultists","floor":29,"turns":6},{"damage":20,"enemies":"Snecko","floor":31,"turns":5},{"damage":0,"enemies":"Champ","floor":33,"turns":11},{"damage":10,"enemies":"Orb Walker","floor":35,"turns":2},{"damage":14,"enemies":"3 Shapes","floor":36,"turns":4},{"damage":26,"enemies":"2 Orb Walkers","floor":37,"turns":6},{"damage":9,"enemies":"Nemesis","floor":40,"turns":7},{"damage":3,"enemies":"Mind Bloom Boss Battle","floor":41,"turns":5},{"damage":64,"enemies":"Reptomancer","floor":42,"turns":3}],"seed_played":"-1381838020330355348","potions_obtained":[{"floor":1.0,"key":"Explosive Potion"},{"floor":3.0,"key":"GamblersBrew"},{"floor":16,"key":"Energy Potion"},{"floor":17,"key":"FairyPotion"},{"floor":21,"key":"FocusPotion"},{"floor":24,"key":"Fire Potion"},{"floor":25,"key":"Ancient Potion"},{"floor":33,"key":"Weak Potion"},{"floor":35,"key":"LiquidBronze"},{"floor":40,"key":"FearPotion"}],"is_trial":false,"path_per_floor":["M","M","M","$","M","E","?","R","T","?","M","?","$","M","R","B",null,"M","$","$","M","?","R","M","E","T","R","M","M","$","M","R","B",null,"M","M","?","?","$","E","?","E"],"character_chosen":"DEFECT","items_purchased":["Membership Card","Apotheosis","Chill","Leap","Redo","Anchor","Echo Form","Blizzard","Defragment","Bag of Preparation","Dream Catcher","Blood Vial","Secret Technique","Defragment","White Noise","Coolheaded"],"campfire_rested":4,"item_purchase_floors":[4,4,4,13,13,13,19,19,20,20,30,30,39,39,39,39],"current_hp_per_floor":[63,59,51,51,51,28,28,28,28,28,19,7,7,7,25,14,68,43,43,43,33,2,22,22,11,11,31,31,29,29,11,31,33,68,58,46,32,49,49,52,61,0],"gold":171,"neow_bonus":"TWO_FIFTY_GOLD","is_prod":false,"is_daily":false,"chose_seed":false,"campfire_upgraded":1,"win_rate":0,"timestamp":1553158587,"path_taken":["M","?","M","$","M","E","?","R","T","?","M","?","$","?","R","BOSS","M","?","$","M","?","R","M","E","T","R","M","?","$","M","R","BOSS","M","M","?","?","$","E","?","E"],"build_version":"2019-01-23","purchased_purges":4,"victory":false,"max_hp_per_floor":[68,68,68,68,68,68,63,63,63,63,63,63,63,63,63,63,68,68,68,68,68,68,68,68,68,68,68,68,68,68,68,68,68,68,68,68,68,68,68,68,68,68],"card_choices":[{"not_picked":["Turbo","Static Discharge"],"picked":"Fusion","floor":1.0},{"not_picked":["Rebound","Sweeping Beam"],"picked":"Ball Lightning","floor":2.0},{"not_picked":["Stack","Lockon"],"picked":"Hologram","floor":3.0},{"not_picked":["Go for the Eyes","Beam Cell"],"picked":"Ball Lightning","floor":5.0},{"not_picked":["Ball Lightning","Hologram"],"picked":"Capacitor","floor":6.0},{"not_picked":["Genetic Algorithm","Coolheaded"],"picked":"Cold Snap","floor":11.0},{"not_picked":["Double Energy","Darkness"],"picked":"Coolheaded","floor":14.0},{"not_picked":["Seek","Echo Form"],"picked":"Biased Cognition","floor":16},{"not_picked":["Leap","Cold Snap"],"picked":"Compile Driver","floor":17},{"not_picked":["Beam Cell","Leap"],"picked":"Glacier","floor":18},{"not_picked":["Compile Driver","Glacier"],"picked":"Loop","floor":21},{"not_picked":["Rebound","Leap+1"],"picked":"Loop","floor":22},{"not_picked":["Darkness","Steam+1"],"picked":"White Noise+1","floor":24},{"not_picked":["Steam","Stack"],"picked":"Rebound+1","floor":25},{"not_picked":["Coolheaded","Darkness+1"],"picked":"Turbo","floor":28},{"not_picked":["Streamline+1","Capacitor","Storm"],"picked":"SKIP","floor":29},{"not_picked":["Genetic Algorithm","Beam Cell"],"picked":"Tempest+1","floor":31},{"not_picked":["Electrodynamics","Multi-Cast"],"picked":"Fission","floor":33},{"not_picked":["Static Discharge+1"],"picked":"SKIP","floor":35},{"not_picked":[],"picked":"Self Repair","floor":36},{"not_picked":[],"picked":"Loop+1","floor":37},{"not_picked":["Barrage"],"picked":"SKIP","floor":40},{"not_picked":[],"picked":"Coolheaded+1","floor":41}],"player_experience":490495,"relics_obtained":[{"floor":6.0,"key":"Darkstone Periapt"},{"floor":9.0,"key":"Tiny Chest"},{"floor":22,"key":"Red Mask"},{"floor":25,"key":"Potion Belt"},{"floor":26,"key":"Bronze Scales"},{"floor":37,"key":"Thread and Needle"},{"floor":40,"key":"War Paint"},{"floor":41,"key":"Nunchaku"}],"event_choices":[{"damage_healed":0.0,"max_hp_gain":0.0,"max_hp_loss":5.0,"gold_gain":0.0,"event_name":"Golden Idol","player_choice":"Lose Max HP","floor":7.0,"gold_loss":0.0,"damage_taken":0.0,"relics_obtained":["Golden Idol"]},{"cards_removed":["Strike_B"],"damage_healed":0.0,"max_hp_gain":0.0,"max_hp_loss":0.0,"gold_gain":0.0,"event_name":"The Cleric","player_choice":"Card Removal","floor":10.0,"gold_loss":50.0,"damage_taken":0.0},{"damage_healed":0.0,"max_hp_gain":0.0,"max_hp_loss":0.0,"gold_gain":0.0,"event_name":"Scrap Ooze","player_choice":"Success","floor":12.0,"gold_loss":0.0,"damage_taken":12.0,"relics_obtained":["Omamori"]},{"damage_healed":0,"gold_gain":0,"player_choice":"Fought Bandits","damage_taken":0,"max_hp_gain":0,"max_hp_loss":0,"event_name":"Masked Bandits","floor":22,"gold_loss":0},{"damage_healed":0,"gold_gain":0,"player_choice":"Fight","damage_taken":0,"max_hp_gain":0,"max_hp_loss":0,"event_name":"Mysterious Sphere","floor":37,"gold_loss":0},{"damage_healed":17,"gold_gain":0,"player_choice":"Writhe","damage_taken":0,"max_hp_gain":0,"max_hp_loss":0,"event_name":"Winding Halls","floor":38,"gold_loss":0,"cards_obtained":["Writhe"]},{"damage_healed":0,"gold_gain":0,"player_choice":"Fight","damage_taken":0,"max_hp_gain":0,"max_hp_loss":0,"event_name":"MindBloom","floor":41,"gold_loss":0}],"is_beta":false,"boss_relics":[{"not_picked":["Cursed Key","White Beast Statue"],"picked":"Tiny House"},{"not_picked":["Orrery","Eternal Feather"],"picked":"Busted Crown"}],"items_purged_floors":[4,19,30,39],"is_endless":false,"potions_floor_spawned":[1,3,16,21,24,25,33,35,40],"killed_by":"Reptomancer","ascension_level":4}