{"gold_per_floor":[217,217,63,83,95,95,107,107,107,107,73,92,92,102,102,203,203,219,134,134,74],"floor_reached":21,"playtime":1683,"items_purged":[],"score":169,"play_id":"db512f55-af31-4c1b-b26d-5514d264e859","local_time":"20190411225825","is_ascension_mode":false,"campfire_choices":[{"data":"Intimidate","floor":8,"key":"SMITH"},{"data":"Defend_R","floor":10,"key":"SMITH"},{"data":"Metallicize","floor":13,"key":"SMITH"},{"floor":15,"key":"REST"}],"neow_cost":"NONE","seed_source_timestamp":49123712928442,"circlet_count":0,"master_deck":["Strike_R","Strike_R","Strike_R","Strike_R","Defend_R","Defend_R","Defend_R","Defend_R+1","Bash","Intimidate+1","Metallicize+1"],"relics":["Burning Blood","Charon\u0027s Ashes","Blood Vial","Calipers","Mark of Pain","Orichalcum"],"potions_floor_usage":[16,16,18],"damage_taken":[{"damage":8,"enemies":"Small Slimes","floor":1,"turns":3},{"damage":9,"enemies":"2 Louse","floor":4,"turns":3},{"damage":5,"enemies":"Jaw Worm","floor":5,"turns":5},{"damage":31,"enemies":"Exordium Wildlife","floor":7,"turns":8},{"damage":4,"enemies":"Looter","floor":12,"turns":3},{"damage":19,"enemies":"Exordium Thugs","floor":14,"turns":7},{"damage":25,"enemies":"The Guardian","floor":16,"turns":17},{"damage":35,"enemies":"Chosen","floor":18,"turns":9},{"damage":50,"enemies":"Colosseum Slavers","floor":20,"turns":9},{"damage":12,"enemies":"2 Thieves","floor":21,"turns":2}],"seed_played":"-1536072605681068627","potions_obtained":[{"floor":1,"key":"PowerPotion"},{"floor":14,"key":"SkillPotion"},{"floor":16,"key":"PowerPotion"}],"is_trial":false,"path_per_floor":["M","?","$","M","M","?","M","R","T","R","$","M","R","M","R","B",null,"M","?","?","M"],"character_chosen":"IRONCLAD","items_purchased":["Blood Vial","Metallicize"],"campfire_rested":1,"item_purchase_floors":[3,11],"current_hp_per_floor":[78,71,71,70,73,66,43,43,43,43,43,47,47,36,60,43,80,51,51,9,0],"gold":74,"neow_bonus":"HUNDRED_GOLD","is_prod":false,"is_daily":false,"chose_seed":false,"campfire_upgraded":3,"win_rate":0.0,"timestamp":1555016305,"path_taken":["M","?","$","M","M","?","M","R","T","R","?","M","R","M","R","BOSS","M","?","?","M"],"build_version":"2019-01-23","purchased_purges":0,"victory":false,"max_hp_per_floor":[80,80,80,80,80,80,80,80,80,80,80,80,80,80,80,80,80,80,80,80,80],"card_choices":[{"not_picked":["Rage","Shrug It Off","True Grit"],"picked":"SKIP","floor":1},{"not_picked":["Clothesline","Thunderclap","Headbutt"],"picked":"SKIP","floor":4},{"not_picked":["Dual Wield","Pummel"],"picked":"Intimidate","floor":5},{"not_picked":["Flex","Cleave","Brutality"],"picked":"SKIP","floor":7},{"not_picked":["Wild Strike","Burning Pact","Iron Wave"],"picked":"SKIP","floor":12},{"not_picked":["Anger","Warcry","Wild Strike"],"picked":"SKIP","floor":14},{"not_picked":["Flex+1","Battle Trance+1","Infernal Blade"],"picked":"SKIP","floor":18}],"player_experience":59048,"relics_obtained":[{"floor":9,"key":"Calipers"}],"event_choices":[{"damage_healed":0,"gold_gain":0,"player_choice":"Success","damage_taken":7,"relics_obtained":["Charon\u0027s Ashes"],"max_hp_gain":0,"max_hp_loss":0,"event_name":"Scrap Ooze","floor":2,"gold_loss":0},{"cards_removed":["Strike_R"],"damage_healed":0,"gold_gain":0,"player_choice":"Card Removal","damage_taken":7,"max_hp_gain":0,"max_hp_loss":0,"event_name":"Golden Wing","floor":6,"gold_loss":0},{"damage_healed":0,"gold_gain":0,"player_choice":"Obtained Relic","damage_taken":0,"relics_obtained":["Orichalcum"],"max_hp_gain":0,"max_hp_loss":0,"event_name":"Addict","floor":19,"gold_loss":85},{"damage_healed":0,"gold_gain":0,"player_choice":"Fight","damage_taken":0,"max_hp_gain":0,"max_hp_loss":0,"event_name":"Colosseum","floor":20,"gold_loss":0},{"damage_healed":0,"gold_gain":0,"player_choice":"Fled From Nobs","damage_taken":0,"max_hp_gain":0,"max_hp_loss":0,"event_name":"Colosseum","floor":20,"gold_loss":0}],"is_beta":false,"boss_relics":[{"not_picked":["Lizard Tail","Eternal Feather"],"picked":"Mark of Pain"}],"items_purged_floors":[],"is_endless":false,"potions_floor_spawned":[1,14,16],"killed_by":"2 Thieves","ascension_level":0}