{"gold_per_floor":[110,110,185,200,200,200,229,229,229,286,297,314,314],"floor_reached":13,"playtime":510,"items_purged":[],"score":116,"play_id":"24409b19-f6c8-4292-a5a6-41a505e98ece","local_time":"20190404011132","is_ascension_mode":true,"campfire_choices":[{"data":"Redo","floor":6.0,"key":"SMITH"},{"data":"Reinforced Body","floor":8.0,"key":"SMITH"}],"neow_cost":"CURSE","seed_source_timestamp":21331826793041,"circlet_count":0,"master_deck":["Strike_B","Strike_B","Defend_B","Defend_B","Defend_B","Defend_B","Zap","Dualcast","Melter","Cold Snap","Cold Snap","Redo+1","Reinforced Body+1","Redo","BootSequence","Recycle"],"special_seed":0,"relics":["Cracked Core","Calipers","DataDisk","Vajra","Bottled Flame"],"potions_floor_usage":[13,13],"damage_taken":[{"damage":2.0,"enemies":"Jaw Worm","floor":1.0,"turns":4.0},{"damage":5.0,"enemies":"2 Louse","floor":4.0,"turns":2.0},{"damage":9.0,"enemies":"Lagavulin","floor":7.0,"turns":7.0},{"damage":7.0,"enemies":"Lagavulin Event","floor":10.0,"turns":9.0},{"damage":0.0,"enemies":"Small Slimes","floor":11.0,"turns":2.0},{"damage":0.0,"enemies":"Looter","floor":12.0,"turns":2.0},{"damage":15,"enemies":"Gremlin Nob","floor":13,"turns":5}],"seed_played":"4614033168377850337","potions_obtained":[{"floor":1.0,"key":"Poison Potion"},{"floor":11.0,"key":"SpeedPotion"},{"floor":12.0,"key":"Fruit Juice"}],"is_trial":false,"path_per_floor":["M","?","?","M","?","R","E","R","T","?","M","M","E"],"character_chosen":"DEFECT","items_purchased":[],"campfire_rested":0,"item_purchase_floors":[],"current_hp_per_floor":[66,48,37,32,25,25,16,16,16,9,9,14,0],"gold":314,"neow_bonus":"TRANSFORM_TWO_CARDS","is_prod":false,"is_daily":false,"chose_seed":false,"campfire_upgraded":2,"win_rate":0,"timestamp":1554307892,"path_taken":["M","?","?","M","?","R","E","R","T","?","M","M","E"],"build_version":"2019-01-23","purchased_purges":0,"victory":false,"max_hp_per_floor":[75,75,75,75,72,72,72,72,72,72,72,77,77],"card_choices":[{"not_picked":["Hologram","Streamline"],"picked":"Cold Snap","floor":1.0},{"not_picked":["Hologram","Go for the Eyes"],"picked":"Redo","floor":4.0},{"not_picked":["Force Field","Amplify"],"picked":"Reinforced Body","floor":7.0},{"not_picked":["Force Field","Gash"],"picked":"Redo","floor":10.0},{"not_picked":["Doom and Gloom","Compile Driver"],"picked":"BootSequence","floor":11.0},{"not_picked":["Loop","Barrage"],"picked":"Recycle","floor":12.0}],"player_experience":678879,"relics_obtained":[{"floor":7.0,"key":"DataDisk"},{"floor":9.0,"key":"Vajra"},{"floor":10.0,"key":"Bottled Flame"}],"event_choices":[{"damage_healed":0.0,"max_hp_gain":0.0,"max_hp_loss":0.0,"gold_gain":0.0,"event_name":"Scrap Ooze","player_choice":"Success","floor":2.0,"gold_loss":0.0,"damage_taken":18.0,"relics_obtained":["Calipers"]},{"damage_healed":0.0,"max_hp_gain":0.0,"max_hp_loss":0.0,"gold_gain":75.0,"event_name":"World of Goop","player_choice":"Gather Gold","floor":3.0,"gold_loss":0.0,"damage_taken":11.0},{"cards_removed":["Parasite"],"damage_healed":0.0,"max_hp_gain":0.0,"max_hp_loss":0.0,"gold_gain":0.0,"event_name":"Golden Wing","player_choice":"Card Removal","floor":5.0,"gold_loss":0.0,"damage_taken":7.0},{"damage_healed":0.0,"max_hp_gain":0.0,"max_hp_loss":0.0,"gold_gain":0.0,"event_name":"Dead Adventurer","player_choice":"Searched \u00271\u0027 times","floor":10.0,"gold_loss":0.0,"damage_taken":0.0}],"is_beta":false,"boss_relics":[],"items_purged_floors":[],"is_endless":false,"potions_floor_spawned":[1,11,12],"killed_by":"Gremlin Nob","ascension_level":8}