{"gold_per_floor":[119,69,80,80,90,90,118,118,118,138,138,154,184,204,204,300,300,318,129,129,44,44,44,54,9,9,65,77,87,87],"floor_reached":30,"playtime":1067,"items_purged":["Strike_B"],"score":388,"play_id":"7c0ea987-d7ed-4a5d-811a-d4ac27902704","local_time":"20190325223254","is_ascension_mode":true,"campfire_choices":[{"data":"Zap","floor":6,"key":"SMITH"},{"data":"Capacitor","floor":11,"key":"SMITH"},{"floor":15,"key":"REST"},{"data":"Self Repair","floor":23,"key":"SMITH"}],"neow_cost":"NONE","seed_source_timestamp":6132199987302,"circlet_count":0,"master_deck":["Strike_B","Strike_B","Defend_B","Defend_B","Defend_B","Defend_B","Zap+1","Dualcast","Conserve Battery","Streamline","Go for the Eyes","Capacitor+1","Ball Lightning+1","Redo+1","Ball Lightning+1","Coolheaded+1","Fission+1","Consume+1","Self Repair+1","Hologram+1","Necronomicurse","Cold Snap+1","Cold Snap+1","Fusion+1","Cold Snap+1","Ball Lightning+1","Sunder+1","Chill+1"],"relics":["Cracked Core","NeowsBlessing","Toxic Egg 2","Molten Egg 2","Pear","Letter Opener","Black Star","Necronomicon","Darkstone Periapt","Prayer Wheel","Lantern","Tiny Chest"],"potions_floor_usage":[10,16,24],"damage_taken":[{"damage":0,"enemies":"Cultist","floor":1,"turns":1},{"damage":0,"enemies":"2 Louse","floor":3,"turns":1},{"damage":0,"enemies":"Jaw Worm","floor":5,"turns":1},{"damage":35,"enemies":"Gremlin Nob","floor":7,"turns":4},{"damage":10,"enemies":"Gremlin Gang","floor":10,"turns":3},{"damage":18,"enemies":"Lots of Slimes","floor":12,"turns":3},{"damage":15,"enemies":"Lagavulin","floor":13,"turns":5},{"damage":0,"enemies":"Large Slime","floor":14,"turns":4},{"damage":0,"enemies":"Slime Boss","floor":16,"turns":6},{"damage":27,"enemies":"2 Thieves","floor":18,"turns":3},{"damage":10,"enemies":"Chosen","floor":24,"turns":4},{"damage":14,"enemies":"Book of Stabbing","floor":27,"turns":5},{"damage":17,"enemies":"Snake Plant","floor":28,"turns":4},{"damage":9,"enemies":"Centurion and Healer","floor":29,"turns":6},{"damage":14,"enemies":"Slavers","floor":30,"turns":1}],"seed_played":"-1693280993684349546","potions_obtained":[{"floor":1,"key":"Poison Potion"},{"floor":10,"key":"FearPotion"},{"floor":13,"key":"Dexterity Potion"},{"floor":22,"key":"Explosive Potion"},{"floor":22,"key":"Regen Potion"},{"floor":27,"key":"Strength Potion"}],"is_trial":false,"path_per_floor":["M","?","M","?","M","R","E","T","T","M","R","M","E","M","R","B",null,"M","$","?","?","?","R","M","$","T","E","M","M","E"],"character_chosen":"DEFECT","items_purchased":["Self Repair","Hologram+1","Cold Snap+1"],"campfire_rested":1,"item_purchase_floors":[19,19,25],"current_hp_per_floor":[75,75,75,75,75,75,40,40,50,40,40,22,7,7,32,32,72,45,45,29,29,29,29,38,38,38,24,17,8,0],"gold":87,"neow_bonus":"THREE_ENEMY_KILL","is_prod":false,"is_daily":false,"chose_seed":false,"campfire_upgraded":3,"win_rate":0,"timestamp":1553520774,"path_taken":["M","?","M","?","M","R","E","?","T","M","R","M","E","?","R","BOSS","M","?","?","?","?","R","?","$","T","E","M","M","E"],"build_version":"2019-01-23","purchased_purges":1,"victory":false,"max_hp_per_floor":[75,75,75,75,75,75,75,75,85,85,85,85,85,85,85,85,85,85,85,85,85,85,85,85,85,85,85,85,85,85],"card_choices":[{"not_picked":["BootSequence","White Noise"],"picked":"Conserve Battery","floor":1},{"not_picked":["Fusion","Hello World"],"picked":"Streamline","floor":3},{"not_picked":["Rip and Tear","Auto Shields"],"picked":"Go for the Eyes","floor":5},{"not_picked":["Genetic Algorithm","BootSequence"],"picked":"Capacitor","floor":7},{"not_picked":["Amplify+1","Redo+1"],"picked":"Ball Lightning+1","floor":10},{"not_picked":["Hello World","Blizzard+1"],"picked":"Redo+1","floor":12},{"not_picked":["All For One+1","Skim+1"],"picked":"Ball Lightning+1","floor":13},{"not_picked":["Redo+1","Compile Driver+1"],"picked":"Coolheaded+1","floor":14},{"not_picked":["Machine Learning","Meteor Strike+1"],"picked":"Fission+1","floor":16},{"not_picked":["Stack+1","FTL+1"],"picked":"Consume+1","floor":18},{"not_picked":["Stack+1","Go for the Eyes+1"],"picked":"Cold Snap+1","floor":24},{"not_picked":["Sweeping Beam+1","Scrape+1"],"picked":"Fusion+1","floor":27},{"not_picked":["Sweeping Beam+1","Rebound+1"],"picked":"Cold Snap+1","floor":28},{"not_picked":["Sweeping Beam+1","Coolheaded+1"],"picked":"Ball Lightning+1","floor":28},{"not_picked":["Rebound+1","Hello World+1"],"picked":"Sunder+1","floor":29},{"not_picked":["Streamline+1","Sweeping Beam+1"],"picked":"Chill+1","floor":29}],"player_experience":593060,"relics_obtained":[{"floor":7,"key":"Toxic Egg 2"},{"floor":8,"key":"Molten Egg 2"},{"floor":9,"key":"Pear"},{"floor":13,"key":"Letter Opener"},{"floor":20,"key":"Necronomicon"},{"floor":26,"key":"Prayer Wheel"},{"floor":27,"key":"Lantern"},{"floor":27,"key":"Tiny Chest"}],"event_choices":[{"cards_removed":["Strike_B"],"damage_healed":0,"gold_gain":0,"player_choice":"Card Removal","damage_taken":0,"max_hp_gain":0,"max_hp_loss":0,"event_name":"The Cleric","floor":2,"gold_loss":50},{"damage_healed":0,"gold_gain":0,"player_choice":"Ignored","damage_taken":0,"max_hp_gain":0,"max_hp_loss":0,"event_name":"Liars Game","floor":4,"gold_loss":0},{"damage_healed":0,"gold_gain":0,"player_choice":"Obtained Book","damage_taken":16,"max_hp_gain":0,"max_hp_loss":0,"event_name":"Cursed Tome","floor":20,"gold_loss":0},{"damage_healed":0,"gold_gain":0,"player_choice":"Obtained Relic","damage_taken":0,"relics_obtained":["Darkstone Periapt"],"max_hp_gain":0,"max_hp_loss":0,"event_name":"Addict","floor":21,"gold_loss":85},{"damage_healed":0,"gold_gain":0,"player_choice":"Got Potions","damage_taken":0,"max_hp_gain":0,"max_hp_loss":0,"event_name":"Lab","floor":22,"gold_loss":0}],"is_beta":false,"boss_relics":[{"not_picked":["Lizard Tail","Runic Pyramid"],"picked":"Black Star"}],"items_purged_floors":[19],"is_endless":false,"potions_floor_spawned":[1,10,13,27],"killed_by":"Slavers","ascension_level":5}