{"gold_per_floor":[13,13,24,24,24,24,51,226,305,324,49,49,63,19,19,123,123,139,18,18,98,48,48],"floor_reached":23,"playtime":832,"items_purged":["Doubt","Strike_B"],"score":231,"play_id":"39fbe68a-82a1-4fdb-9ee8-f96ea17d6a4c","local_time":"20190326005534","is_ascension_mode":true,"campfire_choices":[{"data":"Fission","floor":6.0,"key":"SMITH"},{"data":"Creative AI","floor":12.0,"key":"SMITH"},{"data":"Enlightenment","floor":15.0,"key":"SMITH"}],"neow_cost":"NO_GOLD","seed_source_timestamp":14768811936139,"circlet_count":0,"master_deck":["Strike_B","Defend_B","Defend_B","Defend_B","Zap","Dualcast","Rainbow+1","Fission+1","Chaos","Scrape","Redo","Creative AI+1","Sunder","Self Repair","Compile Driver","Enlightenment+1","Amplify","Reinforced Body+1"],"special_seed":0,"relics":["FrozenCore","Ginger","Meat on the Bone","Membership Card","Tiny Chest","War Paint","Dream Catcher","Letter Opener"],"potions_floor_usage":[23],"damage_taken":[{"damage":1.0,"enemies":"Small Slimes","floor":1.0,"turns":4.0},{"damage":3.0,"enemies":"Cultist","floor":3.0,"turns":4.0},{"damage":60.0,"enemies":"Gremlin Nob","floor":7.0,"turns":5.0},{"damage":0.0,"enemies":"Jaw Worm","floor":10.0,"turns":2.0},{"damage":0.0,"enemies":"3 Louse","floor":13.0,"turns":2.0},{"damage":31.0,"enemies":"Slime Boss","floor":16.0,"turns":7.0},{"damage":29.0,"enemies":"Spheric Guardian","floor":18.0,"turns":4.0},{"damage":50,"enemies":"Book of Stabbing","floor":23,"turns":6}],"seed_played":"-3964729751418432465","potions_obtained":[{"floor":1.0,"key":"Swift Potion"},{"floor":7.0,"key":"Explosive Potion"},{"floor":18.0,"key":"FearPotion"}],"is_trial":false,"path_per_floor":["M","?","M","?","$","R","E","?","T","M","$","R","M","$","R","B",null,"M","$","?","T","$","E"],"character_chosen":"DEFECT","items_purchased":["Membership Card","Self Repair","Enlightenment","Tiny Chest","War Paint"],"campfire_rested":0,"item_purchase_floors":[11,11,14,19,19],"current_hp_per_floor":[74,74,71,71,71,71,11,11,11,23,23,23,35,35,35,23,62,45,45,45,45,45,0],"gold":48,"neow_bonus":"TRANSFORM_TWO_CARDS","is_prod":false,"is_daily":false,"chose_seed":false,"campfire_upgraded":3,"win_rate":0,"timestamp":1553529334,"path_taken":["M","?","?","?","$","R","E","?","T","M","$","R","M","?","R","BOSS","M","$","?","?","$","E"],"build_version":"2019-01-23","purchased_purges":2,"victory":false,"max_hp_per_floor":[75,75,75,75,75,75,75,75,75,75,75,75,75,75,75,75,75,75,75,75,75,75,75],"card_choices":[{"not_picked":["BootSequence","Heatsinks"],"picked":"Chaos","floor":1.0},{"not_picked":["Go for the Eyes","Steam"],"picked":"Redo","floor":3.0},{"not_picked":["Go for the Eyes","Streamline"],"picked":"Creative AI","floor":7.0},{"not_picked":["Hello World","Scrape"],"picked":"Sunder","floor":10.0},{"not_picked":["Consume","Steam"],"picked":"Compile Driver","floor":13.0},{"not_picked":["Fission","Multi-Cast"],"picked":"Amplify","floor":16.0},{"not_picked":["Redo+1","Sunder"],"picked":"Reinforced Body","floor":18.0}],"player_experience":597214,"relics_obtained":[{"floor":7.0,"key":"Ginger"},{"floor":9.0,"key":"Meat on the Bone"},{"floor":21.0,"key":"Letter Opener"}],"event_choices":[{"damage_healed":0.0,"max_hp_gain":0.0,"max_hp_loss":0.0,"gold_gain":0.0,"cards_transformed":["Strike_B"],"event_name":"Transmorgrifier","player_choice":"Transformed","floor":2.0,"gold_loss":0.0,"damage_taken":0.0,"cards_obtained":["Scrape"]},{"damage_healed":0.0,"max_hp_gain":0.0,"max_hp_loss":0.0,"gold_gain":0.0,"event_name":"The Cleric","player_choice":"Leave","floor":4.0,"gold_loss":0.0,"damage_taken":0.0},{"damage_healed":0.0,"max_hp_gain":0.0,"max_hp_loss":0.0,"gold_gain":175.0,"event_name":"Liars Game","player_choice":"AGREE","floor":8.0,"gold_loss":0.0,"damage_taken":0.0,"cards_obtained":["Doubt"]},{"damage_healed":0.0,"max_hp_gain":0.0,"max_hp_loss":0.0,"gold_gain":0.0,"event_name":"The Mausoleum","player_choice":"Opened","floor":20.0,"gold_loss":0.0,"damage_taken":0.0,"relics_obtained":["Dream Catcher"]}],"is_beta":false,"boss_relics":[{"not_picked":["Philosopher\u0027s Stone","Orrery"],"picked":"FrozenCore"}],"items_purged_floors":[11,22],"is_endless":false,"potions_floor_spawned":[1,7,18],"killed_by":"Book of Stabbing","ascension_level":5}