{"gold_per_floor":[113,16,191,266,279,306,306,149,149,166,183,196,196,208,208,309,309,323,198,198,198,198,198,213,223,223,61,61,76,96,115,115,214,214,234,33,33,33,33,33,86,86,86,86,86,86,99,109,109,109],"floor_reached":51,"playtime":3291,"items_purged":["Strike_B","Strike_B","Strike_B"],"score":670,"play_id":"1fe33fa0-3e8d-4469-b5b9-7f275809d1d2","local_time":"20190321005548","is_ascension_mode":false,"campfire_choices":[{"data":"Defragment","floor":13.0,"key":"SMITH"},{"data":"White Noise","floor":15.0,"key":"SMITH"},{"data":"Sunder","floor":23.0,"key":"SMITH"},{"data":"Fission","floor":32.0,"key":"SMITH"},{"data":"Blizzard","floor":40.0,"key":"SMITH"},{"data":"Biased Cognition","floor":42,"key":"SMITH"},{"data":"Chill","floor":44,"key":"SMITH"},{"floor":49,"key":"REST"}],"neow_cost":"NONE","seed_source_timestamp":16537398769971,"circlet_count":0,"master_deck":["Defend_B","Defend_B","Defend_B","Defend_B","Zap","Dualcast","Cold Snap","Defragment+1","Cold Snap","Doubt","Conserve Battery","Loop","Go for the Eyes","Hologram","Ball Lightning","Chill+1","Blizzard+1","White Noise+1","Reboot","Redo+1","Conserve Battery","Coolheaded","Hologram+1","Fission+1","Ball Lightning+1","Biased Cognition+1","Loop+1","Core Surge","Reprogram+1","Capacitor","Coolheaded","Recycle","Consume"],"special_seed":0,"relics":["White Beast Statue"],"potions_floor_usage":[47,50,50],"damage_taken":[{"damage":0.0,"enemies":"Small Slimes","floor":1.0,"turns":3.0},{"damage":4.0,"enemies":"Jaw Worm","floor":5.0,"turns":4.0},{"damage":6.0,"enemies":"Lagavulin","floor":6.0,"turns":9.0},{"damage":0.0,"enemies":"2 Louse","floor":10.0,"turns":2.0},{"damage":12.0,"enemies":"Blue Slaver","floor":11.0,"turns":4.0},{"damage":0.0,"enemies":"Exordium Thugs","floor":12.0,"turns":4.0},{"damage":6.0,"enemies":"Gremlin Gang","floor":14.0,"turns":2.0},{"damage":17.0,"enemies":"Hexaghost","floor":16.0,"turns":12.0},{"damage":0.0,"enemies":"Spheric Guardian","floor":18.0,"turns":6.0},{"damage":9.0,"enemies":"Colosseum Slavers","floor":20.0,"turns":5.0},{"damage":27.0,"enemies":"3 Byrds","floor":24.0,"turns":6.0},{"damage":8.0,"enemies":"Snecko","floor":25.0,"turns":8.0},{"damage":0.0,"enemies":"Chosen and Byrds","floor":29.0,"turns":6.0},{"damage":0.0,"enemies":"Centurion and Healer","floor":30.0,"turns":6.0},{"damage":5.0,"enemies":"3 Cultists","floor":31.0,"turns":6.0},{"damage":4.0,"enemies":"Automaton","floor":33.0,"turns":11.0},{"damage":2.0,"enemies":"3 Shapes","floor":35.0,"turns":6.0},{"damage":63.0,"enemies":"2 Orb Walkers","floor":41.0,"turns":7.0},{"damage":33,"enemies":"Jaw Worm Horde","floor":47,"turns":5},{"damage":0,"enemies":"4 Shapes","floor":48,"turns":9},{"damage":25,"enemies":"Donu and Deca","floor":50,"turns":15}],"seed_played":"-2436639270330353548","potions_obtained":[{"floor":1.0,"key":"SteroidPotion"},{"floor":5.0,"key":"Ancient Potion"},{"floor":6.0,"key":"Weak Potion"},{"floor":10.0,"key":"FearPotion"},{"floor":11.0,"key":"Regen Potion"},{"floor":12.0,"key":"Fruit Juice"},{"floor":14.0,"key":"Fruit Juice"},{"floor":16.0,"key":"EssenceOfSteel"},{"floor":18.0,"key":"SpeedPotion"},{"floor":24.0,"key":"EssenceOfSteel"},{"floor":25.0,"key":"AttackPotion"},{"floor":29.0,"key":"Block Potion"},{"floor":30.0,"key":"EntropicBrew"},{"floor":33.0,"key":"Fire Potion"},{"floor":35.0,"key":"Regen Potion"},{"floor":41,"key":"Regen Potion"},{"floor":47,"key":"FearPotion"},{"floor":48,"key":"SkillPotion"}],"is_trial":false,"path_per_floor":["M","$","?","?","M","E","?","$","T","M","M","M","R","M","R","B",null,"M","$","?","?","?","R","M","M","T","$","?","M","M","M","R","B",null,"M","$","?","$","$","R","?","R","T","R","?","T","M","M","R","B",null],"character_chosen":"DEFECT","items_purchased":["Defragment","Cold Snap","Sunder","Hologram","Conserve Battery","Fission","Capacitor"],"campfire_rested":1,"item_purchase_floors":[2,2,8,8,19,27,36],"current_hp_per_floor":[75,75,75,64,60,54,54,54,54,54,42,56,56,55,55,38,85,85,85,76,76,60,60,33,25,25,25,25,25,25,20,20,31,90,88,88,88,88,88,88,40,40,40,40,40,40,21,21,48,23],"gold":109,"neow_bonus":"BOSS_RELIC","is_prod":false,"is_daily":false,"chose_seed":false,"campfire_upgraded":7,"win_rate":0,"timestamp":1553097348,"path_taken":["M","$","?","?","M","E","?","?","T","M","?","?","R","M","R","BOSS","M","$","?","?","?","R","M","M","T","?","?","M","M","M","R","BOSS","M","$","?","?","$","R","?","R","T","R","?","?","M","M","R","BOSS"],"build_version":"2019-01-23","purchased_purges":3,"victory":true,"max_hp_per_floor":[75,75,75,75,75,75,75,75,75,75,75,80,80,85,85,85,85,85,85,85,85,90,90,90,90,90,90,90,90,90,90,90,90,90,90,90,90,90,90,90,90,90,90,90,90,90,90,90,90,90],"card_choices":[{"not_picked":["Conserve Battery","Barrage"],"picked":"Cold Snap","floor":1.0},{"not_picked":["Steam","Streamline"],"picked":"Conserve Battery","floor":5.0},{"not_picked":["Reinforced Body","Multi-Cast"],"picked":"Loop","floor":6.0},{"not_picked":["Barrage","Coolheaded"],"picked":"Ball Lightning","floor":10.0},{"not_picked":["Cold Snap","Gash"],"picked":"Chill","floor":11.0},{"not_picked":["Rebound","Storm"],"picked":"Blizzard","floor":12.0},{"not_picked":["Redo","Reinforced Body"],"picked":"White Noise","floor":14.0},{"not_picked":["Multi-Cast","Amplify"],"picked":"Reboot","floor":16.0},{"not_picked":["Static Discharge","Stack"],"picked":"Redo+1","floor":18.0},{"not_picked":["Ball Lightning","Barrage"],"picked":"Coolheaded","floor":24.0},{"not_picked":["Streamline","Beam Cell"],"picked":"Hologram+1","floor":25.0},{"not_picked":["Rebound+1","Stack"],"picked":"Ball Lightning+1","floor":29.0},{"not_picked":["Sweeping Beam","Ball Lightning"],"picked":"Biased Cognition","floor":30.0},{"not_picked":["Beam Cell","Coolheaded"],"picked":"Loop+1","floor":31.0},{"not_picked":["Reboot","Hyperbeam"],"picked":"Core Surge","floor":33.0},{"not_picked":["Beam Cell","Steam","Reprogram+1"],"picked":"SKIP","floor":35.0},{"not_picked":["Beam Cell","Steam"],"picked":"Reprogram+1","floor":35.0},{"not_picked":["Streamline+1","Storm"],"picked":"Coolheaded","floor":41},{"not_picked":["Barrage","Cold Snap"],"picked":"Recycle","floor":47},{"not_picked":["Gash+1","Ball Lightning+1"],"picked":"Consume","floor":48}],"player_experience":478632,"relics_obtained":[],"event_choices":[{"damage_healed":0.0,"max_hp_gain":0.0,"max_hp_loss":0.0,"gold_gain":175.0,"event_name":"Liars Game","player_choice":"AGREE","floor":3.0,"gold_loss":0.0,"damage_taken":0.0,"cards_obtained":["Doubt"]},{"damage_healed":0.0,"max_hp_gain":0.0,"max_hp_loss":0.0,"gold_gain":75.0,"event_name":"World of Goop","player_choice":"Gather Gold","floor":4.0,"gold_loss":0.0,"damage_taken":11.0},{"damage_healed":0.0,"max_hp_gain":0.0,"max_hp_loss":0.0,"gold_gain":0.0,"cards_transformed":["Strike_B"],"event_name":"Living Wall","player_choice":"Change","floor":7.0,"gold_loss":0.0,"damage_taken":0.0,"cards_obtained":["Go for the Eyes"]},{"damage_healed":0.0,"max_hp_gain":0.0,"max_hp_loss":0.0,"gold_gain":0.0,"event_name":"Colosseum","player_choice":"Fight","floor":20.0,"gold_loss":0.0,"damage_taken":0.0},{"damage_healed":0.0,"max_hp_gain":0.0,"max_hp_loss":0.0,"gold_gain":0.0,"event_name":"Colosseum","player_choice":"Fled From Nobs","floor":20.0,"gold_loss":0.0,"damage_taken":0.0},{"damage_healed":0.0,"max_hp_gain":0.0,"max_hp_loss":0.0,"gold_gain":0.0,"event_name":"Ghosts","player_choice":"Ignored","floor":21.0,"gold_loss":0.0,"damage_taken":0.0},{"damage_healed":0.0,"max_hp_gain":5.0,"max_hp_loss":0.0,"gold_gain":0.0,"event_name":"Forgotten Altar","player_choice":"Shed Blood","floor":22.0,"gold_loss":0.0,"damage_taken":21.0},{"damage_healed":0.0,"max_hp_gain":0.0,"max_hp_loss":0.0,"gold_gain":0.0,"event_name":"Vampires","player_choice":"Ignored","floor":28.0,"gold_loss":0.0,"damage_taken":0.0},{"cards_removed":["Sunder"],"damage_healed":0.0,"max_hp_gain":0.0,"max_hp_loss":0.0,"gold_gain":0.0,"event_name":"Falling","player_choice":"Removed Attack","floor":37.0,"gold_loss":0.0,"damage_taken":0.0},{"damage_healed":0.0,"max_hp_gain":0.0,"max_hp_loss":0.0,"gold_gain":0.0,"event_name":"Mysterious Sphere","player_choice":"Fight","floor":41.0,"gold_loss":0.0,"damage_taken":0.0},{"damage_healed":0,"gold_gain":0,"player_choice":"Ignored","damage_taken":0,"max_hp_gain":0,"max_hp_loss":0,"event_name":"Tomb of Lord Red Mask","floor":45,"gold_loss":0}],"is_beta":false,"boss_relics":[{"not_picked":["Sozu","Ectoplasm","Velvet Choker"]},{"not_picked":["Astrolabe","Orrery","Inserter"]}],"items_purged_floors":[8,19,36],"is_endless":false,"potions_floor_spawned":[1,5,6,10,11,12,14,16,18,20,24,25,29,30,31,33,35,41,47,48],"ascension_level":0}