{"gold_per_floor":[99,24,24,41,41,41,41,5,31,31,51,65,65,75,75,171,171,186,206,222,239,239,239,252,252,252,252,252,266,280,293,293,293],"floor_reached":33,"playtime":2681,"items_purged":["Bash"],"score":241,"play_id":"b4717af8-5ab5-44b2-981a-4b3da894d8e2","local_time":"20190411185924","is_ascension_mode":false,"campfire_choices":[{"data":"Defend_R","floor":7,"key":"SMITH"},{"data":"Feel No Pain","floor":10,"key":"SMITH"},{"data":"Searing Blow","floor":13,"key":"SMITH"},{"data":"Searing Blow+1","floor":15,"key":"SMITH"},{"floor":23,"key":"REST"},{"floor":28,"key":"REST"},{"floor":32,"key":"REST"}],"neow_cost":"NONE","seed_source_timestamp":33784689878170,"circlet_count":0,"master_deck":["Strike_R","Strike_R+1","Strike_R+1","Defend_R+1","Defend_R","Defend_R","Defend_R","Feel No Pain+1","Searing Blow+2","Double Tap","Warcry","Body Slam","Flame Barrier"],"relics":["Burning Blood","Bag of Marbles","White Beast Statue","Happy Flower","Orichalcum"],"potions_floor_usage":[16,18,19,21,29,30,30,30,31,33],"damage_taken":[{"damage":2,"enemies":"2 Louse","floor":1,"turns":4},{"damage":9,"enemies":"Small Slimes","floor":4,"turns":6},{"damage":1,"enemies":"Cultist","floor":11,"turns":3},{"damage":7,"enemies":"Large Slime","floor":12,"turns":8},{"damage":13,"enemies":"Exordium Thugs","floor":14,"turns":4},{"damage":59,"enemies":"The Guardian","floor":16,"turns":13},{"damage":2,"enemies":"Spheric Guardian","floor":18,"turns":3},{"damage":32,"enemies":"2 Thieves","floor":19,"turns":5},{"damage":40,"enemies":"Shelled Parasite and Fungi","floor":20,"turns":7},{"damage":26,"enemies":"Snake Plant","floor":21,"turns":5},{"damage":46,"enemies":"Snecko","floor":24,"turns":9},{"damage":14,"enemies":"Centurion and Healer","floor":29,"turns":7},{"damage":21,"enemies":"Shelled Parasite and Fungi","floor":30,"turns":4},{"damage":8,"enemies":"Cultist and Chosen","floor":31,"turns":6},{"damage":21,"enemies":"Champ","floor":33,"turns":5}],"seed_played":"-4806322717252540721","potions_obtained":[{"floor":4,"key":"SkillPotion"},{"floor":12,"key":"GamblersBrew"},{"floor":14,"key":"FairyPotion"},{"floor":16,"key":"Fire Potion"},{"floor":18,"key":"SpeedPotion"},{"floor":19,"key":"Explosive Potion"},{"floor":20,"key":"BloodPotion"},{"floor":21,"key":"SteroidPotion"},{"floor":24,"key":"Block Potion"},{"floor":29,"key":"AttackPotion"},{"floor":30,"key":"Fire Potion"},{"floor":31,"key":"FearPotion"}],"is_trial":false,"path_per_floor":["M","$","?","M","?","?","R","$","T","R","M","M","R","M","R","B",null,"M","M","M","M","?","R","M","T","T","?","R","M","M","M","R","B"],"character_chosen":"IRONCLAD","items_purchased":["Feel No Pain"],"campfire_rested":3,"item_purchase_floors":[8],"current_hp_per_floor":[88,88,88,85,67,67,67,67,67,67,72,71,71,64,64,11,88,88,62,28,16,16,42,12,12,12,12,38,30,15,13,39,18],"gold":293,"neow_bonus":"TEN_PERCENT_HP_BONUS","is_prod":false,"is_daily":false,"chose_seed":false,"campfire_upgraded":4,"win_rate":0.0,"timestamp":1555001964,"path_taken":["M","$","?","M","?","?","R","$","T","R","M","?","R","M","R","BOSS","M","M","M","M","?","R","M","?","T","?","R","M","M","M","R","BOSS"],"build_version":"2019-01-23","purchased_purges":1,"victory":false,"max_hp_per_floor":[88,88,88,88,88,88,88,88,88,88,88,88,88,88,88,88,88,88,88,88,88,88,88,88,88,88,88,88,88,88,88,88,88],"card_choices":[{"not_picked":["Wild Strike","Rupture","Shrug It Off"],"picked":"SKIP","floor":1},{"not_picked":["Intimidate","Sword Boomerang","Wild Strike"],"picked":"SKIP","floor":4},{"not_picked":["Twin Strike","Iron Wave","Armaments"],"picked":"SKIP","floor":11},{"not_picked":["Twin Strike","Iron Wave","Armaments"],"picked":"SKIP","floor":11},{"not_picked":["Carnage","Cleave"],"picked":"Searing Blow","floor":12},{"not_picked":["Shrug It Off","Infernal Blade","Iron Wave"],"picked":"SKIP","floor":14},{"not_picked":["Feed","Brutality"],"picked":"Double Tap","floor":16},{"not_picked":["Wild Strike","Clothesline"],"picked":"Warcry","floor":18},{"not_picked":["Inflame","Warcry"],"picked":"Body Slam","floor":19},{"not_picked":["Wild Strike+1","Second Wind","Clash+1"],"picked":"SKIP","floor":20},{"not_picked":["Flex","Sword Boomerang","Heavy Blade"],"picked":"SKIP","floor":21},{"not_picked":["Headbutt+1","Searing Blow","Clothesline+1"],"picked":"SKIP","floor":24},{"not_picked":["Pommel Strike","Iron Wave","Pummel+1"],"picked":"SKIP","floor":29},{"not_picked":["Clothesline+1","Shockwave","Reckless Charge"],"picked":"SKIP","floor":30},{"not_picked":["Iron Wave","Headbutt+1","Twin Strike"],"picked":"SKIP","floor":31}],"player_experience":43860,"relics_obtained":[{"floor":9,"key":"Bag of Marbles"},{"floor":25,"key":"Happy Flower"},{"floor":26,"key":"Orichalcum"}],"event_choices":[{"cards_removed":["Strike_R"],"damage_healed":0,"gold_gain":0,"player_choice":"Forget","damage_taken":0,"max_hp_gain":0,"max_hp_loss":0,"event_name":"Living Wall","floor":3,"gold_loss":0},{"damage_healed":0,"gold_gain":0,"player_choice":"Entered Light","damage_taken":18,"max_hp_gain":0,"max_hp_loss":0,"event_name":"Shining Light","floor":5,"gold_loss":0,"cards_upgraded":["Strike_R","Strike_R"]},{"cards_removed":["Strike_R"],"damage_healed":0,"gold_gain":0,"player_choice":"Purged","damage_taken":0,"max_hp_gain":0,"max_hp_loss":0,"event_name":"Purifier","floor":6,"gold_loss":0},{"damage_healed":0,"gold_gain":0,"player_choice":"Read","damage_taken":0,"max_hp_gain":0,"max_hp_loss":0,"event_name":"The Library","floor":22,"gold_loss":0,"cards_obtained":["Flame Barrier"]},{"damage_healed":0,"gold_gain":0,"player_choice":"Ignored","damage_taken":0,"max_hp_gain":0,"max_hp_loss":0,"event_name":"Cursed Tome","floor":27,"gold_loss":0}],"is_beta":false,"boss_relics":[{"not_picked":["Busted Crown","Black Star"],"picked":"White Beast Statue"}],"items_purged_floors":[2],"is_endless":false,"potions_floor_spawned":[4,12,14,16,18,19,20,21,24,29,30,31],"killed_by":"Champ","ascension_level":0}