{"gold_per_floor":[13,26,26,45,45,45,77,77,100,133,133,145,175,145,145,145],"floor_reached":16,"playtime":779,"items_purged":[],"score":171,"play_id":"9c32fec6-77e3-4af1-bad7-70bf06f6e037","local_time":"20181121021652","is_ascension_mode":true,"campfire_choices":[{"floor":6,"key":"REST"},{"floor":8,"key":"REST"},{"data":"Strike_R","floor":11,"key":"PURGE"},{"floor":15,"key":"REST"}],"neow_cost":"NO_GOLD","seed_source_timestamp":311151546526136,"circlet_count":0,"master_deck":["Strike_R","Strike_R","Strike_R","Strike_R","Defend_R","Defend_R+1","Defend_R+1","Defend_R","Bash","Armaments+1","Disarm","Uppercut","Pommel Strike","Headbutt","Uppercut"],"relics":["Burning Blood","Peace Pipe","Blood Vial","Ornamental Fan","Omamori"],"potions_floor_usage":[10,10,13,16,16],"damage_taken":[{"damage":9,"enemies":"2 Louse","floor":1,"turns":2},{"damage":16,"enemies":"Jaw Worm","floor":2,"turns":4},{"damage":2,"enemies":"Cultist","floor":4,"turns":4},{"damage":31,"enemies":"Gremlin Nob","floor":7,"turns":5},{"damage":34,"enemies":"3 Sentries","floor":10,"turns":7},{"damage":20,"enemies":"Lots of Slimes","floor":12,"turns":6},{"damage":24,"enemies":"Gremlin Nob","floor":13,"turns":5},{"damage":48,"enemies":"Slime Boss","floor":16,"turns":6}],"seed_played":"-8835633911095437863","potions_obtained":[{"floor":1,"key":"Weak Potion"},{"floor":2,"key":"PowerPotion"},{"floor":7,"key":"LiquidBronze"},{"floor":10,"key":"Swift Potion"},{"floor":13,"key":"SpeedPotion"}],"is_trial":false,"path_per_floor":["M","M","?","M","?","R","E","R","T","E","R","M","E","?","R","B"],"character_chosen":"IRONCLAD","items_purchased":[],"campfire_rested":3,"item_purchase_floors":[],"current_hp_per_floor":[69,59,59,63,47,71,46,70,70,44,44,32,16,16,40,0],"gold":145,"neow_bonus":"ONE_RARE_RELIC","is_prod":false,"is_daily":false,"chose_seed":false,"campfire_upgraded":0,"win_rate":0,"timestamp":1542795412,"path_taken":["M","M","?","M","?","R","E","R","T","E","R","M","E","?","R","BOSS"],"build_version":"2018-11-15","purchased_purges":0,"victory":false,"max_hp_per_floor":[80,80,80,80,80,80,80,80,80,80,80,80,80,80,80,80],"card_choices":[{"not_picked":["Rupture","Flex"],"picked":"Armaments","floor":1},{"not_picked":["Pommel Strike","Sword Boomerang"],"picked":"Disarm","floor":2},{"not_picked":["Second Wind","Rampage"],"picked":"Uppercut","floor":4},{"not_picked":["Thunderclap","Evolve"],"picked":"Pommel Strike","floor":7},{"not_picked":["Havoc","Perfected Strike"],"picked":"Headbutt","floor":10},{"not_picked":["Reckless Charge","Berserk","Flex"],"picked":"SKIP","floor":12},{"not_picked":["Clash","Pommel Strike"],"picked":"Uppercut","floor":13}],"player_experience":311703,"relics_obtained":[{"floor":7,"key":"Blood Vial"},{"floor":10,"key":"Ornamental Fan"},{"floor":13,"key":"Omamori"}],"event_choices":[{"damage_healed":0,"gold_gain":0,"player_choice":"Grow","damage_taken":0,"max_hp_gain":0,"max_hp_loss":0,"event_name":"Living Wall","floor":3,"gold_loss":0,"cards_upgraded":["Armaments"]},{"damage_healed":0,"gold_gain":0,"player_choice":"Entered Light","damage_taken":16,"max_hp_gain":0,"max_hp_loss":0,"event_name":"Shining Light","floor":5,"gold_loss":0,"cards_upgraded":["Defend_R","Defend_R"]},{"damage_healed":0,"gold_gain":0,"player_choice":"Left Gold","damage_taken":0,"max_hp_gain":0,"max_hp_loss":0,"event_name":"World of Goop","floor":14,"gold_loss":30}],"is_beta":false,"boss_relics":[],"items_purged_floors":[],"is_endless":false,"potions_floor_spawned":[1,2,7,10,13],"killed_by":"Slime Boss","ascension_level":9}