{"gold_per_floor":[109,123,48,58,8,8,34,34,58,58,58,23,36,56,56,157,157,157,107,7,7,7,7,7,7,7,7,0,0,0,0,0,0],"floor_reached":33,"playtime":1772,"items_purged":["Strike_R","Strike_R"],"score":337,"play_id":"a7ea2907-cbd6-477a-a4ca-52d80e1b9a39","local_time":"20181127183859","is_ascension_mode":true,"campfire_choices":[{"data":"Iron Wave","floor":6.0,"key":"SMITH"},{"data":"Carnage","floor":8.0,"key":"SMITH"},{"data":"Bash","floor":10.0,"key":"SMITH"},{"data":"Flame Barrier","floor":15.0,"key":"SMITH"},{"data":"Immolate","floor":23.0,"key":"SMITH"},{"data":"Disarm","floor":25.0,"key":"SMITH"},{"data":"Ghostly Armor","floor":27.0,"key":"SMITH"},{"data":"True Grit","floor":32,"key":"SMITH"}],"neow_cost":"NONE","seed_source_timestamp":183980098368952,"circlet_count":0,"master_deck":["Strike_R","Defend_R","Defend_R","Defend_R","Defend_R","Bash+1","Carnage+1","Sword Boomerang","Iron Wave+1","Ghostly Armor+1","Flame Barrier+1","Immolate+1","Disarm+1","True Grit+1","Shrug It Off","Shrug It Off+1"],"special_seed":0,"relics":["Burning Blood","Happy Flower","Omamori","Orichalcum","Ectoplasm","Molten Egg 2","MawBank","Dodecahedron","Gremlin Horn"],"potions_floor_usage":[29,33,33],"damage_taken":[{"damage":1.0,"enemies":"Cultist","floor":1.0,"turns":3.0},{"damage":4.0,"enemies":"Jaw Worm","floor":2.0,"turns":3.0},{"damage":9.0,"enemies":"2 Louse","floor":4.0,"turns":2.0},{"damage":26.0,"enemies":"3 Sentries","floor":7.0,"turns":8.0},{"damage":3.0,"enemies":"Blue Slaver","floor":13.0,"turns":2.0},{"damage":0.0,"enemies":"Large Slime","floor":14.0,"turns":6.0},{"damage":27.0,"enemies":"Slime Boss","floor":16.0,"turns":12.0},{"damage":0.0,"enemies":"Shell Parasite","floor":18.0,"turns":2.0},{"damage":17.0,"enemies":"Gremlin Leader","floor":24.0,"turns":5.0},{"damage":4.0,"enemies":"2 Thieves","floor":28.0,"turns":3.0},{"damage":19,"enemies":"Slavers","floor":29,"turns":6},{"damage":0,"enemies":"3 Cultists","floor":30,"turns":4},{"damage":89,"enemies":"Champ","floor":33,"turns":12}],"seed_played":"7539909779921305079","potions_obtained":[{"floor":4.0,"key":"Regen Potion"},{"floor":7.0,"key":"EssenceOfSteel"},{"floor":14.0,"key":"SteroidPotion"},{"floor":16.0,"key":"FearPotion"},{"floor":18.0,"key":"BloodPotion"},{"floor":29,"key":"SteroidPotion"},{"floor":30,"key":"SpeedPotion"}],"is_trial":false,"path_per_floor":["M","M","$","M","?","R","E","R","T","R","?","$","M","M","R","B",null,"M","?","$","T","?","R","E","R","T","R","M","E","M","?","R","B"],"character_chosen":"IRONCLAD","items_purchased":["Ghostly Armor"],"campfire_rested":0,"item_purchase_floors":[12],"current_hp_per_floor":[80,80,80,77,77,77,57,57,57,57,57,57,60,66,66,60,80,80,80,80,80,80,80,69,69,69,69,71,58,64,64,64,0],"gold":0,"neow_bonus":"TRANSFORM_CARD","is_prod":false,"is_daily":false,"chose_seed":false,"campfire_upgraded":8,"win_rate":0,"timestamp":1543372739,"path_taken":["M","M","?","?","?","R","E","R","T","R","?","?","M","M","R","BOSS","M","?","$","?","?","R","E","R","T","R","M","E","M","?","R","BOSS"],"build_version":"2018-11-15","purchased_purges":2,"victory":false,"max_hp_per_floor":[80,80,80,80,80,80,80,80,80,80,80,80,80,80,80,80,80,80,80,80,80,80,80,80,80,80,80,80,80,80,80,80,80],"card_choices":[{"not_picked":["Intimidate","Battle Trance"],"picked":"Sword Boomerang","floor":1.0},{"not_picked":["Clash","Reckless Charge"],"picked":"Iron Wave","floor":2.0},{"not_picked":["Body Slam","Spot Weakness","Heavy Blade"],"picked":"SKIP","floor":4.0},{"not_picked":["Sword Boomerang","Power Through","Barricade"],"picked":"SKIP","floor":7.0},{"not_picked":["Pummel","Ghostly Armor"],"picked":"Flame Barrier","floor":13.0},{"not_picked":["Wild Strike","Armaments","Heavy Blade"],"picked":"SKIP","floor":14.0},{"not_picked":["Berserk","Demon Form"],"picked":"Immolate","floor":16.0},{"not_picked":["Clash","Cleave","Wild Strike"],"picked":"SKIP","floor":18.0},{"not_picked":["Warcry+1","Bloodletting"],"picked":"Disarm","floor":24.0},{"not_picked":["Clash+1","Twin Strike+1"],"picked":"True Grit","floor":28.0},{"not_picked":["Feel No Pain","Perfected Strike+1"],"picked":"Shrug It Off","floor":29},{"not_picked":["Anger+1","Metallicize+1"],"picked":"Shrug It Off+1","floor":30}],"player_experience":300864,"relics_obtained":[{"floor":7.0,"key":"Happy Flower"},{"floor":9.0,"key":"Omamori"},{"floor":21.0,"key":"Molten Egg 2"},{"floor":24.0,"key":"MawBank"},{"floor":26.0,"key":"Dodecahedron"},{"floor":29,"key":"Gremlin Horn"}],"event_choices":[{"cards_removed":["Strike_R"],"damage_healed":0.0,"max_hp_gain":0.0,"max_hp_loss":0.0,"gold_gain":0.0,"event_name":"The Cleric","player_choice":"Card Removal","floor":5.0,"gold_loss":50.0,"damage_taken":0.0},{"damage_healed":0.0,"max_hp_gain":0.0,"max_hp_loss":0.0,"gold_gain":0.0,"event_name":"Dead Adventurer","player_choice":"Searched \u00271\u0027 times","floor":11.0,"gold_loss":0.0,"damage_taken":0.0,"relics_obtained":["Orichalcum"]},{"damage_healed":0.0,"max_hp_gain":0.0,"max_hp_loss":0.0,"gold_gain":100.0,"event_name":"The Joust","player_choice":"Bet on Murderer","floor":19.0,"gold_loss":50.0,"damage_taken":0.0},{"damage_healed":0.0,"max_hp_gain":0.0,"max_hp_loss":0.0,"gold_gain":0.0,"event_name":"Vampires","player_choice":"Ignored","floor":22.0,"gold_loss":0.0,"damage_taken":0.0}],"is_beta":false,"boss_relics":[{"not_picked":["Runic Pyramid","Eternal Feather"],"picked":"Ectoplasm"}],"items_purged_floors":[3,20],"is_endless":false,"potions_floor_spawned":[4,7,14,16,18,29,30],"killed_by":"Champ","ascension_level":4}