{"gold_per_floor":[115,46,46,46,62,97,111,138,138,150,161,161,194,134,134,235,235,250,250,264,264,275,275,302,314,349,371,383,409,421,67,67,165,165,181,198,178,189,209,209,237,237,237,254,266,276,45,55,55,55],"floor_reached":50,"playtime":5526,"items_purged":["Strike_R","Defend_R","Defend_R"],"score":568,"play_id":"252de616-8b69-4e9c-895a-6a6d2778f2f1","local_time":"20181027174033","is_ascension_mode":true,"campfire_choices":[{"data":"Rampage","floor":12.0,"key":"SMITH"},{"data":"Carnage","floor":15.0,"key":"SMITH"},{"data":"Spot Weakness","floor":23.0,"key":"SMITH"},{"data":"Iron Wave","floor":25.0,"key":"SMITH"},{"floor":28.0,"key":"REST"},{"floor":32.0,"key":"REST"},{"floor":40,"key":"REST"},{"data":"Strike_R","floor":42,"key":"PURGE"},{"floor":49,"key":"REST"}],"neow_cost":"NONE","seed_source_timestamp":0,"circlet_count":0,"master_deck":["Strike_R","Strike_R","Defend_R+1","Defend_R","Bash+1","Seeing Red","Rampage+1","Iron Wave+1","Carnage+1","Disarm","Evolve","Pommel Strike","Offering+1","Pommel Strike+1","Spot Weakness+1","Cleave","Perfected Strike","Shrug It Off","Battle Trance+1","Power Through","Offering","Anger+1","Infernal Blade+1","Power Through+1","Second Wind+1","Double Tap+1"],"special_seed":0,"relics":["Burning Blood","FossilizedHelix","Peace Pipe","Magic Flower","The Courier","Mark of Pain","MawBank","War Paint","Blue Candle","Medical Kit","Regal Pillow","Runic Pyramid","Vajra","Toxic Egg 2"],"potions_floor_usage":[33,33,38,38,39,48,50],"damage_taken":[{"damage":1.0,"enemies":"Cultist","floor":1.0,"turns":3.0},{"damage":0.0,"enemies":"Small Slimes","floor":5.0,"turns":3.0},{"damage":27.0,"enemies":"Gremlin Nob","floor":6.0,"turns":4.0},{"damage":0.0,"enemies":"2 Louse","floor":7.0,"turns":3.0},{"damage":18.0,"enemies":"3 Sentries","floor":8.0,"turns":10.0},{"damage":15.0,"enemies":"Lots of Slimes","floor":10.0,"turns":7.0},{"damage":0.0,"enemies":"Exordium Wildlife","floor":11.0,"turns":3.0},{"damage":14.0,"enemies":"Gremlin Nob","floor":13.0,"turns":4.0},{"damage":46.0,"enemies":"Hexaghost","floor":16.0,"turns":8.0},{"damage":7.0,"enemies":"Chosen","floor":18.0,"turns":4.0},{"damage":6.0,"enemies":"Spheric Guardian","floor":20.0,"turns":3.0},{"damage":29.0,"enemies":"Snake Plant","floor":22.0,"turns":3.0},{"damage":23.0,"enemies":"Slavers","floor":24.0,"turns":4.0},{"damage":27.0,"enemies":"Snecko","floor":27.0,"turns":4.0},{"damage":28.0,"enemies":"Cultist and Chosen","floor":29.0,"turns":6.0},{"damage":48,"enemies":"Automaton","floor":33,"turns":9},{"damage":51,"enemies":"3 Shapes","floor":35,"turns":4},{"damage":24,"enemies":"3 Darklings","floor":36,"turns":7},{"damage":6,"enemies":"Maw","floor":38,"turns":8},{"damage":0,"enemies":"Jaw Worm Horde","floor":39,"turns":4},{"damage":19,"enemies":"Reptomancer","floor":41,"turns":5},{"damage":21,"enemies":"Writhing Mass","floor":44,"turns":3},{"damage":15,"enemies":"Transient","floor":45,"turns":5},{"damage":14,"enemies":"Maw","floor":46,"turns":7},{"damage":6,"enemies":"4 Shapes","floor":48,"turns":3},{"damage":98,"enemies":"Time Eater","floor":50,"turns":10}],"seed_played":"-6007046657749212756","potions_obtained":[{"floor":1.0,"key":"Regen Potion"},{"floor":7.0,"key":"PowerPotion"},{"floor":10.0,"key":"Energy Potion"},{"floor":20.0,"key":"Fire Potion"},{"floor":22.0,"key":"Dexterity Potion"},{"floor":27.0,"key":"Explosive Potion"},{"floor":36,"key":"PowerPotion"},{"floor":37,"key":"Dexterity Potion"},{"floor":38,"key":"Energy Potion"},{"floor":44,"key":"AttackPotion"},{"floor":46,"key":"Regen Potion"},{"floor":48,"key":"Explosive Potion"}],"is_trial":false,"path_per_floor":["M","$","$","?","M","E","M","E","T","M","M","R","E","$","R","B",null,"M","?","M","?","M","R","E","R","T","M","R","M","T","$","R","B",null,"M","M","?","M","M","R","E","R","T","M","M","M","$","M","R"],"character_chosen":"IRONCLAD","items_purchased":["Rampage","Medical Kit","Regal Pillow","Double Tap+1"],"campfire_rested":4,"item_purchase_floors":[2,31,31,47],"current_hp_per_floor":[80,80,80,80,80,59,65,53,53,71,80,80,75,75,75,38,80,80,80,80,80,60,60,46,46,46,28,52,33,33,33,72,33,80,38,23,23,26,35,74,64,64,64,52,46,41,41,58,80,0],"gold":55,"neow_bonus":"UPGRADE_CARD","is_prod":false,"is_daily":false,"chose_seed":false,"campfire_upgraded":4,"win_rate":0,"timestamp":1540687233,"path_taken":["M","?","$","?","M","E","M","E","T","?","?","R","E","?","R","BOSS","M","?","M","?","?","R","E","R","T","M","R","M","?","$","R","BOSS","M","M","?","M","?","R","E","R","T","?","M","M","?","?","R","BOSS"],"build_version":"2018-10-25v2","purchased_purges":3,"victory":false,"max_hp_per_floor":[80,80,80,80,80,80,80,80,80,80,80,80,80,80,80,80,80,80,80,80,80,80,80,80,80,80,80,80,80,80,80,80,80,80,80,80,80,80,80,80,80,80,80,80,80,80,80,80,80,80],"card_choices":[{"not_picked":["Pummel","Clash"],"picked":"Seeing Red","floor":1.0},{"not_picked":["Warcry","Feel No Pain","Burning Pact"],"picked":"SKIP","floor":5.0},{"not_picked":["Twin Strike","Rupture"],"picked":"Iron Wave","floor":6.0},{"not_picked":["Feel No Pain","Iron Wave","Body Slam"],"picked":"SKIP","floor":7.0},{"not_picked":["Barricade","Entrench"],"picked":"Carnage","floor":8.0},{"not_picked":["Wild Strike","Havoc"],"picked":"Disarm","floor":10.0},{"not_picked":["Rupture","Clash"],"picked":"Evolve","floor":11.0},{"not_picked":["Heavy Blade","Body Slam"],"picked":"Pommel Strike","floor":13.0},{"not_picked":["Berserk","Exhume"],"picked":"Offering","floor":16.0},{"not_picked":["Reckless Charge+1","True Grit"],"picked":"Pommel Strike+1","floor":18.0},{"not_picked":["Twin Strike","Shockwave"],"picked":"Cleave","floor":20.0},{"not_picked":["Feel No Pain+1","Havoc"],"picked":"Shrug It Off","floor":22.0},{"not_picked":["Iron Wave","Cleave+1"],"picked":"Battle Trance+1","floor":24.0},{"not_picked":["Havoc+1","Warcry"],"picked":"Power Through","floor":27.0},{"not_picked":["Dropkick","Sword Boomerang","Combust"],"picked":"SKIP","floor":29.0},{"not_picked":["Juggernaut","Berserk"],"picked":"Offering","floor":33},{"not_picked":["Body Slam","Armaments","Pommel Strike"],"picked":"SKIP","floor":35},{"not_picked":["Pummel+1","Burning Pact+1"],"picked":"Anger+1","floor":36},{"not_picked":["Warcry+1","Anger"],"picked":"Infernal Blade+1","floor":38},{"not_picked":["Rupture+1","Dual Wield","Metallicize"],"picked":"SKIP","floor":39},{"not_picked":["Sword Boomerang","Headbutt+1","Shockwave"],"picked":"SKIP","floor":41},{"not_picked":["Fire Breathing","Reckless Charge"],"picked":"Power Through+1","floor":44},{"not_picked":["Uppercut","Reckless Charge"],"picked":"Second Wind+1","floor":45},{"not_picked":["Anger","Headbutt+1","Heavy Blade+1"],"picked":"SKIP","floor":46},{"not_picked":["Brutality","Iron Wave+1","Metallicize"],"picked":"SKIP","floor":48}],"player_experience":122344,"relics_obtained":[{"floor":6.0,"key":"FossilizedHelix"},{"floor":8.0,"key":"Peace Pipe"},{"floor":9.0,"key":"Magic Flower"},{"floor":13.0,"key":"The Courier"},{"floor":24.0,"key":"MawBank"},{"floor":26.0,"key":"War Paint"},{"floor":30.0,"key":"Blue Candle"},{"floor":41,"key":"Vajra"},{"floor":43,"key":"Toxic Egg 2"}],"event_choices":[{"damage_healed":0.0,"max_hp_gain":0.0,"max_hp_loss":0.0,"gold_gain":0.0,"event_name":"The Cleric","player_choice":"Leave","floor":4.0,"gold_loss":0.0,"damage_taken":0.0},{"damage_healed":0.0,"max_hp_gain":0.0,"max_hp_loss":0.0,"gold_gain":0.0,"event_name":"The Library","player_choice":"Read","floor":19.0,"gold_loss":0.0,"damage_taken":0.0,"cards_obtained":["Spot Weakness"]},{"damage_healed":0.0,"max_hp_gain":0.0,"max_hp_loss":0.0,"gold_gain":0.0,"cards_transformed":["Strike_R"],"event_name":"Transmorgrifier","player_choice":"Transformed","floor":21.0,"gold_loss":0.0,"damage_taken":0.0,"cards_obtained":["Perfected Strike"]},{"damage_healed":0,"gold_gain":0,"player_choice":"Bought 1 Potion","damage_taken":0,"max_hp_gain":0,"max_hp_loss":0,"event_name":"The Woman in Blue","floor":37,"gold_loss":0}],"is_beta":false,"boss_relics":[{"not_picked":["Eternal Feather","Empty Cage"],"picked":"Mark of Pain"},{"not_picked":["Runic Dome","Lizard Tail"],"picked":"Runic Pyramid"}],"items_purged_floors":[14,31,47],"is_endless":false,"potions_floor_spawned":[1,7,10,20,22,27,36,38,44,46,48],"killed_by":"Time Eater","ascension_level":2}