{"gold_per_floor":[114,124,104,28,103,138,138,152,202,202,221,221,221,236,236,236],"floor_reached":16,"playtime":646,"items_purged":[],"score":144,"play_id":"5f4966ed-e76a-44d8-87fe-a8d9def9ca46","local_time":"20190217141029","is_ascension_mode":true,"campfire_choices":[{"data":"Envenom","floor":7,"key":"SMITH"},{"data":"Footwork","floor":12,"key":"SMITH"},{"data":"Footwork","floor":15,"key":"SMITH"}],"neow_cost":"NONE","seed_source_timestamp":159561194308883,"circlet_count":0,"master_deck":["Defend_G","Defend_G","Defend_G","Defend_G","Defend_G","Strike_G","Strike_G","Strike_G","Strike_G","Strike_G","Survivor","Neutralize","Footwork+1","Footwork+1","Envenom+1","Regret","Blur"],"relics":["Ring of the Snake","NeowsBlessing","Blood Vial","Bronze Scales","Centennial Puzzle","Mercury Hourglass"],"potions_floor_usage":[14,16,16],"damage_taken":[{"damage":0,"enemies":"Small Slimes","floor":1,"turns":1},{"damage":0,"enemies":"Cultist","floor":2,"turns":1},{"damage":0,"enemies":"Gremlin Nob","floor":6,"turns":1},{"damage":1,"enemies":"2 Louse","floor":8,"turns":4},{"damage":9,"enemies":"Looter","floor":11,"turns":5},{"damage":9,"enemies":"Exordium Thugs","floor":14,"turns":6},{"damage":52,"enemies":"Slime Boss","floor":16,"turns":10}],"seed_played":"-2621692768577888300","potions_obtained":[{"floor":3,"key":"Energy Potion"},{"floor":6,"key":"FearPotion"},{"floor":11,"key":"Weak Potion"}],"is_trial":false,"path_per_floor":["?","$","?","?","T","M"],"character_chosen":"THE_SILENT","items_purchased":["Footwork"],"campfire_rested":0,"item_purchase_floors":[4],"current_hp_per_floor":[70,70,70,70,59,59,59,60,60,60,53,53,53,46,46,0],"gold":236,"neow_bonus":"THREE_ENEMY_KILL","is_prod":false,"is_daily":false,"chose_seed":false,"campfire_upgraded":3,"win_rate":0,"timestamp":1550409029,"path_taken":["M","M","?","?","?","E","R","M","T","?","M","R","?","?","R","BOSS"],"build_version":"2019-01-23","purchased_purges":0,"victory":false,"max_hp_per_floor":[70,70,70,70,70,70,70,70,70,70,70,70,70,70,70,70],"card_choices":[{"not_picked":["Dagger Throw","Outmaneuver","Dagger Spray"],"picked":"SKIP","floor":1},{"not_picked":["Underhanded Strike","Poisoned Stab"],"picked":"Footwork","floor":2},{"not_picked":["Deadly Poison","Burst"],"picked":"Envenom","floor":6},{"not_picked":["Deadly Poison","Deflect","Underhanded Strike"],"picked":"SKIP","floor":8},{"not_picked":["PiercingWail","Acrobatics"],"picked":"Blur","floor":11},{"not_picked":["Slice","Dodge and Roll","Bane"],"picked":"SKIP","floor":14}],"player_experience":210709,"relics_obtained":[{"floor":6,"key":"Blood Vial"},{"floor":9,"key":"Bronze Scales"},{"floor":13,"key":"Mercury Hourglass"}],"event_choices":[{"damage_healed":0,"gold_gain":0,"player_choice":"Bought 1 Potion","damage_taken":0,"max_hp_gain":0,"max_hp_loss":0,"event_name":"The Woman in Blue","floor":3,"gold_loss":0},{"damage_healed":0,"gold_gain":75,"player_choice":"Gather Gold","damage_taken":11,"max_hp_gain":0,"max_hp_loss":0,"event_name":"World of Goop","floor":5,"gold_loss":0},{"damage_healed":0,"gold_gain":0,"player_choice":"Box","damage_taken":0,"relics_obtained":["Centennial Puzzle"],"max_hp_gain":0,"max_hp_loss":0,"event_name":"Big Fish","floor":10,"gold_loss":0,"cards_obtained":["Regret"]}],"is_beta":false,"boss_relics":[],"items_purged_floors":[],"is_endless":false,"potions_floor_spawned":[6,11],"killed_by":"Slime Boss","ascension_level":3}