{"gold_per_floor":[119,129,129,147,23,23,23,23,105,129,29,29,53,78,78,199,199,215,37,37,62,62,62,62],"floor_reached":24,"playtime":1283,"items_purged":["Dualcast","Strike_B","Strike_B"],"score":221,"play_id":"8fd35035-ada6-4990-9484-4fc9ed8cc82c","local_time":"20190131151236","is_ascension_mode":true,"campfire_choices":[{"floor":6,"key":"REST"},{"data":"Zap","floor":15,"key":"SMITH"},{"data":"Echo Form","floor":23,"key":"SMITH"}],"neow_cost":"NONE","seed_source_timestamp":1852540084551902,"circlet_count":0,"master_deck":["Strike_B+1","Defend_B","Defend_B","Defend_B","Defend_B","Zap+1","FTL","Cold Snap+1","FTL","Conserve Battery","Conserve Battery","Echo Form+1","Loop+1"],"relics":["Cracked Core","Bag of Marbles","Golden Idol","Darkstone Periapt","Strawberry","Nuclear Battery"],"potions_floor_usage":[16,16,16,16,16,16,24],"damage_taken":[{"damage":5,"enemies":"Small Slimes","floor":1,"turns":2},{"damage":1,"enemies":"Jaw Worm","floor":2,"turns":4},{"damage":1,"enemies":"2 Louse","floor":4,"turns":3},{"damage":1,"enemies":"Looter","floor":13,"turns":4},{"damage":2,"enemies":"2 Fungi Beasts","floor":14,"turns":3},{"damage":8,"enemies":"Hexaghost","floor":16,"turns":8},{"damage":0,"enemies":"Shell Parasite","floor":18,"turns":6},{"damage":15,"enemies":"3 Byrds","floor":21,"turns":5},{"damage":72,"enemies":"Gremlin Leader","floor":24,"turns":4}],"seed_played":"-5094705231432398761","potions_obtained":[{"floor":2,"key":"PowerPotion"},{"floor":4,"key":"Explosive Potion"},{"floor":12,"key":"EntropicBrew"},{"floor":12,"key":"Regen Potion"},{"floor":16,"key":"EssenceOfSteel"}],"is_trial":false,"path_per_floor":["M","M","?","M","$","R","?","?","T","T","$","?","M","M","R","B",null,"M","$","?","M","$","R","E"],"character_chosen":"DEFECT","items_purchased":["Cold Snap","Conserve Battery"],"campfire_rested":1,"item_purchase_floors":[5,19],"current_hp_per_floor":[70,69,51,50,50,72,57,62,62,69,69,69,68,66,66,73,87,87,87,87,72,72,72,0],"gold":62,"neow_bonus":"RANDOM_COMMON_RELIC","is_prod":false,"is_daily":false,"chose_seed":false,"campfire_upgraded":2,"win_rate":0,"timestamp":1548969156,"path_taken":["M","M","?","M","$","R","?","?","T","?","?","?","M","?","R","BOSS","M","$","?","M","?","R","E"],"build_version":"2019-01-23","purchased_purges":3,"victory":false,"max_hp_per_floor":[75,75,75,75,75,75,75,80,80,87,87,87,87,87,87,87,87,87,87,87,87,87,87,87],"card_choices":[{"not_picked":["Sweeping Beam","Genetic Algorithm","Barrage"],"picked":"SKIP","floor":1},{"not_picked":["Ball Lightning","Coolheaded"],"picked":"FTL","floor":2},{"not_picked":["Beam Cell","White Noise","Redo"],"picked":"SKIP","floor":4},{"not_picked":["Conserve Battery","Darkness"],"picked":"FTL","floor":13},{"not_picked":["Hologram","Sweeping Beam"],"picked":"Conserve Battery","floor":14},{"not_picked":["Steam","Genetic Algorithm","Turbo"],"picked":"SKIP","floor":18},{"not_picked":["Conserve Battery","Meteor Strike"],"picked":"Loop+1","floor":21}],"player_experience":1212655,"relics_obtained":[{"floor":9,"key":"Darkstone Periapt"},{"floor":10,"key":"Strawberry"}],"event_choices":[{"damage_healed":0,"gold_gain":0,"player_choice":"Take Damage","damage_taken":18,"relics_obtained":["Golden Idol"],"max_hp_gain":0,"max_hp_loss":0,"event_name":"Golden Idol","floor":3,"gold_loss":0},{"damage_healed":0,"gold_gain":0,"player_choice":"Entered Light","damage_taken":15,"max_hp_gain":0,"max_hp_loss":0,"event_name":"Shining Light","floor":7,"gold_loss":0,"cards_upgraded":["Strike_B","Cold Snap"]},{"damage_healed":0,"gold_gain":0,"player_choice":"Donut","damage_taken":0,"max_hp_gain":5,"max_hp_loss":0,"event_name":"Big Fish","floor":8,"gold_loss":0},{"damage_healed":0,"gold_gain":0,"player_choice":"Got Potions","damage_taken":0,"max_hp_gain":0,"max_hp_loss":0,"event_name":"Lab","floor":12,"gold_loss":0},{"damage_healed":0,"gold_gain":0,"cards_transformed":["Strike_B"],"player_choice":"Transformed","damage_taken":0,"max_hp_gain":0,"max_hp_loss":0,"event_name":"Transmorgrifier","floor":20,"gold_loss":0,"cards_obtained":["Echo Form"]}],"is_beta":false,"boss_relics":[{"not_picked":["Lizard Tail","White Beast Statue"],"picked":"Nuclear Battery"}],"items_purged_floors":[5,11,19],"is_endless":false,"potions_floor_spawned":[2,4,16],"killed_by":"Gremlin Leader","ascension_level":4}