{"gold_per_floor":[117,77,77,90,105,105,120,120,172,172,172,185,185,51,51,149,149,160,160,173,20,40,40,55,55,102,102,122,122,122,47,47,47],"floor_reached":33,"playtime":3817,"items_purged":[],"score":287,"play_id":"64d43021-4116-489c-9523-58f88d393259","local_time":"20190203022359","is_ascension_mode":false,"campfire_choices":[{"data":"Backflip","floor":6,"key":"SMITH"},{"data":"Neutralize","floor":11,"key":"SMITH"},{"data":"Footwork","floor":13,"key":"SMITH"},{"data":"Footwork","floor":15,"key":"SMITH"},{"data":"Prepared","floor":23,"key":"SMITH"},{"data":"After Image","floor":32,"key":"SMITH"}],"neow_cost":"NONE","seed_source_timestamp":1339824807736552,"circlet_count":0,"master_deck":["Defend_G","Defend_G","Defend_G","Defend_G","Defend_G","Strike_G","Strike_G","Strike_G","Survivor","Neutralize+1","Backflip+1","Slice","Footwork+1","Footwork+1","Prepared+1","After Image","After Image+1","Caltrops+1"],"relics":["Ring of the Snake","Potion Belt","Juzu Bracelet","Eternal Feather","Oddly Smooth Stone","Bag of Preparation","Strawberry"],"potions_floor_usage":[7,18,22,29,33,33,33],"damage_taken":[{"damage":2,"enemies":"Small Slimes","floor":1,"turns":7},{"damage":1,"enemies":"Cultist","floor":4,"turns":5},{"damage":3,"enemies":"Jaw Worm","floor":5,"turns":7},{"damage":0,"enemies":"Gremlin Gang","floor":7,"turns":7},{"damage":7,"enemies":"Large Slime","floor":12,"turns":13},{"damage":0,"enemies":"The Guardian","floor":16,"turns":32},{"damage":0,"enemies":"Chosen","floor":18,"turns":12},{"damage":1,"enemies":"3 Byrds","floor":20,"turns":13},{"damage":5,"enemies":"Centurion and Healer","floor":22,"turns":16},{"damage":10,"enemies":"Shelled Parasite and Fungi","floor":24,"turns":10},{"damage":0,"enemies":"Snecko","floor":28,"turns":10},{"damage":1,"enemies":"3 Cultists","floor":29,"turns":4},{"damage":90,"enemies":"Collector","floor":33,"turns":30}],"seed_played":"-824054432730436318","potions_obtained":[{"floor":1,"key":"AttackPotion"},{"floor":2,"key":"Regen Potion"},{"floor":2,"key":"SmokeBomb"},{"floor":2,"key":"EssenceOfSteel"},{"floor":4,"key":"Ancient Potion"},{"floor":18,"key":"AttackPotion"},{"floor":22,"key":"SpeedPotion"},{"floor":24,"key":"FearPotion"}],"is_trial":false,"path_per_floor":["?","M","?","?","?","?","?","?"],"character_chosen":"THE_SILENT","items_purchased":["Footwork","Prepared","Oddly Smooth Stone"],"campfire_rested":0,"item_purchase_floors":[14,14,21],"current_hp_per_floor":[68,68,68,67,64,64,64,64,64,57,57,50,50,50,50,50,70,70,70,69,69,64,70,60,60,67,67,67,66,66,66,75,0],"gold":47,"neow_bonus":"RANDOM_COMMON_RELIC","is_prod":false,"is_daily":false,"chose_seed":false,"campfire_upgraded":6,"win_rate":0,"timestamp":1549157039,"path_taken":["M","?","$","M","?","R","M","?","T","?","R","M","R","$","R","BOSS","M","?","M","$","M","R","M","?","T","$","M","M","?","?","R","BOSS"],"build_version":"2019-01-23","purchased_purges":0,"victory":false,"max_hp_per_floor":[70,70,70,70,70,70,70,70,70,70,70,70,70,70,70,70,70,70,70,70,70,70,70,70,70,77,77,77,77,77,77,77,77],"card_choices":[{"not_picked":["Escape Plan","Outmaneuver"],"picked":"Backflip","floor":1},{"not_picked":["Bane","Tactician","Eviscerate"],"picked":"SKIP","floor":4},{"not_picked":["Dagger Throw","Phantasmal Killer","Blade Dance"],"picked":"SKIP","floor":5},{"not_picked":["PiercingWail","Flying Knee","Flechettes"],"picked":"SKIP","floor":7},{"not_picked":["Noxious Fumes","Dagger Throw"],"picked":"Footwork","floor":12},{"not_picked":["Bullet Time","Adrenaline"],"picked":"After Image","floor":16},{"not_picked":["Underhanded Strike","Eviscerate+1","Deflect"],"picked":"SKIP","floor":18},{"not_picked":["Finisher","Deflect"],"picked":"Caltrops+1","floor":20},{"not_picked":["Masterful Stab+1","Backflip+1","Dagger Throw"],"picked":"SKIP","floor":22},{"not_picked":["Masterful Stab","Backflip+1","Acrobatics"],"picked":"SKIP","floor":24},{"not_picked":["Masterful Stab","Backflip+1","Acrobatics"],"picked":"SKIP","floor":24},{"not_picked":["Prepared","Expertise+1","Predator"],"picked":"SKIP","floor":28},{"not_picked":["Prepared","Expertise+1","Predator"],"picked":"SKIP","floor":28}],"player_experience":91181,"relics_obtained":[{"floor":9,"key":"Juzu Bracelet"},{"floor":26,"key":"Strawberry"}],"event_choices":[{"damage_healed":0,"gold_gain":0,"player_choice":"Bought 3 Potions","damage_taken":0,"max_hp_gain":0,"max_hp_loss":0,"event_name":"The Woman in Blue","floor":2,"gold_loss":0},{"damage_healed":0,"gold_gain":0,"cards_transformed":["Strike_G"],"player_choice":"Transformed","damage_taken":0,"max_hp_gain":0,"max_hp_loss":0,"event_name":"Transmorgrifier","floor":8,"gold_loss":0,"cards_obtained":["Slice"]},{"cards_removed":["Strike_G"],"damage_healed":0,"gold_gain":0,"player_choice":"Card Removal","damage_taken":7,"max_hp_gain":0,"max_hp_loss":0,"event_name":"Golden Wing","floor":10,"gold_loss":0},{"damage_healed":0,"gold_gain":0,"player_choice":"Copied","damage_taken":0,"max_hp_gain":0,"max_hp_loss":0,"event_name":"Duplicator","floor":19,"gold_loss":0,"cards_obtained":["After Image"]},{"damage_healed":0,"gold_gain":0,"player_choice":"Opened","damage_taken":0,"relics_obtained":["Bag of Preparation"],"max_hp_gain":0,"max_hp_loss":0,"event_name":"The Mausoleum","floor":25,"gold_loss":0,"cards_obtained":["Writhe"]},{"damage_healed":0,"gold_gain":0,"player_choice":"Ignored","damage_taken":0,"max_hp_gain":0,"max_hp_loss":0,"event_name":"NoteForYourself","floor":30,"gold_loss":0},{"cards_removed":["Writhe"],"damage_healed":0,"gold_gain":0,"player_choice":"Gave Gold","damage_taken":0,"max_hp_gain":0,"max_hp_loss":0,"event_name":"Beggar","floor":31,"gold_loss":75}],"is_beta":false,"boss_relics":[{"not_picked":["Calling Bell","Busted Crown"],"picked":"Eternal Feather"}],"items_purged_floors":[],"is_endless":false,"potions_floor_spawned":[1,4,18,22,24],"killed_by":"Collector","ascension_level":0}