{"gold_per_floor":[111,129,145,70,88,88,115,133,188,212,222,56,56,66,66,166,166,131,46,46,46,61,61,87,98,98,115,115,131,141,152,152,257,257,275,81,81,31,44,44,64,64,64,64,64,64,64,83,83,83],"floor_reached":50,"playtime":4933,"items_purged":["Strike_G"],"score":540,"play_id":"c58e041e-681c-45bb-900b-50815e73d3fd","local_time":"20190227185541","is_ascension_mode":true,"campfire_choices":[{"data":"Infinite Blades","floor":6.0,"key":"SMITH"},{"floor":15.0,"key":"REST"},{"data":"Malaise","floor":23,"key":"SMITH"},{"floor":28,"key":"REST"},{"floor":32,"key":"REST"},{"data":"Envenom","floor":40,"key":"SMITH"},{"data":"Catalyst","floor":44,"key":"SMITH"},{"data":"Venomology","floor":46,"key":"SMITH"},{"floor":49,"key":"REST"}],"neow_cost":"NONE","seed_source_timestamp":0,"circlet_count":0,"master_deck":["Defend_G","Defend_G","Defend_G","Defend_G","Strike_G","Strike_G","Strike_G","Survivor","Deflect","Infinite Blades+1","Poisoned Stab","Leg Sweep","Footwork","Catalyst+1","Backflip","Poisoned Stab","Acrobatics","Venomology+1","Dodge and Roll","Escape Plan","Malaise+1","Masterful Stab","PiercingWail","Masterful Stab","Deadly Poison","Deadly Poison+1","Doubt","Corpse Explosion","Envenom+1","Noxious Fumes+1","Malaise+1","Pain","Decay"],"special_seed":0,"relics":["Ring of the Snake","Orichalcum","Tiny Chest","Odd Mushroom","Bronze Scales","Cursed Key","Snake Skull","Blood Vial","Matryoshka","Empty Cage","DollysMirror","Ninja Scroll","Prayer Wheel","Boot","Kunai"],"potions_floor_usage":[18,18,24,24,27,27,27,27,29,29,29,29,30,30,31,33,33,39,41,48,48,50,50],"damage_taken":[{"damage":4.0,"enemies":"Cultist","floor":1.0,"turns":6.0},{"damage":0.0,"enemies":"Small Slimes","floor":2.0,"turns":4.0},{"damage":0.0,"enemies":"Jaw Worm","floor":3.0,"turns":4.0},{"damage":1.0,"enemies":"Red Slaver","floor":5.0,"turns":6.0},{"damage":6.0,"enemies":"3 Sentries","floor":7.0,"turns":13.0},{"damage":3.0,"enemies":"Large Slime","floor":8.0,"turns":9.0},{"damage":22.0,"enemies":"The Mushroom Lair","floor":10.0,"turns":6.0},{"damage":0.0,"enemies":"Blue Slaver","floor":11.0,"turns":5.0},{"damage":6.0,"enemies":"Looter","floor":14.0,"turns":4.0},{"damage":33.0,"enemies":"The Guardian","floor":16.0,"turns":11.0},{"damage":12,"enemies":"2 Thieves","floor":18,"turns":5},{"damage":6,"enemies":"Chosen","floor":22,"turns":6},{"damage":22,"enemies":"Gremlin Leader","floor":24,"turns":9},{"damage":0,"enemies":"Snake Plant","floor":25,"turns":4},{"damage":0,"enemies":"Snecko","floor":27,"turns":4},{"damage":3,"enemies":"Chosen and Byrds","floor":29,"turns":5},{"damage":10,"enemies":"Centurion and Healer","floor":30,"turns":6},{"damage":15,"enemies":"Shelled Parasite and Fungi","floor":31,"turns":4},{"damage":55,"enemies":"Champ","floor":33,"turns":12},{"damage":7,"enemies":"Orb Walker","floor":35,"turns":3},{"damage":14,"enemies":"3 Shapes","floor":39,"turns":3},{"damage":0,"enemies":"Maw","floor":41,"turns":6},{"damage":25,"enemies":"Spire Growth","floor":48,"turns":7},{"damage":58,"enemies":"Donu and Deca","floor":50,"turns":5}],"seed_played":"7448336523822724546","potions_obtained":[{"floor":1.0,"key":"SpeedPotion"},{"floor":3.0,"key":"Dexterity Potion"},{"floor":5.0,"key":"Energy Potion"},{"floor":11.0,"key":"Regen Potion"},{"floor":24,"key":"Swift Potion"},{"floor":25,"key":"EntropicBrew"},{"floor":30,"key":"PowerPotion"},{"floor":31,"key":"AttackPotion"},{"floor":39,"key":"PowerPotion"},{"floor":41,"key":"GhostInAJar"}],"is_trial":false,"path_per_floor":["M","M","M","$","M","R","E","M","T","?","M","$","?","M","R","B",null,"M","?","$","?","M","R","E","M","T","M","R","M","M","M","R","B",null,"M","$","?","$","M","R","M","T","T","R","?","R","?","M","R","B"],"character_chosen":"THE_SILENT","items_purchased":["Venomology","Dodge and Roll","DollysMirror","Explosive Potion"],"campfire_rested":4,"item_purchase_floors":[12,12,36,38],"current_hp_per_floor":[66,66,66,66,65,65,59,56,56,34,34,34,16,22,43,45,70,58,58,58,58,52,52,30,32,32,34,55,54,46,33,54,1,70,63,63,63,63,51,51,53,53,53,53,53,53,53,30,49,0],"gold":83,"neow_bonus":"THREE_CARDS","is_prod":false,"is_daily":false,"chose_seed":false,"campfire_upgraded":5,"win_rate":0,"timestamp":1551315341,"path_taken":["M","M","M","$","M","R","E","?","T","?","M","$","?","M","R","BOSS","M","?","$","?","M","R","E","?","T","M","R","M","M","M","R","BOSS","M","$","?","$","M","R","M","?","T","R","?","R","?","M","R","BOSS"],"build_version":"2019-01-23","purchased_purges":1,"victory":false,"max_hp_per_floor":[70,70,70,70,70,70,70,70,70,70,70,70,70,70,70,70,70,70,70,70,70,70,70,70,70,70,70,70,70,70,70,70,70,70,70,70,70,70,70,70,70,70,70,70,66,66,66,66,66,66],"card_choices":[{"not_picked":["Infinite Blades","Outmaneuver"],"picked":"Deflect","floor":0.0},{"not_picked":["Setup","Deflect"],"picked":"Infinite Blades","floor":1.0},{"not_picked":["Deflect","Concentrate"],"picked":"Poisoned Stab","floor":2.0},{"not_picked":["Slice","Prepared"],"picked":"Leg Sweep","floor":3.0},{"not_picked":["Bane","Underhanded Strike"],"picked":"Footwork","floor":5.0},{"not_picked":["Eviscerate","Riddle With Holes"],"picked":"Catalyst","floor":7.0},{"not_picked":["Bane","Flying Knee"],"picked":"Backflip","floor":8.0},{"not_picked":["Flying Knee","Bane"],"picked":"Poisoned Stab","floor":10.0},{"not_picked":["Blade Dance","Caltrops"],"picked":"Acrobatics","floor":11.0},{"not_picked":["Dagger Throw","Flechettes"],"picked":"Escape Plan","floor":14.0},{"not_picked":["Glass Knife","Wraith Form v2"],"picked":"Malaise","floor":16.0},{"not_picked":["Deflect+1","Backflip"],"picked":"Masterful Stab","floor":18},{"not_picked":["Tactician","Flying Knee"],"picked":"Masterful Stab","floor":22},{"not_picked":["Sucker Punch","Slice"],"picked":"Deadly Poison","floor":24},{"not_picked":["Backflip","Poisoned Stab"],"picked":"Deadly Poison+1","floor":25},{"not_picked":["Deflect","Backstab"],"picked":"Corpse Explosion","floor":27},{"not_picked":["Sucker Punch+1","Acrobatics","Prepared"],"picked":"SKIP","floor":29},{"not_picked":["Setup","Accuracy","Prepared"],"picked":"SKIP","floor":30},{"not_picked":["Deflect+1","Slice","Distraction"],"picked":"SKIP","floor":31},{"not_picked":["Wraith Form v2","Adrenaline"],"picked":"Envenom","floor":33},{"not_picked":["Flying Knee","Quick Slash"],"picked":"Noxious Fumes+1","floor":35},{"not_picked":["Caltrops+1","Sucker Punch","Flying Knee"],"picked":"SKIP","floor":39},{"not_picked":["Acrobatics+1","Slice","Deflect+1"],"picked":"SKIP","floor":41},{"not_picked":["Bane+1","Prepared","Dagger Spray"],"picked":"SKIP","floor":48},{"not_picked":["Cloak And Dagger","Quick Slash","Bane+1"],"picked":"SKIP","floor":48}],"player_experience":193502,"relics_obtained":[{"floor":7.0,"key":"Orichalcum"},{"floor":9.0,"key":"Tiny Chest"},{"floor":10.0,"key":"Odd Mushroom"},{"floor":24,"key":"Blood Vial"},{"floor":26,"key":"Matryoshka"},{"floor":42,"key":"Ninja Scroll"},{"floor":42,"key":"Prayer Wheel"},{"floor":43,"key":"Boot"},{"floor":43,"key":"Kunai"}],"event_choices":[{"damage_healed":0.0,"max_hp_gain":0.0,"max_hp_loss":0.0,"gold_gain":0.0,"event_name":"Mushrooms","player_choice":"Fought Mushrooms","floor":10.0,"gold_loss":0.0,"damage_taken":0.0},{"damage_healed":0.0,"max_hp_gain":0.0,"max_hp_loss":0.0,"gold_gain":0.0,"event_name":"Scrap Ooze","player_choice":"Success","floor":13.0,"gold_loss":0.0,"damage_taken":18.0,"relics_obtained":["Bronze Scales"]},{"damage_healed":0,"gold_gain":0,"player_choice":"Obtained Relic","damage_taken":0,"relics_obtained":["Snake Skull"],"max_hp_gain":0,"max_hp_loss":0,"event_name":"Addict","floor":19,"gold_loss":85},{"damage_healed":0,"gold_gain":0,"player_choice":"1 cards matched","damage_taken":0,"max_hp_gain":0,"max_hp_loss":0,"event_name":"Match and Keep!","floor":21,"gold_loss":0,"cards_obtained":["PiercingWail"]},{"damage_healed":0,"gold_gain":0,"player_choice":"Ignored","damage_taken":0,"max_hp_gain":0,"max_hp_loss":0,"event_name":"Mysterious Sphere","floor":37,"gold_loss":0},{"damage_healed":0,"gold_gain":0,"player_choice":"Max HP","damage_taken":0,"max_hp_gain":0,"max_hp_loss":4,"event_name":"Winding Halls","floor":45,"gold_loss":0},{"cards_removed":["Neutralize"],"damage_healed":0,"gold_gain":0,"player_choice":"Removed Attack","damage_taken":0,"max_hp_gain":0,"max_hp_loss":0,"event_name":"Falling","floor":47,"gold_loss":0}],"is_beta":false,"boss_relics":[{"not_picked":["Astrolabe","Snecko Eye"],"picked":"Cursed Key"},{"not_picked":["Coffee Dripper","Tiny House"],"picked":"Empty Cage"}],"items_purged_floors":[4],"is_endless":false,"potions_floor_spawned":[1,3,5,11,14,24,25,30,31,39,41],"killed_by":"Donu and Deca","ascension_level":2}