{"gold_per_floor":[17,92,103,117,132,132,161,192,204,216,243,255,267,304,316,430,442,472,46,46,60,71,71],"floor_reached":23,"playtime":2090,"items_purged":["Strike_R"],"score":233,"play_id":"fa93f3a5-176d-4ec6-ba66-f5a9906514b4","local_time":"20180828113749","is_ascension_mode":true,"campfire_choices":[{"floor":6,"key":"REST"},{"floor":10,"key":"REST"},{"data":"Hemokinesis","floor":12,"key":"SMITH"},{"floor":15,"key":"REST"}],"neow_cost":"NO_GOLD","seed_source_timestamp":1098908694341047,"circlet_count":0,"master_deck":["Strike_R","Strike_R","Defend_R","Defend_R","Defend_R","Defend_R","Bash","Infernal Blade","Heavy Blade","Hemokinesis+1","Twin Strike","Flex","Flex","Blood for Blood","Reckless Charge","Shockwave","Feed","True Grit+1","Evolve","Power Through","J.A.X.","Rupture+1","Iron Wave"],"relics":["Burning Blood","MawBank","Dodecahedron","Omamori","Velvet Choker","Ornamental Fan"],"potions_floor_usage":[7,7,14,16,22],"damage_taken":[{"damage":6,"enemies":"2 Louse","floor":1,"turns":2},{"damage":7,"enemies":"Jaw Worm","floor":3,"turns":3},{"damage":3,"enemies":"Cultist","floor":4,"turns":2},{"damage":27,"enemies":"Lots of Slimes","floor":5,"turns":4},{"damage":13,"enemies":"Lagavulin","floor":7,"turns":5},{"damage":13,"enemies":"2 Fungi Beasts","floor":8,"turns":3},{"damage":6,"enemies":"Looter","floor":11,"turns":2},{"damage":37,"enemies":"3 Sentries","floor":14,"turns":7},{"damage":46,"enemies":"Hexaghost","floor":16,"turns":9},{"damage":15,"enemies":"3 Byrds","floor":18,"turns":4},{"damage":17,"enemies":"Spheric Guardian","floor":21,"turns":4},{"damage":47,"enemies":"Chosen and Byrds","floor":22,"turns":6},{"damage":28,"enemies":"Book of Stabbing","floor":23,"turns":3}],"seed_played":"-5700210427076418639","potions_obtained":[{"floor":3,"key":"Regen Potion"},{"floor":4,"key":"PowerPotion"},{"floor":5,"key":"SkillPotion"},{"floor":8,"key":"Poison Potion"},{"floor":14,"key":"LiquidBronze"}],"is_trial":false,"path_per_floor":["M","?","M","M","M","R","E","M","T","R","M","R","$","E","R","B",null,"M","$","?","M","M"],"character_chosen":"IRONCLAD","items_purchased":["Evolve","Power Through","Ornamental Fan"],"campfire_rested":3,"item_purchase_floors":[19,19,19],"current_hp_per_floor":[80,69,68,71,50,74,67,60,60,80,80,80,80,49,73,33,80,71,71,71,60,28,0],"gold":71,"neow_bonus":"TRANSFORM_TWO_CARDS","is_prod":false,"is_daily":false,"chose_seed":false,"campfire_upgraded":1,"win_rate":0,"timestamp":1535481469,"path_taken":["M","?","?","M","M","R","E","M","T","R","M","R","$","E","R","BOSS","M","$","?","?","M","E"],"build_version":"2018-08-23v2","purchased_purges":1,"victory":false,"max_hp_per_floor":[80,80,80,80,80,80,80,80,80,80,80,80,80,80,80,80,80,80,80,80,80,80,80],"card_choices":[{"not_picked":["Warcry","Clash"],"picked":"Hemokinesis","floor":1},{"not_picked":["Burning Pact","Fire Breathing"],"picked":"Twin Strike","floor":3},{"not_picked":["Sentinel","Dropkick","Fire Breathing"],"picked":"SKIP","floor":4},{"not_picked":["Armaments","Flame Barrier"],"picked":"Flex","floor":5},{"not_picked":["Clash","Sword Boomerang"],"picked":"Flex","floor":7},{"not_picked":["Flex","Bloodletting"],"picked":"Blood for Blood","floor":8},{"not_picked":["Bloodletting","Sword Boomerang"],"picked":"Reckless Charge","floor":11},{"not_picked":["Second Wind","Body Slam"],"picked":"Shockwave","floor":14},{"not_picked":["Immolate","Dark Embrace"],"picked":"Feed","floor":16},{"not_picked":["Pommel Strike","Heavy Blade"],"picked":"True Grit+1","floor":18},{"not_picked":["Flex","Corruption"],"picked":"Rupture+1","floor":21},{"not_picked":["Cleave","Battle Trance"],"picked":"Iron Wave","floor":22}],"player_experience":136117,"relics_obtained":[{"floor":7,"key":"MawBank"},{"floor":9,"key":"Dodecahedron"},{"floor":14,"key":"Omamori"}],"event_choices":[{"event_name":"World of Goop","player_choice":"Gather Gold","floor":2,"damage_taken":0},{"event_name":"Drug Dealer","player_choice":"Got JAX","floor":20,"damage_taken":0}],"is_beta":false,"boss_relics":[{"not_picked":["Tiny House","Philosopher\u0027s Stone"],"picked":"Velvet Choker"}],"items_purged_floors":[19],"is_endless":false,"potions_floor_spawned":[3,4,5,8,14],"killed_by":"Book of Stabbing","ascension_level":3}