{"gold_per_floor":[111,123,123,133,44,73,73,102,102,3,21,21],"floor_reached":12,"playtime":1437,"items_purged":[],"score":88,"play_id":"dcad6006-f0bd-4a34-be53-93cda980b499","local_time":"20180731110924","is_ascension_mode":false,"campfire_choices":[{"floor":7,"key":"REST"}],"neow_cost":"","seed_source_timestamp":354348750161086,"circlet_count":0,"master_deck":["Defend_G","Defend_G","Defend_G","Defend_G","Defend_G","Strike_G","Strike_G","Strike_G","Strike_G","Strike_G","Survivor+1","Neutralize","Deadly Poison","Deadly Poison","Injury","Heel Hook","Deep Breath","Crippling Poison","Flechettes","Prepared","Acrobatics","Deadly Poison"],"relics":["Ring of the Snake","Blood Vial","Frozen Egg 2","Dream Catcher"],"potions_floor_usage":[6,6],"damage_taken":[{"damage":4,"enemies":"2 Louse","floor":1,"turns":3},{"damage":0,"enemies":"Cultist","floor":2,"turns":3},{"damage":0,"enemies":"Small Slimes","floor":4,"turns":4},{"damage":25,"enemies":"Gremlin Nob","floor":6,"turns":4},{"damage":33,"enemies":"3 Sentries","floor":8,"turns":9},{"damage":5,"enemies":"2 Fungi Beasts","floor":11,"turns":4},{"damage":62,"enemies":"Gremlin Nob","floor":12,"turns":5}],"seed_played":"-7585805205999704028","potions_obtained":[{"floor":1,"key":"LiquidBronze"},{"floor":2,"key":"AttackPotion"},{"floor":8,"key":"FairyPotion"}],"is_trial":false,"path_per_floor":["M","M","?","M","$","E","R","E","T","$","M"],"character_chosen":"THE_SILENT","items_purchased":["Deep Breath","Prepared","Acrobatics"],"campfire_rested":1,"item_purchase_floors":[5,10,10],"current_hp_per_floor":[66,66,66,66,66,41,62,31,31,31,28,0],"gold":21,"neow_bonus":"","is_prod":false,"is_daily":false,"chose_seed":false,"campfire_upgraded":0,"win_rate":0.0,"timestamp":1533060564,"path_taken":["M","M","?","M","$","E","R","E","T","$","M","?"],"build_version":"2018-07-26","purchased_purges":0,"victory":false,"max_hp_per_floor":[70,70,70,70,70,70,70,70,70,70,70,70],"card_choices":[{"not_picked":["Dash","Dagger Throw"],"picked":"Deadly Poison","floor":1},{"not_picked":["Flying Knee","Distraction"],"picked":"Deadly Poison","floor":2},{"not_picked":["Infinite Blades","Dagger Spray"],"picked":"Heel Hook","floor":4},{"not_picked":["Die Die Die","Masterful Stab"],"picked":"Crippling Poison","floor":6},{"not_picked":["Sucker Punch","Blade Dance"],"picked":"Flechettes","floor":8},{"not_picked":["PiercingWail","Riddle With Holes"],"picked":"Deadly Poison","floor":11}],"player_experience":6907,"relics_obtained":[{"floor":6,"key":"Blood Vial"},{"floor":8,"key":"Frozen Egg 2"},{"floor":9,"key":"Dream Catcher"}],"event_choices":[{"event_name":"Accursed Blacksmith","player_choice":"Forge","floor":3,"damage_taken":0},{"event_name":"Dead Adventurer","player_choice":"Searched \u00271\u0027 times","floor":12,"damage_taken":0}],"is_beta":false,"boss_relics":[],"items_purged_floors":[],"is_endless":false,"potions_floor_spawned":[1,2,8,12],"killed_by":"Gremlin Nob","ascension_level":0}