{"path_per_floor":["M","?","M","?","?","E","R","E","T","R","$","M","E","$","R","B",null,"M","M","M","M","M","E","M","R","T","E","M","?","M","E","R","B",null,"M","M","M","M","?","E","M","R","T","$","M","M","$","M","R","B"],"character_chosen":"IRONCLAD","items_purchased":["Bronze Scales","Flex","Paper Frog","Blood Vial","Ancient Tea Set","Lantern","Shrug It Off"],"gold_per_floor":[114,114,129,129,129,159,159,189,189,189,14,29,59,59,59,159,159,174,189,204,219,234,264,279,279,279,309,324,324,339,369,369,469,469,484,499,514,529,529,559,574,574,574,14,29,44,4,19,19,19],"floor_reached":51,"campfire_rested":0,"playtime":1804,"current_hp_per_floor":[80,80,80,86,69,63,63,48,54,54,54,53,48,48,48,17,98,96,94,89,89,83,80,78,78,78,78,74,74,72,75,75,75,75,73,74,67,68,68,60,59,59,65,65,63,59,59,62,62,82],"items_purged":[],"gold":19,"score":989,"play_id":"03bb9583-dd51-4236-a98e-dc5ed84a7cdb","local_time":"20180314154620","daily_mods":["Diverse","Cursed Run","Vintage"],"is_prod":false,"is_daily":true,"is_ascension_mode":false,"campfire_upgraded":0,"timestamp":1521009980,"path_taken":["M","?","M","?","?","E","R","E","T","R","?","M","E","$","R","BOSS","M","M","M","M","M","E","M","R","T","E","M","?","M","E","R","BOSS","M","M","M","M","?","E","M","R","T","$","M","M","$","M","R","BOSS"],"build_version":"2018-03-09","purchased_purges":0,"victory":true,"master_deck":["Defend_R+1","Defend_R+1","Defend_R","Bash","Poisoned Stab+1","Blur+1","Regret","Armaments+1","Heavy Blade+1","Pain","Flex+1","Corruption","Decay","Offering+1","Immolate+1","Evolve+1","Rupture+1","Dual Wield+1","Body Slam","Exhume+1","Bite","Bite","Bite","Bite","Bite+1","Inflame+1","Barricade","Flex+1","Clumsy","Clothesline+1","Shrug It Off+1","Clumsy"],"max_hp_per_floor":[80,80,80,86,86,86,86,86,92,92,92,92,92,92,92,98,98,98,98,108,108,108,108,108,108,108,108,108,75,75,75,75,75,75,75,75,75,75,75,75,75,75,81,81,81,81,81,81,81,87],"relics":["Cursed Key","Darkstone Periapt","Du-Vu Doll","Toxic Egg 2","Oddly Smooth Stone","Champion Belt","Shovel","Blue Candle","Anchor","Prayer Wheel","Toolbox","Bronze Scales","Kunai","Mercury Hourglass","Girya","Pen Nib","Astrolabe","Omamori","Meat on the Bone","Pear","War Paint","Charon\u0027s Ashes","Thread and Needle","Vajra","Bottled Tornado","Matryoshka","Sundial","Shuriken","Whetstone","Ice Cream","Black Star","Mummified Hand","The Courier","Gambling Chip","Bottled Flame","Frozen Egg 2","Pantograph","Juzu Bracelet","Self Forming Clay","Dead Branch","Paper Frog","Blood Vial","Ancient Tea Set","Lantern","Centennial Puzzle","Letter Opener","Molten Egg 2","Calipers"],"card_choices":[{"not_picked":["Seeing Red","Battle Trance"],"picked":"Armaments"},{"not_picked":["Cleave","Pommel Strike"],"picked":"Heavy Blade"},{"not_picked":["Perfected Strike","Havoc"],"picked":"Corruption"},{"not_picked":["Limit Break","Dark Embrace"],"picked":"Offering"},{"not_picked":["Pommel Strike","Sword Boomerang"],"picked":"Dual Wield"},{"not_picked":["Warcry","Headbutt"],"picked":"Body Slam"},{"not_picked":["Flex","Reckless Charge"],"picked":"Exhume"},{"not_picked":["Wild Strike","Fire Breathing"],"picked":"Inflame"},{"not_picked":["Brutality","Bludgeon"],"picked":"Barricade"},{"not_picked":["Anger","Body Slam"],"picked":"Flex"},{"not_picked":["Havoc","Anger"],"picked":"Clothesline"}],"player_experience":610517,"potions_floor_usage":[19,21,21,28,28,31,50,50,50],"damage_taken":[{"damage":0,"enemies":"2 Louse","floor":1,"turns":2},{"damage":0,"enemies":"Small Slimes","floor":3,"turns":3},{"damage":6,"enemies":"3 Sentries","floor":6,"turns":8},{"damage":15,"enemies":"Gremlin Nob","floor":8,"turns":4},{"damage":1,"enemies":"Jaw Worm","floor":12,"turns":2},{"damage":5,"enemies":"3 Sentries","floor":13,"turns":6},{"damage":37,"enemies":"Slime Boss","floor":16,"turns":6},{"damage":2,"enemies":"3 Byrds","floor":18,"turns":3},{"damage":2,"enemies":"Spheric Guardian","floor":19,"turns":1},{"damage":15,"enemies":"Centurion and Healer","floor":20,"turns":4},{"damage":6,"enemies":"Sentry and Sphere","floor":21,"turns":3},{"damage":6,"enemies":"Snecko","floor":22,"turns":1},{"damage":7,"enemies":"Slavers","floor":23,"turns":2},{"damage":2,"enemies":"Snake Plant","floor":24,"turns":3},{"damage":0,"enemies":"Gremlin Leader","floor":27,"turns":3},{"damage":4,"enemies":"Slaver and Parasite","floor":28,"turns":3},{"damage":7,"enemies":"Cultist and Chosen","floor":30,"turns":3},{"damage":1,"enemies":"Slavers","floor":31,"turns":2},{"damage":10,"enemies":"Automaton","floor":33,"turns":4},{"damage":5,"enemies":"Orb Walker","floor":35,"turns":3},{"damage":5,"enemies":"3 Shapes","floor":36,"turns":2},{"damage":8,"enemies":"3 Darklings","floor":37,"turns":2},{"damage":11,"enemies":"Maw","floor":38,"turns":3},{"damage":10,"enemies":"Giant Head","floor":40,"turns":3},{"damage":6,"enemies":"4 Shapes","floor":41,"turns":2},{"damage":4,"enemies":"3 Darklings","floor":45,"turns":2},{"damage":6,"enemies":"Sphere and 2 Shapes","floor":46,"turns":1},{"damage":2,"enemies":"4 Shapes","floor":48,"turns":1},{"damage":12,"enemies":"Awakened One","floor":50,"turns":3}],"event_choices":[{"event_name":"The Cleric","player_choice":"Leave","floor":2,"damage_taken":0},{"event_name":"Big Fish","player_choice":"Box","floor":4,"damage_taken":0},{"event_name":"Shining Light","player_choice":"Entered Light","floor":5,"damage_taken":0},{"event_name":"Vampires","player_choice":"Became a vampire","floor":29,"damage_taken":0},{"event_name":"Upgrade Shrine","player_choice":"Upgraded","floor":39,"damage_taken":0}],"boss_relics":[{"not_picked":["Runic Dome","Sozu"],"picked":"Astrolabe"},{"not_picked":["Tiny House","Orrery"],"picked":"Black Star"}],"potions_floor_spawned":[1,8,13,18,20,22,27,36,41,46],"seed_played":"2308081983426786839","ascension_level":0,"is_trial":false}