{"path_per_floor":["M","M","M","?","?","R","M","R","T","E","$","M","M","M","R","B",null,"M","$","?","M","M","E","R","?","T","R","M","M","E","M","R","B",null,"M","M","$","M","?","R","M","R","T","?","?","R","M","M","R","B"],"character_chosen":"DEFECT","items_purchased":["Axe Kick","Storm","Cold Snap"],"gold_per_floor":[117,133,143,93,93,93,105,105,105,136,85,98,111,122,122,222,222,240,240,240,250,266,291,291,206,206,206,218,238,268,285,285,381,381,401,411,322,337,337,337,351,351,351,351,400,400,414,414,414,414],"floor_reached":51,"campfire_rested":4,"playtime":1732,"current_hp_per_floor":[75,76,76,76,76,76,69,69,69,54,54,44,31,13,37,17,80,62,62,62,49,47,29,53,53,53,53,55,61,30,8,32,32,80,74,66,66,75,65,65,65,65,65,65,46,46,48,48,72,44],"items_purged":[],"gold":414,"score":693,"play_id":"b803d09f-fb04-4a4c-b64a-b468da7bbf9e","local_time":"20180515212551","is_prod":false,"is_daily":false,"chose_seed":false,"is_ascension_mode":false,"campfire_upgraded":4,"timestamp":1526390751,"path_taken":["M","?","M","?","?","R","M","R","T","E","$","M","?","M","R","BOSS","M","$","?","M","M","E","R","?","T","R","M","M","E","M","R","BOSS","M","?","$","M","?","R","M","R","T","?","?","R","M","?","R","BOSS"],"build_version":"2018-05-14v2","seed_source_timestamp":242680833167732,"purchased_purges":3,"victory":true,"master_deck":["Defend_B","Zap+1","Dualcast+1","Cold Snap","Static Discharge+1","Beam Cell","Axe Kick","Cold Snap","Storm+1","Echo Form+1","Biased Cognition+1","Loop+1","Biased Cognition+1","Go for the Eyes","Rip and Tear","Self Repair+1","Heatsinks+1","Loop+1","Skim","Coolheaded+1","Electrodynamics+1","Storm+1","Cold Snap","Heatsinks+1","Madness","Madness","Seek+1","Flash of Steel","Force Field+1"],"max_hp_per_floor":[75,80,80,80,80,80,80,80,80,80,80,80,80,80,80,80,80,80,80,80,80,80,80,80,80,80,80,80,80,80,80,80,80,80,80,80,80,80,80,80,80,80,80,80,80,80,80,80,80,80],"relics":["Cracked Core","Shuriken","Frozen Egg 2","Astrolabe","Letter Opener","Happy Flower","Peace Pipe","Anchor","Philosopher\u0027s Stone","Matryoshka","Calipers"],"card_choices":[{"not_picked":["Defragment","Skim"],"picked":"Streamline","floor":1},{"not_picked":["Streamline","Double Energy","Skim"],"picked":"SKIP","floor":2},{"not_picked":["Lockon","Skim","Steam"],"picked":"SKIP","floor":3},{"not_picked":["Loop","Thunder Strike"],"picked":"Static Discharge","floor":7},{"not_picked":["Chaos","BootSequence"],"picked":"Beam Cell","floor":10},{"not_picked":["Streamline","Beam Cell"],"picked":"Cold Snap","floor":12},{"not_picked":["Cold Snap","Skim"],"picked":"Storm+1","floor":13},{"not_picked":["Blizzard","Steam","Cold Snap"],"picked":"SKIP","floor":14},{"not_picked":["Fission","Nova"],"picked":"Echo Form+1","floor":16},{"not_picked":["Ball Lightning","Hello World+1"],"picked":"Go for the Eyes","floor":18},{"not_picked":["Coolheaded+1","FTL"],"picked":"Self Repair+1","floor":21},{"not_picked":["Reinforced Body","Reprogram","FTL"],"picked":"SKIP","floor":22},{"not_picked":["Ball Lightning","Skim+1"],"picked":"Heatsinks+1","floor":23},{"not_picked":["Axe Kick+1","Skim"],"picked":"Loop+1","floor":28},{"not_picked":["Skim","Aggregate","White Noise"],"picked":"SKIP","floor":29},{"not_picked":["Aggregate","White Noise"],"picked":"Skim","floor":29},{"not_picked":["Leap","Hello World+1"],"picked":"Coolheaded+1","floor":30},{"not_picked":["Capacitor+1","Genetic Algorithm","Steam"],"picked":"SKIP","floor":31},{"not_picked":["Nova","Creative AI+1"],"picked":"Electrodynamics+1","floor":33},{"not_picked":["Ball Lightning+1","Streamline","Genetic Algorithm"],"picked":"SKIP","floor":35},{"not_picked":["Sweeping Beam+1","Skim+1","Rebound"],"picked":"SKIP","floor":36},{"not_picked":["Go for the Eyes+1","Leap"],"picked":"Heatsinks+1","floor":38},{"not_picked":["Leap+1","Hologram"],"picked":"Seek","floor":41},{"not_picked":["Secret Technique","Swift Strike"],"picked":"Flash of Steel","floor":44},{"not_picked":["Barrage+1","Skim+1"],"picked":"Force Field+1","floor":45},{"not_picked":["Barrage","Cold Snap+1","Skim+1"],"picked":"SKIP","floor":47}],"player_experience":37101,"potions_floor_usage":[2,18,28,29,30,30,30,35,48,50],"damage_taken":[{"damage":0,"enemies":"Cultist","floor":1,"turns":3},{"damage":4,"enemies":"2 Louse","floor":2,"turns":2},{"damage":0,"enemies":"Jaw Worm","floor":3,"turns":3},{"damage":7,"enemies":"Exordium Wildlife","floor":7,"turns":3},{"damage":15,"enemies":"3 Sentries","floor":10,"turns":5},{"damage":10,"enemies":"Blue Slaver","floor":12,"turns":2},{"damage":13,"enemies":"Lots of Slimes","floor":13,"turns":2},{"damage":18,"enemies":"Gremlin Gang","floor":14,"turns":2},{"damage":20,"enemies":"The Guardian","floor":16,"turns":8},{"damage":18,"enemies":"2 Thieves","floor":18,"turns":2},{"damage":13,"enemies":"Shell Parasite","floor":21,"turns":2},{"damage":12,"enemies":"Snecko","floor":22,"turns":4},{"damage":28,"enemies":"Book of Stabbing","floor":23,"turns":4},{"damage":8,"enemies":"Centurion and Healer","floor":28,"turns":4},{"damage":14,"enemies":"Snake Plant","floor":29,"turns":3},{"damage":41,"enemies":"Slavers","floor":30,"turns":3},{"damage":22,"enemies":"Sentry and Sphere","floor":31,"turns":4},{"damage":10,"enemies":"Automaton","floor":33,"turns":7},{"damage":26,"enemies":"Flame Bruiser 1 Orb","floor":35,"turns":3},{"damage":8,"enemies":"3 Shapes","floor":36,"turns":3},{"damage":1,"enemies":"3 Darklings","floor":38,"turns":2},{"damage":0,"enemies":"Sphere and 2 Shapes","floor":41,"turns":3},{"damage":29,"enemies":"Mysterious Sphere","floor":45,"turns":3},{"damage":8,"enemies":"Maw","floor":47,"turns":3},{"damage":0,"enemies":"Spire Growth","floor":48,"turns":1},{"damage":38,"enemies":"Donu and Deca","floor":50,"turns":4}],"relics_obtained":[{"floor":9,"key":"Shuriken"},{"floor":10,"key":"Frozen Egg 2"},{"floor":23,"key":"Letter Opener"},{"floor":26,"key":"Peace Pipe"},{"floor":30,"key":"Anchor"},{"floor":43,"key":"Matryoshka"},{"floor":45,"key":"Calipers"}],"event_choices":[{"event_name":"The Cleric","player_choice":"Card Removal","floor":4,"damage_taken":0},{"event_name":"Transmorgrifier","player_choice":"Transform","floor":5,"damage_taken":0},{"event_name":"Transmorgrifier","player_choice":"Transform","floor":20,"damage_taken":0},{"event_name":"Addict","player_choice":"Obtained Relic","floor":25,"damage_taken":0},{"event_name":"Winding Halls","player_choice":"Embrace Madness","floor":39,"damage_taken":0},{"event_name":"SensoryStone","player_choice":"Memory 1","floor":44,"damage_taken":0},{"event_name":"Mysterious Sphere","player_choice":"Fight","floor":45,"damage_taken":0}],"boss_relics":[{"not_picked":["Tiny House","Orrery"],"picked":"Astrolabe"},{"not_picked":["Black Star","Lizard Tail"],"picked":"Philosopher\u0027s Stone"}],"potions_floor_spawned":[1,3,10,12,18,22,28,31,41,45,48],"seed_played":"-4421721603126703119","ascension_level":0,"potions_obtained":[{"floor":1,"key":"Fruit Juice"},{"floor":3,"key":"EntropicBrew"},{"floor":10,"key":"Weak Potion"},{"floor":12,"key":"Regen Potion"},{"floor":18,"key":"AttackPotion"},{"floor":28,"key":"FocusPotion"},{"floor":31,"key":"SmokeBomb"},{"floor":41,"key":"GamblersBrew"}],"is_trial":false}