{"gold_per_floor":[114,130,130,55,55,83,95,139,198,210,239,251,338,250,250,346,346,360,360,235,150,177,177],"floor_reached":23,"playtime":1115,"items_purged":["Strike_R","Strike_R","Bash"],"score":203,"play_id":"2ef089b3-fe52-4026-b242-0af05a9e1b94","local_time":"20181108210854","is_ascension_mode":true,"campfire_choices":[{"floor":7,"key":"REST"},{"floor":10,"key":"REST"},{"data":"Juggernaut","floor":15,"key":"SMITH"}],"neow_cost":"NONE","seed_source_timestamp":2583366313923285,"circlet_count":0,"master_deck":["Defend_R","Defend_R","Defend_R","Defend_R","Cleave","Thunderclap","Iron Wave","Juggernaut+1","Barricade","Rampage"],"relics":["Burning Blood","Centennial Puzzle","MawBank","Juzu Bracelet","Bag of Preparation","Empty Cage","Sundial","Bronze Scales","Orichalcum"],"potions_floor_usage":[16,16,16,23],"damage_taken":[{"damage":12,"enemies":"Cultist","floor":1,"turns":5},{"damage":6,"enemies":"Jaw Worm","floor":2,"turns":3},{"damage":44,"enemies":"3 Sentries","floor":6,"turns":7},{"damage":20,"enemies":"Gremlin Nob","floor":8,"turns":4},{"damage":3,"enemies":"2 Louse","floor":11,"turns":2},{"damage":52,"enemies":"The Guardian","floor":16,"turns":11},{"damage":33,"enemies":"Spheric Guardian","floor":18,"turns":6},{"damage":60,"enemies":"Slavers","floor":23,"turns":3}],"seed_played":"-7299004644374463329","potions_obtained":[{"floor":2,"key":"Block Potion"},{"floor":5,"key":"AttackPotion"},{"floor":5,"key":"Weak Potion"},{"floor":16,"key":"Explosive Potion"},{"floor":18,"key":"EssenceOfSteel"}],"is_trial":false,"path_per_floor":["M","M","?","$","?","E","R","E","T","R","M","?","?","$","R","B",null,"M","?","$","?","T","E"],"character_chosen":"IRONCLAD","items_purchased":[],"campfire_rested":2,"item_purchase_floors":[],"current_hp_per_floor":[74,74,74,74,74,36,60,46,46,70,73,73,62,62,62,16,80,53,53,53,53,53,0],"gold":177,"neow_bonus":"RANDOM_COMMON_RELIC","is_prod":false,"is_daily":false,"chose_seed":false,"campfire_upgraded":1,"win_rate":0,"timestamp":1541732934,"path_taken":["M","?","?","$","?","E","R","E","T","R","M","?","?","$","R","BOSS","M","?","?","?","?","E"],"build_version":"2018-11-08","purchased_purges":3,"victory":false,"max_hp_per_floor":[80,80,80,80,80,80,80,80,80,80,80,80,80,80,80,80,80,80,80,80,80,80,80],"card_choices":[{"not_picked":["True Grit","Shrug It Off"],"picked":"Cleave","floor":1},{"not_picked":["Power Through","Havoc"],"picked":"Thunderclap","floor":2},{"not_picked":["Dual Wield","Perfected Strike","Sword Boomerang"],"picked":"SKIP","floor":6},{"not_picked":["Thunderclap","Rampage"],"picked":"Iron Wave","floor":8},{"not_picked":["Battle Trance","Warcry"],"picked":"Juggernaut","floor":11},{"not_picked":["Limit Break","Berserk"],"picked":"Barricade","floor":16},{"not_picked":["Clothesline+1","Body Slam"],"picked":"Rampage","floor":18}],"player_experience":43405,"relics_obtained":[{"floor":6,"key":"MawBank"},{"floor":8,"key":"Juzu Bracelet"},{"floor":9,"key":"Bag of Preparation"},{"floor":22,"key":"Orichalcum"}],"event_choices":[{"cards_removed":["Strike_R"],"damage_healed":0,"gold_gain":0,"player_choice":"Forget","damage_taken":0,"max_hp_gain":0,"max_hp_loss":0,"event_name":"Living Wall","floor":3,"gold_loss":0},{"damage_healed":0,"gold_gain":0,"player_choice":"Got Potions","damage_taken":0,"max_hp_gain":0,"max_hp_loss":0,"event_name":"Lab","floor":5,"gold_loss":0},{"damage_healed":0,"gold_gain":0,"player_choice":"Ignored","damage_taken":0,"max_hp_gain":0,"max_hp_loss":0,"event_name":"Liars Game","floor":12,"gold_loss":0},{"damage_healed":0,"gold_gain":75,"player_choice":"Gather Gold","damage_taken":11,"max_hp_gain":0,"max_hp_loss":0,"event_name":"World of Goop","floor":13,"gold_loss":0},{"damage_healed":0,"gold_gain":0,"player_choice":"Gave Potion","damage_taken":0,"relics_obtained":["Sundial"],"max_hp_gain":0,"max_hp_loss":0,"event_name":"WeMeetAgain","floor":19,"gold_loss":0},{"damage_healed":0,"gold_gain":0,"player_choice":"Obtained Relic","damage_taken":0,"relics_obtained":["Bronze Scales"],"max_hp_gain":0,"max_hp_loss":0,"event_name":"Addict","floor":21,"gold_loss":85}],"is_beta":false,"boss_relics":[{"not_picked":["Calling Bell","Runic Pyramid"],"picked":"Empty Cage"}],"items_purged_floors":[4,14,20],"is_endless":false,"potions_floor_spawned":[2,11,16,18],"killed_by":"Slavers","ascension_level":1}