{"gold_per_floor":[113,127,127,140,150,150,225,225,225,241,241,254,273,96,96,168,168,178,33,33,33,59,59,69,103,103,103],"floor_reached":27,"playtime":1242,"items_purged":[],"score":415,"play_id":"0c9c0272-4120-490d-80ba-7fea4e43b404","local_time":"20190202123728","is_ascension_mode":true,"campfire_choices":[{"data":"Crippling Poison","floor":6,"key":"SMITH"},{"data":"Neutralize","floor":8,"key":"SMITH"},{"data":"Skewer","floor":11,"key":"SMITH"},{"data":"Malaise","floor":15,"key":"SMITH"},{"floor":23,"key":"REST"}],"neow_cost":"NONE","seed_source_timestamp":754932829197000,"circlet_count":0,"master_deck":["AscendersBane","Defend_G","Defend_G","Defend_G","Defend_G","Defend_G","Strike_G","Strike_G","Strike_G","Strike_G","Survivor","Neutralize+1","Crippling Poison+1","Well Laid Plans","Backstab","Deadly Poison","Skewer+1","Outmaneuver","Malaise+1","Mayhem","Doppelganger","Flying Knee","PiercingWail","Underhanded Strike"],"relics":["Ring of the Snake","Mango","Ice Cream","HoveringKite","Bag of Preparation","Red Mask","Centennial Puzzle","Gremlin Horn"],"potions_floor_usage":[22,27,27],"damage_taken":[{"damage":2,"enemies":"Small Slimes","floor":1,"turns":5},{"damage":10,"enemies":"Jaw Worm","floor":2,"turns":7},{"damage":1,"enemies":"2 Louse","floor":4,"turns":4},{"damage":0,"enemies":"Blue Slaver","floor":5,"turns":5},{"damage":0,"enemies":"Looter","floor":10,"turns":4},{"damage":8,"enemies":"Large Slime","floor":12,"turns":3},{"damage":2,"enemies":"2 Fungi Beasts","floor":13,"turns":4},{"damage":18,"enemies":"The Guardian","floor":16,"turns":9},{"damage":10,"enemies":"3 Byrds","floor":18,"turns":5},{"damage":25,"enemies":"Masked Bandits","floor":22,"turns":5},{"damage":6,"enemies":"Spheric Guardian","floor":24,"turns":6},{"damage":21,"enemies":"Gremlin Leader","floor":25,"turns":7},{"damage":4,"enemies":"Slavers","floor":27,"turns":3}],"seed_played":"-3450877109548299532","potions_obtained":[{"floor":2,"key":"Strength Potion"},{"floor":5,"key":"Strength Potion"},{"floor":13,"key":"GamblersBrew"},{"floor":16,"key":"Energy Potion"},{"floor":25,"key":"Weak Potion"}],"is_trial":false,"path_per_floor":["M","M","?","M","M","R","?","R","T","M","R","M","M","$","R","B",null,"M","$","?","?","?","R","M","E","T","E"],"character_chosen":"THE_SILENT","items_purchased":["Mayhem","Bag of Preparation"],"campfire_rested":1,"item_purchase_floors":[14,19],"current_hp_per_floor":[57,47,50,49,49,49,38,38,38,38,38,30,28,28,28,10,63,53,53,30,30,5,30,24,3,3,0],"gold":103,"neow_bonus":"REMOVE_CARD","is_prod":false,"is_daily":false,"chose_seed":false,"campfire_upgraded":4,"win_rate":0,"timestamp":1549082248,"path_taken":["M","M","?","M","M","R","?","R","T","M","R","M","M","$","R","BOSS","M","$","?","?","?","R","M","E","T","E"],"build_version":"2019-01-23","purchased_purges":0,"victory":false,"max_hp_per_floor":[66,66,80,80,80,80,80,80,80,80,80,80,80,80,80,80,80,80,80,85,85,85,85,85,85,85,85],"card_choices":[{"not_picked":["Bane","Slice"],"picked":"Crippling Poison","floor":1},{"not_picked":["Backflip","Prepared"],"picked":"Well Laid Plans","floor":2},{"not_picked":["Concentrate","Well Laid Plans"],"picked":"Backstab","floor":4},{"not_picked":["Reflex","Bane"],"picked":"Deadly Poison","floor":5},{"not_picked":["Masterful Stab","Deadly Poison"],"picked":"Skewer","floor":10},{"not_picked":["Dagger Spray","Well Laid Plans"],"picked":"Outmaneuver","floor":12},{"not_picked":["Slice","Terror"],"picked":"Malaise","floor":13},{"not_picked":["Storm of Steel","After Image"],"picked":"Doppelganger","floor":16},{"not_picked":["Dagger Spray","Poisoned Stab"],"picked":"Flying Knee","floor":18},{"not_picked":["Flying Knee","Blade Dance"],"picked":"PiercingWail","floor":22},{"not_picked":["Quick Slash+1","Dagger Spray"],"picked":"Underhanded Strike","floor":24},{"not_picked":["Outmaneuver","PiercingWail","Setup"],"picked":"SKIP","floor":25}],"player_experience":685860,"relics_obtained":[{"floor":9,"key":"Ice Cream"},{"floor":22,"key":"Red Mask"},{"floor":25,"key":"Centennial Puzzle"},{"floor":26,"key":"Gremlin Horn"}],"event_choices":[{"damage_healed":0,"gold_gain":0,"player_choice":"Success","damage_taken":11,"relics_obtained":["Mango"],"max_hp_gain":0,"max_hp_loss":0,"event_name":"Scrap Ooze","floor":3,"gold_loss":0},{"damage_healed":0,"gold_gain":75,"player_choice":"Gather Gold","damage_taken":11,"max_hp_gain":0,"max_hp_loss":0,"event_name":"World of Goop","floor":7,"gold_loss":0},{"damage_healed":0,"gold_gain":0,"player_choice":"Shed Blood","damage_taken":28,"max_hp_gain":5,"max_hp_loss":0,"event_name":"Forgotten Altar","floor":20,"gold_loss":0},{"damage_healed":0,"gold_gain":0,"player_choice":"Ignored","damage_taken":0,"max_hp_gain":0,"max_hp_loss":0,"event_name":"Beggar","floor":21,"gold_loss":0},{"damage_healed":0,"gold_gain":0,"player_choice":"Fought Bandits","damage_taken":0,"max_hp_gain":0,"max_hp_loss":0,"event_name":"Masked Bandits","floor":22,"gold_loss":0}],"is_beta":false,"boss_relics":[{"not_picked":["Tiny House","Runic Pyramid"],"picked":"HoveringKite"}],"items_purged_floors":[],"is_endless":false,"potions_floor_spawned":[2,5,13,16,25],"killed_by":"Slavers","ascension_level":15}