{"gold_per_floor":[144,189,234,234,279,369,414,414,464,562,611,660,660,709,709,1034,1034,1083,1083,478,478,104,153,202,202,202,225,225,25,74,123,123,448,448,497,9,231,280,280,280,329,329],"floor_reached":42,"playtime":3219,"items_purged":["Regret","Defend_R+1"],"score":512,"play_id":"05611a58-9e5f-47c3-91ae-a9cff8e7b678","local_time":"20180927031722","daily_mods":["Brewmaster","Midas","Terminal"],"is_ascension_mode":false,"campfire_choices":[{"floor":15,"key":"REST"},{"data":"Anger","floor":28,"key":"PURGE"},{"data":"Strike_R+1","floor":32,"key":"PURGE"},{"data":"Writhe","floor":40,"key":"PURGE"}],"neow_cost":"","seed_source_timestamp":755227484392052,"circlet_count":0,"master_deck":["Strike_R+1","Strike_R+1","Strike_R+1","Strike_R+1","Defend_R+1","Defend_R+1","Defend_R+1","Bash+1","Venomology","Venomology","Venomology","Venomology","Venomology","Pommel Strike","Entrench","Intimidate","Brutality+1","Sentinel","Immolate","Combust+1","Burning Pact","Reaper+1","Armaments+1","RitualDagger","Fire Breathing+1","Inflame+1","Seeing Red+1","Ghostly","Ghostly","Ghostly","Ghostly","Ghostly","Impervious","Metallicize+1","Seeing Red+1","Barricade+1","Body Slam+1","RitualDagger+1","Inflame+1","Body Slam+1","Inflame+1"],"special_seed":17800,"relics":["Burning Blood","White Beast Statue","Kunai","Frozen Egg 2","Golden Idol","Anchor","Bag of Marbles","Mummified Hand","Fusion Hammer","Molten Egg 2","Toy Ornithopter","Peace Pipe","Whetstone","Red Mask","Sling","Runic Cube","Potion Belt","DollysMirror"],"potions_floor_usage":[1,1,1,2,2,2,2,3,3,3,3,3,3,5,5,5,5,5,5,6,6,6,6,6,6,6,7,7,7,7,7,7,10,10,10,10,10,11,11,11,11,12,14,14,14,16,16,16,16,16,16,16,16,18,18,18,23,24,24,24,24,24,27,27,27,27,27,30,30,30,31,31,31,33,33,33,33,35,35,35,35,38,41,41,42,42,42,42,42,42],"damage_taken":[{"damage":0,"enemies":"Small Slimes","floor":1,"turns":6},{"damage":2,"enemies":"Cultist","floor":2,"turns":5},{"damage":0,"enemies":"Jaw Worm","floor":3,"turns":2},{"damage":8,"enemies":"Exordium Thugs","floor":5,"turns":5},{"damage":43,"enemies":"3 Sentries","floor":6,"turns":9},{"damage":3,"enemies":"Exordium Wildlife","floor":7,"turns":3},{"damage":38,"enemies":"Lagavulin","floor":10,"turns":9},{"damage":10,"enemies":"Blue Slaver","floor":11,"turns":5},{"damage":3,"enemies":"2 Fungi Beasts","floor":12,"turns":3},{"damage":4,"enemies":"Large Slime","floor":14,"turns":4},{"damage":24,"enemies":"Slime Boss","floor":16,"turns":7},{"damage":8,"enemies":"Shell Parasite","floor":18,"turns":4},{"damage":1,"enemies":"2 Thieves","floor":23,"turns":3},{"damage":3,"enemies":"Shelled Parasite and Fungi","floor":24,"turns":4},{"damage":9,"enemies":"Masked Bandits","floor":27,"turns":6},{"damage":4,"enemies":"Centurion and Healer","floor":30,"turns":4},{"damage":3,"enemies":"Snecko","floor":31,"turns":4},{"damage":30,"enemies":"Automaton","floor":33,"turns":12},{"damage":4,"enemies":"Orb Walker","floor":35,"turns":5},{"damage":9,"enemies":"3 Shapes","floor":38,"turns":6},{"damage":3,"enemies":"Reptomancer","floor":41,"turns":4},{"damage":19,"enemies":"Giant Head","floor":42,"turns":7}],"seed_played":"-9213636199092254619","potions_obtained":[{"floor":1,"key":"FearPotion"},{"floor":2,"key":"Energy Potion"},{"floor":3,"key":"SteroidPotion"},{"floor":5,"key":"Swift Potion"},{"floor":6,"key":"FearPotion"},{"floor":7,"key":"SpeedPotion"},{"floor":10,"key":"Explosive Potion"},{"floor":11,"key":"SteroidPotion"},{"floor":12,"key":"LiquidBronze"},{"floor":14,"key":"Swift Potion"},{"floor":16,"key":"Energy Potion"},{"floor":18,"key":"Explosive Potion"},{"floor":23,"key":"LiquidBronze"},{"floor":24,"key":"Weak Potion"},{"floor":27,"key":"Poison Potion"},{"floor":30,"key":"SteroidPotion"},{"floor":31,"key":"BloodPotion"},{"floor":33,"key":"AttackPotion"},{"floor":35,"key":"FearPotion"},{"floor":38,"key":"Regen Potion"},{"floor":41,"key":"Weak Potion"}],"is_trial":false,"path_per_floor":["M","M","M","?","M","E","M","?","T","E","M","M","T","M","R","B",null,"M","?","$","?","$","M","M","?","T","?","R","$","M","M","R","B",null,"M","$","?","M","?","R","M"],"character_chosen":"IRONCLAD","items_purchased":["Molten Egg 2","Toy Ornithopter","Fire Breathing+1","Inflame+1","Peace Pipe","Sling","Potion Belt","DollysMirror","Inflame+1"],"campfire_rested":1,"item_purchase_floors":[20,20,20,22,22,29,36,36,36],"current_hp_per_floor":[78,77,76,75,73,51,61,43,43,11,13,16,16,18,37,19,62,61,55,55,55,55,56,55,26,25,24,23,22,21,20,19,12,17,16,15,14,13,12,11,10,0],"gold":329,"neow_bonus":"","is_prod":false,"is_daily":true,"chose_seed":false,"campfire_upgraded":0,"win_rate":0,"timestamp":1537993042,"path_taken":["M","M","M","?","M","E","M","?","T","E","M","?","?","M","R","BOSS","M","?","$","?","$","M","M","?","T","?","R","$","M","M","R","BOSS","M","$","?","M","?","R","M","E"],"build_version":"2018-09-20","purchased_purges":2,"victory":false,"max_hp_per_floor":[78,77,76,75,74,73,72,71,70,69,68,67,66,65,64,63,62,61,60,59,58,57,56,55,26,25,24,23,22,21,20,19,18,17,16,15,14,13,12,11,10,10],"card_choices":[{"not_picked":["Armaments","Iron Wave"],"picked":"Pommel Strike","floor":1},{"not_picked":["Searing Blow","Heavy Blade","Headbutt"],"picked":"SKIP","floor":2},{"not_picked":["Anger","Armaments"],"picked":"Entrench","floor":3},{"not_picked":["Twin Strike","Thunderclap"],"picked":"Intimidate","floor":5},{"not_picked":["Hemokinesis","True Grit"],"picked":"Brutality","floor":6},{"not_picked":["Twin Strike","Sever Soul"],"picked":"Sentinel","floor":7},{"not_picked":["Clothesline","Ghostly Armor"],"picked":"Immolate","floor":10},{"not_picked":["Pommel Strike","Burning Pact"],"picked":"Combust+1","floor":11},{"not_picked":["Clothesline","Body Slam"],"picked":"Anger","floor":12},{"not_picked":["Pommel Strike","Wild Strike"],"picked":"Burning Pact","floor":14},{"not_picked":["Fiend Fire","Double Tap"],"picked":"Reaper","floor":16},{"not_picked":["Anger","Body Slam"],"picked":"Armaments+1","floor":18},{"not_picked":["Dual Wield+1","True Grit"],"picked":"Seeing Red+1","floor":23},{"not_picked":["Havoc","True Grit","Shrug It Off"],"picked":"SKIP","floor":24},{"not_picked":["Shrug It Off+1","Seeing Red"],"picked":"Impervious","floor":27},{"not_picked":["Clash+1","Anger+1"],"picked":"Metallicize+1","floor":30},{"not_picked":["True Grit","Blood for Blood+1"],"picked":"Seeing Red+1","floor":31},{"not_picked":["Bludgeon+1","Reaper+1"],"picked":"Barricade+1","floor":33},{"not_picked":["Cleave+1","Clash+1"],"picked":"Body Slam+1","floor":35},{"not_picked":["Havoc+1","Fire Breathing+1"],"picked":"Body Slam+1","floor":38},{"not_picked":["Clothesline+1","Clash+1"],"picked":"Inflame+1","floor":41}],"player_experience":189938,"relics_obtained":[{"floor":6,"key":"Frozen Egg 2"},{"floor":9,"key":"Anchor"},{"floor":10,"key":"Bag of Marbles"},{"floor":13,"key":"Mummified Hand"},{"floor":26,"key":"Whetstone"},{"floor":27,"key":"Red Mask"}],"event_choices":[{"event_name":"Big Fish","player_choice":"Box","floor":4,"damage_taken":0},{"event_name":"Golden Idol","player_choice":"Take Damage","floor":8,"damage_taken":0},{"event_name":"Nest","player_choice":"Joined the Cult","floor":19,"damage_taken":0},{"event_name":"Back to Basics","player_choice":"Simplicity","floor":21,"damage_taken":0},{"event_name":"Ghosts","player_choice":"Became a Ghost","floor":25,"damage_taken":0},{"event_name":"Masked Bandits","player_choice":"Fought Bandits","floor":27,"damage_taken":0},{"event_name":"Tomb of Lord Red Mask","player_choice":"Wore Mask","floor":37,"damage_taken":0},{"event_name":"Winding Halls","player_choice":"Writhe","floor":39,"damage_taken":0}],"is_beta":false,"boss_relics":[{"not_picked":["Astrolabe","Pandora\u0027s Box"],"picked":"Fusion Hammer"},{"not_picked":["Cursed Key","Lizard Tail"],"picked":"Runic Cube"}],"items_purged_floors":[20,36],"is_endless":false,"potions_floor_spawned":[1,2,3,5,6,7,10,11,12,14,16,18,23,24,27,30,31,33,35,38,41],"killed_by":"Giant Head","ascension_level":0}