{"gold_per_floor":[119,119,129,142,155,188,202,202],"floor_reached":8,"playtime":336,"items_purged":[],"score":75,"play_id":"603c843c-3d7c-42b3-8429-7d95edfa1cd5","local_time":"20190214192855","is_ascension_mode":true,"campfire_choices":[],"neow_cost":"NONE","seed_source_timestamp":162796406344409,"circlet_count":0,"master_deck":["Strike_B","Strike_B","Strike_B","Strike_B","Defend_B","Defend_B","Defend_B","Defend_B","Zap","Dualcast","Streamline","Machine Learning"],"relics":["Cracked Core","Ancient Tea Set","Emotion Chip"],"potions_floor_usage":[6,6,6],"damage_taken":[{"damage":2,"enemies":"Jaw Worm","floor":1,"turns":3},{"damage":6,"enemies":"Cultist","floor":3,"turns":4},{"damage":0,"enemies":"Small Slimes","floor":4,"turns":2},{"damage":11,"enemies":"Blue Slaver","floor":5,"turns":6},{"damage":32,"enemies":"Lagavulin","floor":6,"turns":6},{"damage":15,"enemies":"2 Fungi Beasts","floor":7,"turns":3},{"damage":9,"enemies":"3 Louse","floor":8,"turns":1}],"seed_played":"-4953787647008967328","potions_obtained":[{"floor":2,"key":"FocusPotion"},{"floor":2,"key":"SpeedPotion"},{"floor":2,"key":"Poison Potion"},{"floor":3,"key":"FocusPotion"},{"floor":6,"key":"Strength Potion"},{"floor":7,"key":"Swift Potion"}],"is_trial":false,"path_per_floor":["M","?","M","M","M","E","M","M"],"character_chosen":"DEFECT","items_purchased":[],"campfire_rested":0,"item_purchase_floors":[],"current_hp_per_floor":[73,73,67,67,56,24,9,0],"gold":202,"neow_bonus":"RANDOM_COMMON_RELIC","is_prod":false,"is_daily":false,"chose_seed":false,"campfire_upgraded":0,"win_rate":0,"timestamp":1550194135,"path_taken":["M","?","?","M","M","E","M","M"],"build_version":"2019-01-23","purchased_purges":0,"victory":false,"max_hp_per_floor":[75,75,75,75,75,75,75,75],"card_choices":[{"not_picked":["Stack","Beam Cell","Darkness"],"picked":"SKIP","floor":1},{"not_picked":["Static Discharge","Chaos"],"picked":"Streamline","floor":3},{"not_picked":["Streamline","Go for the Eyes"],"picked":"Machine Learning","floor":4},{"not_picked":["Leap","Reprogram","Go for the Eyes"],"picked":"SKIP","floor":5},{"not_picked":["Go for the Eyes","Coolheaded","Darkness"],"picked":"SKIP","floor":6},{"not_picked":["Sweeping Beam","Consume","Barrage"],"picked":"SKIP","floor":7}],"player_experience":1355647,"relics_obtained":[{"floor":6,"key":"Emotion Chip"}],"event_choices":[{"damage_healed":0,"gold_gain":0,"player_choice":"Got Potions","damage_taken":0,"max_hp_gain":0,"max_hp_loss":0,"event_name":"Lab","floor":2,"gold_loss":0}],"is_beta":false,"boss_relics":[],"items_purged_floors":[],"is_endless":false,"potions_floor_spawned":[3,6,7],"killed_by":"3 Louse","ascension_level":5}