{"gold_per_floor":[119,119,44,56,56,56,66,66,139,173,185,195,228,246,246,246],"floor_reached":16,"playtime":460,"items_purged":["Strike_R"],"score":162,"play_id":"af95a8c8-2995-4c8c-9761-5c26eff60a80","local_time":"20190226210228","is_ascension_mode":false,"campfire_choices":[{"data":"Whirlwind","floor":6.0,"key":"SMITH"},{"data":"Bludgeon","floor":8.0,"key":"SMITH"},{"data":"Double Tap","floor":15,"key":"SMITH"}],"neow_cost":"NONE","seed_source_timestamp":28624962344197,"circlet_count":0,"master_deck":["Strike_R","Strike_R","Strike_R","Strike_R","Defend_R","Defend_R","Defend_R","Defend_R","Bash","Bludgeon+1","Whirlwind+1","Ghostly Armor","Double Tap+1"],"special_seed":0,"relics":["Burning Blood","Gremlin Horn","Boot","Smiling Mask"],"potions_floor_usage":[],"damage_taken":[{"damage":5.0,"enemies":"2 Louse","floor":1.0,"turns":3.0},{"damage":1.0,"enemies":"Cultist","floor":4.0,"turns":3.0},{"damage":1.0,"enemies":"Jaw Worm","floor":7.0,"turns":4.0},{"damage":14.0,"enemies":"Gremlin Nob","floor":10.0,"turns":3.0},{"damage":7.0,"enemies":"Blue Slaver","floor":11.0,"turns":5.0},{"damage":2.0,"enemies":"Exordium Wildlife","floor":12.0,"turns":4.0},{"damage":8.0,"enemies":"3 Sentries","floor":13.0,"turns":6.0},{"damage":0.0,"enemies":"Large Slime","floor":14.0,"turns":3.0}],"seed_played":"7966085016329511290","potions_obtained":[{"floor":10.0,"key":"LiquidBronze"},{"floor":11.0,"key":"EntropicBrew"},{"floor":12.0,"key":"FearPotion"},{"floor":14.0,"key":"Explosive Potion"}],"is_trial":false,"path_per_floor":["M","?","$","M","$","R","M","R","T","E","M","M","E","M","R","B"],"character_chosen":"IRONCLAD","items_purchased":[],"campfire_rested":0,"item_purchase_floors":[],"current_hp_per_floor":[80,80,80,80,80,80,80,80,80,72,71,75,73,79,79,0],"gold":246,"neow_bonus":"ONE_RANDOM_RARE_CARD","is_prod":false,"is_daily":false,"chose_seed":false,"campfire_upgraded":3,"win_rate":0,"timestamp":1551232948,"path_taken":["M","?","?","M","$","R","M","R","T","E","?","M","E","M","R","BOSS"],"build_version":"2019-01-23","purchased_purges":1,"victory":false,"max_hp_per_floor":[80,80,80,80,80,80,80,80,80,80,80,80,80,80,80,80],"card_choices":[{"not_picked":["Clash","Flex","Thunderclap"],"picked":"SKIP","floor":1.0},{"not_picked":["Shrug It Off","Anger"],"picked":"Whirlwind","floor":4.0},{"not_picked":["Havoc","Anger","Rage"],"picked":"SKIP","floor":7.0},{"not_picked":["Seeing Red","True Grit"],"picked":"Ghostly Armor","floor":10.0},{"not_picked":["Flex","Entrench","Clothesline"],"picked":"SKIP","floor":11.0},{"not_picked":["Warcry","Shrug It Off"],"picked":"Double Tap","floor":12.0},{"not_picked":["Havoc","Blood for Blood","Seeing Red"],"picked":"SKIP","floor":13.0},{"not_picked":["Whirlwind","Burning Pact","Perfected Strike"],"picked":"SKIP","floor":14.0}],"player_experience":482885,"relics_obtained":[{"floor":9.0,"key":"Gremlin Horn"},{"floor":10.0,"key":"Boot"},{"floor":13.0,"key":"Smiling Mask"}],"event_choices":[{"damage_healed":0.0,"max_hp_gain":0.0,"max_hp_loss":0.0,"gold_gain":0.0,"event_name":"NoteForYourself","player_choice":"Ignored","floor":2.0,"gold_loss":0.0,"damage_taken":0.0}],"is_beta":false,"boss_relics":[],"items_purged_floors":[3],"is_endless":false,"potions_floor_spawned":[10,11,12,14],"killed_by":"The Guardian","ascension_level":0}