{"gold_per_floor":[116,130,130,145,145,174,174,207,207,38,48,48,79,101,101,180,180,191,111,124,124,136,136],"floor_reached":23,"playtime":2661,"items_purged":[],"score":505,"play_id":"dc762acd-bc52-42ed-b920-ba97282cf7f8","local_time":"20181216110401","is_ascension_mode":true,"campfire_choices":[{"data":"Zap","floor":7.0,"key":"SMITH"},{"data":"Chaos","floor":15.0,"key":"SMITH"}],"neow_cost":"NONE","seed_source_timestamp":9879251078335,"circlet_count":0,"master_deck":["AscendersBane","Strike_B","Strike_B","Strike_B","Strike_B","Defend_B+1","Defend_B","Defend_B","Defend_B+1","Zap+1","Dualcast","Glacier","Auto Shields","Defragment+1","Cold Snap","Chaos+1","Creative AI","White Noise","Ball Lightning"],"special_seed":0,"relics":["Cracked Core","NeowsBlessing","Oddly Smooth Stone","Bottled Lightning","War Paint","Bronze Scales","Happy Flower","Pen Nib","Odd Mushroom","Busted Crown"],"potions_floor_usage":[20,20],"damage_taken":[{"damage":0.0,"enemies":"Jaw Worm","floor":1.0,"turns":1.0},{"damage":0.0,"enemies":"Small Slimes","floor":2.0,"turns":1.0},{"damage":0.0,"enemies":"2 Louse","floor":4.0,"turns":1.0},{"damage":0.0,"enemies":"Lagavulin","floor":6.0,"turns":11.0},{"damage":22.0,"enemies":"Gremlin Nob","floor":8.0,"turns":6.0},{"damage":1.0,"enemies":"Exordium Wildlife","floor":11.0,"turns":5.0},{"damage":0.0,"enemies":"3 Sentries","floor":13.0,"turns":9.0},{"damage":0.0,"enemies":"The Mushroom Lair","floor":14.0,"turns":5.0},{"damage":17.0,"enemies":"The Guardian","floor":16.0,"turns":10.0},{"damage":0.0,"enemies":"Chosen","floor":18.0,"turns":5.0},{"damage":8.0,"enemies":"2 Thieves","floor":19.0,"turns":4.0},{"damage":10,"enemies":"Cultist and Chosen","floor":20,"turns":7},{"damage":11,"enemies":"Shelled Parasite and Fungi","floor":22,"turns":6},{"damage":34,"enemies":"Gremlin Leader","floor":23,"turns":3}],"seed_played":"4439982557244321448","potions_obtained":[{"floor":2.0,"key":"Dexterity Potion"},{"floor":4.0,"key":"Dexterity Potion"},{"floor":6.0,"key":"Swift Potion"},{"floor":11.0,"key":"Block Potion"},{"floor":14.0,"key":"EssenceOfSteel"}],"is_trial":false,"path_per_floor":["M","M","?","M","?","E","R","E","T","$","M","$","E","?","R","B",null,"M","M","M","?","M","E"],"character_chosen":"DEFECT","items_purchased":["Happy Flower"],"campfire_rested":0,"item_purchase_floors":[10],"current_hp_per_floor":[64,64,59,59,59,59,59,37,37,37,36,36,36,36,36,19,58,58,50,40,40,29,0],"gold":136,"neow_bonus":"THREE_ENEMY_KILL","is_prod":false,"is_daily":false,"chose_seed":false,"campfire_upgraded":2,"win_rate":0,"timestamp":1544954641,"path_taken":["M","M","?","M","?","E","R","E","T","$","M","$","E","?","R","BOSS","M","M","M","?","M","E"],"build_version":"2018-12-13","purchased_purges":0,"victory":false,"max_hp_per_floor":[71,71,71,71,71,71,71,71,71,71,71,71,71,71,71,71,71,71,71,71,71,71,71],"card_choices":[{"not_picked":["Conserve Battery","Consume"],"picked":"Glacier","floor":1.0},{"not_picked":["Gash","Streamline"],"picked":"Auto Shields","floor":2.0},{"not_picked":["Auto Shields","Streamline"],"picked":"Defragment","floor":4.0},{"not_picked":["Gash","Stack"],"picked":"Cold Snap","floor":6.0},{"not_picked":["Recycle","Sweeping Beam","Skim"],"picked":"SKIP","floor":8.0},{"not_picked":["Skim","Steam","Fusion"],"picked":"SKIP","floor":11.0},{"not_picked":["Scrape","Gash","Streamline"],"picked":"SKIP","floor":13.0},{"not_picked":["Darkness","Rip and Tear"],"picked":"Chaos","floor":14.0},{"not_picked":["Core Surge","Fission"],"picked":"Creative AI","floor":16.0},{"not_picked":["Rebound"],"picked":"SKIP","floor":18.0},{"not_picked":["Tempest"],"picked":"SKIP","floor":19.0},{"not_picked":[],"picked":"White Noise","floor":20},{"not_picked":[],"picked":"Ball Lightning","floor":22}],"player_experience":838469,"relics_obtained":[{"floor":6.0,"key":"Bottled Lightning"},{"floor":8.0,"key":"War Paint"},{"floor":9.0,"key":"Bronze Scales"},{"floor":13.0,"key":"Pen Nib"},{"floor":14.0,"key":"Odd Mushroom"}],"event_choices":[{"damage_healed":0.0,"max_hp_gain":0.0,"max_hp_loss":0.0,"gold_gain":0.0,"event_name":"Scrap Ooze","player_choice":"Success","floor":3.0,"gold_loss":0.0,"damage_taken":5.0,"relics_obtained":["Oddly Smooth Stone"]},{"damage_healed":0.0,"max_hp_gain":0.0,"max_hp_loss":0.0,"gold_gain":0.0,"event_name":"Living Wall","player_choice":"Grow","floor":5.0,"gold_loss":0.0,"damage_taken":0.0,"cards_upgraded":["Defragment"]},{"damage_healed":0.0,"max_hp_gain":0.0,"max_hp_loss":0.0,"gold_gain":0.0,"event_name":"Mushrooms","player_choice":"Fought Mushrooms","floor":14.0,"gold_loss":0.0,"damage_taken":0.0},{"damage_healed":0,"gold_gain":0,"player_choice":"Ignored","damage_taken":0,"max_hp_gain":0,"max_hp_loss":0,"event_name":"Vampires","floor":21,"gold_loss":0}],"is_beta":true,"boss_relics":[{"not_picked":["Coffee Dripper","Black Star"],"picked":"Busted Crown"}],"items_purged_floors":[],"is_endless":false,"potions_floor_spawned":[2,4,6,11,14,18],"killed_by":"Gremlin Leader","ascension_level":19}