{"gold_per_floor":[116,116,131,131,149,149,160,176,176,176,191,224,96,115,115,217,217,231,5,5,5,17,17,49,49,49,49,61,94,94,94,94,190,240,253,263,53,69,69,99,99,132,157,191,191,56,76,93,93,93],"floor_reached":51,"playtime":6639,"items_purged":["Strike_R","Strike_R","Defend_R"],"score":800,"play_id":"b908eefe-4e15-436b-9e40-87afa8a9adb0","local_time":"20181016235433","is_ascension_mode":false,"campfire_choices":[{"data":"Bash","floor":6,"key":"SMITH"},{"data":"Inflame","floor":10,"key":"SMITH"},{"data":"Pommel Strike","floor":15,"key":"SMITH"},{"data":"Iron Wave","floor":23,"key":"SMITH"},{"data":"Thunderclap","floor":25,"key":"SMITH"},{"data":"Flex","floor":27,"key":"SMITH"},{"data":"Offering","floor":30,"key":"SMITH"},{"data":"Dropkick","floor":32,"key":"SMITH"},{"data":"Whirlwind","floor":41,"key":"SMITH"},{"data":"Dropkick","floor":45,"key":"SMITH"},{"floor":49,"key":"REST"}],"neow_cost":"PERCENT_DAMAGE","seed_source_timestamp":585129181890819,"circlet_count":0,"master_deck":["Defend_R+1","Defend_R+1","Bash+1","Dropkick+1","Reckless Charge","Inflame+1","Pommel Strike+1","Thunderclap+1","Fire Breathing+1","Flex+1","Metallicize+1","Feed","Pommel Strike+1","Iron Wave+1","Inflame+1","Metallicize+1","Offering+1","Dropkick+1","Demon Form+1","Pommel Strike+1","Inflame+1","Whirlwind+1","Shrug It Off+1","Shrug It Off","Metallicize+1","Metallicize+1","Carnage+1","Double Tap"],"relics":["Burning Blood","WingedGreaves","Mummified Hand","Frozen Egg 2","Mark of Pain","Potion Belt","Bronze Scales","Boot","Tiny House","Ornamental Fan","Molten Egg 2","War Paint","Oddly Smooth Stone"],"potions_floor_usage":[16,33,33,50,50,50],"damage_taken":[{"damage":11,"enemies":"Jaw Worm","floor":1,"turns":4},{"damage":3,"enemies":"Cultist","floor":3,"turns":5},{"damage":3,"enemies":"Small Slimes","floor":5,"turns":3},{"damage":7,"enemies":"3 Louse","floor":7,"turns":4},{"damage":0,"enemies":"Exordium Wildlife","floor":8,"turns":2},{"damage":0,"enemies":"Looter","floor":11,"turns":1},{"damage":13,"enemies":"Gremlin Nob","floor":12,"turns":4},{"damage":0,"enemies":"Blue Slaver","floor":14,"turns":1},{"damage":35,"enemies":"Hexaghost","floor":16,"turns":6},{"damage":21,"enemies":"Spheric Guardian","floor":18,"turns":4},{"damage":2,"enemies":"Shell Parasite","floor":22,"turns":4},{"damage":8,"enemies":"Book of Stabbing","floor":24,"turns":4},{"damage":6,"enemies":"Snecko","floor":28,"turns":4},{"damage":17,"enemies":"Gremlin Leader","floor":29,"turns":3},{"damage":16,"enemies":"Automaton","floor":33,"turns":6},{"damage":6,"enemies":"Orb Walker","floor":35,"turns":2},{"damage":24,"enemies":"3 Shapes","floor":36,"turns":3},{"damage":6,"enemies":"Transient","floor":38,"turns":5},{"damage":6,"enemies":"Giant Head","floor":40,"turns":4},{"damage":13,"enemies":"2 Orb Walkers","floor":42,"turns":4},{"damage":6,"enemies":"Giant Head","floor":44,"turns":4},{"damage":6,"enemies":"Maw","floor":47,"turns":5},{"damage":30,"enemies":"Spire Growth","floor":48,"turns":4},{"damage":60,"enemies":"Awakened One","floor":50,"turns":8}],"seed_played":"-2276295769944930530","potions_obtained":[{"floor":1,"key":"Fire Potion"},{"floor":5,"key":"Strength Potion"},{"floor":11,"key":"AttackPotion"},{"floor":14,"key":"Energy Potion"},{"floor":16,"key":"EssenceOfSteel"},{"floor":22,"key":"Ancient Potion"},{"floor":28,"key":"Weak Potion"},{"floor":34,"key":"Weak Potion"},{"floor":36,"key":"PowerPotion"},{"floor":44,"key":"SkillPotion"}],"is_trial":false,"path_per_floor":["M","?","M","?","M","R","M","M","T","R","M","E","$","M","R","B",null,"M","$","?","?","M","R","E","R","T","R","M","E","R","?","R","B",null,"M","M","$","M","?","E","R","E","T","E","R","$","M","M","R","B"],"character_chosen":"IRONCLAD","items_purchased":["Flex","Iron Wave","Inflame+1","Whirlwind","Shrug It Off","Double Tap"],"campfire_rested":1,"item_purchase_floors":[13,19,19,37,37,46],"current_hp_per_floor":[51,51,54,47,50,50,49,55,55,55,61,54,54,60,60,31,80,65,65,65,65,69,69,67,67,67,67,67,56,56,56,56,46,85,85,70,70,70,70,70,70,63,63,63,63,63,63,39,65,11],"gold":93,"neow_bonus":"ONE_RARE_RELIC","is_prod":false,"is_daily":false,"chose_seed":false,"campfire_upgraded":10,"win_rate":0.0,"timestamp":1539759273,"path_taken":["M","?","M","?","M","R","M","M","T","R","M","E","$","M","R","BOSS","M","$","?","?","M","R","E","R","T","R","M","E","R","?","R","BOSS","M","M","$","M","?","E","R","E","T","E","R","$","M","M","R","BOSS"],"build_version":"2018-10-11","purchased_purges":3,"victory":true,"max_hp_per_floor":[80,80,80,80,80,80,80,80,80,80,80,80,80,80,80,80,80,80,80,80,80,80,80,80,80,80,80,80,80,80,80,80,80,85,85,88,88,88,88,88,88,88,88,88,88,88,88,88,88,88],"card_choices":[{"not_picked":["Bloodletting","Power Through","Infernal Blade"],"picked":"SKIP","floor":1},{"not_picked":["Thunderclap","Rage"],"picked":"Dropkick","floor":3},{"not_picked":["Intimidate","Shrug It Off"],"picked":"Reckless Charge","floor":5},{"not_picked":["Warcry","Thunderclap"],"picked":"Inflame","floor":7},{"not_picked":["Feel No Pain","Twin Strike"],"picked":"Pommel Strike","floor":8},{"not_picked":["Pummel","Corruption"],"picked":"Thunderclap","floor":11},{"not_picked":["Burning Pact","Pommel Strike"],"picked":"Fire Breathing","floor":12},{"not_picked":["Searing Blow","Reckless Charge"],"picked":"Metallicize+1","floor":14},{"not_picked":["Demon Form+1","Barricade+1"],"picked":"Feed","floor":16},{"not_picked":["Metallicize+1","Cleave+1"],"picked":"Pommel Strike+1","floor":18},{"not_picked":["Infernal Blade","True Grit","Cleave"],"picked":"SKIP","floor":22},{"not_picked":["Armaments","Sword Boomerang","Bloodletting"],"picked":"SKIP","floor":24},{"not_picked":["Sword Boomerang","Anger"],"picked":"Offering","floor":28},{"not_picked":["Iron Wave","Power Through"],"picked":"Dropkick","floor":29},{"not_picked":["Brutality+1","Fiend Fire"],"picked":"Demon Form+1","floor":33},{"not_picked":["Rupture+1","Perfected Strike"],"picked":"Pommel Strike+1","floor":35},{"not_picked":["Intimidate","Corruption+1"],"picked":"Inflame+1","floor":36},{"not_picked":["Armaments","Thunderclap"],"picked":"Shrug It Off","floor":38},{"not_picked":["Infernal Blade","Carnage+1"],"picked":"Metallicize+1","floor":40},{"not_picked":["Carnage","Armaments+1"],"picked":"Metallicize+1","floor":42},{"not_picked":["Clash+1","Flex"],"picked":"Carnage+1","floor":44},{"not_picked":["Ghostly Armor+1","Cleave+1","Shrug It Off"],"picked":"SKIP","floor":47},{"not_picked":["Pummel+1","Corruption+1","Flex+1"],"picked":"SKIP","floor":48}],"player_experience":8885,"relics_obtained":[{"floor":9,"key":"Mummified Hand"},{"floor":12,"key":"Frozen Egg 2"},{"floor":24,"key":"Potion Belt"},{"floor":26,"key":"Bronze Scales"},{"floor":29,"key":"Boot"},{"floor":40,"key":"Ornamental Fan"},{"floor":42,"key":"Molten Egg 2"},{"floor":43,"key":"War Paint"},{"floor":44,"key":"Oddly Smooth Stone"}],"event_choices":[{"event_name":"Purifier","player_choice":"One Purge","floor":2,"damage_taken":0},{"event_name":"Golden Wing","player_choice":"Card Removal","floor":4,"damage_taken":0},{"event_name":"Back to Basics","player_choice":"Elegance","floor":20,"damage_taken":0},{"event_name":"Transmorgrifier","player_choice":"Transform","floor":21,"damage_taken":0},{"event_name":"Ghosts","player_choice":"Ignored","floor":31,"damage_taken":0},{"event_name":"SensoryStone","player_choice":"Memory 1","floor":39,"damage_taken":0}],"is_beta":false,"boss_relics":[{"not_picked":["White Beast Statue","Runic Pyramid"],"picked":"Mark of Pain"},{"not_picked":["Black Star","Runic Cube"],"picked":"Tiny House"}],"items_purged_floors":[13,19,37],"is_endless":false,"potions_floor_spawned":[1,5,11,14,16,18,22,28,36,44,47],"ascension_level":0}