{"gold_per_floor":[112,112,37,37,52,52,52,52,52,52,72,83,93,113,113,113],"floor_reached":16,"playtime":1038,"items_purged":["Defend_G"],"score":92,"play_id":"4c50240c-a260-48bf-a991-7b8cbb934cc0","local_time":"20181110142029","is_ascension_mode":false,"campfire_choices":[{"data":"Neutralize","floor":6,"key":"SMITH"},{"data":"Strike_G","floor":8,"key":"SMITH"},{"data":"Blur","floor":15,"key":"SMITH"}],"neow_cost":"NONE","seed_source_timestamp":2731742044613181,"circlet_count":0,"master_deck":["Defend_G+1","Defend_G","Strike_G","Strike_G","Strike_G","Strike_G","Strike_G+1","Survivor+1","Neutralize+1","Blur+1"],"relics":["Ring of the Snake","NeowsBlessing","Pear"],"potions_floor_usage":[16,16],"damage_taken":[{"damage":0,"enemies":"Jaw Worm","floor":1,"turns":1},{"damage":0,"enemies":"Cultist","floor":5,"turns":1},{"damage":0,"enemies":"Small Slimes","floor":11,"turns":1},{"damage":0,"enemies":"Looter","floor":12,"turns":3},{"damage":0,"enemies":"Blue Slaver","floor":13,"turns":4},{"damage":0,"enemies":"2 Fungi Beasts","floor":14,"turns":4},{"damage":60,"enemies":"Slime Boss","floor":16,"turns":12}],"seed_played":"-6841648447201612172","potions_obtained":[{"floor":1,"key":"LiquidBronze"},{"floor":13,"key":"Block Potion"}],"is_trial":false,"path_per_floor":["M","?","$","$","M","R","?","R","T","?","M","M","M","M","R","B"],"character_chosen":"THE_SILENT","items_purchased":[],"campfire_rested":0,"item_purchase_floors":[],"current_hp_per_floor":[70,70,70,70,70,70,56,56,66,59,59,59,59,59,59,0],"gold":113,"neow_bonus":"THREE_ENEMY_KILL","is_prod":false,"is_daily":false,"chose_seed":false,"campfire_upgraded":3,"win_rate":0.0,"timestamp":1541881229,"path_taken":["M","?","?","$","M","R","?","R","T","?","M","M","?","M","R","BOSS"],"build_version":"2018-11-08","purchased_purges":1,"victory":false,"max_hp_per_floor":[70,70,70,70,70,70,70,70,80,80,80,80,80,80,80,80],"card_choices":[{"not_picked":["Caltrops","All Out Attack","Dagger Throw"],"picked":"SKIP","floor":1},{"not_picked":["Acrobatics","Blade Dance","Masterful Stab"],"picked":"SKIP","floor":5},{"not_picked":["Heel Hook","Masterful Stab"],"picked":"Blur","floor":11},{"not_picked":["Endless Agony","Quick Slash","Poisoned Stab"],"picked":"SKIP","floor":12},{"not_picked":["Underhanded Strike","Calculated Gamble","Deflect"],"picked":"SKIP","floor":13},{"not_picked":["Dagger Spray","Crippling Poison","Heel Hook"],"picked":"SKIP","floor":14}],"player_experience":64742,"relics_obtained":[{"floor":9,"key":"Pear"}],"event_choices":[{"cards_removed":["Defend_G"],"damage_healed":0,"gold_gain":0,"player_choice":"Card Removal","damage_taken":0,"max_hp_gain":0,"max_hp_loss":0,"event_name":"Wheel of Change","floor":2,"gold_loss":0},{"damage_healed":0,"gold_gain":0,"player_choice":"Entered Light","damage_taken":14,"max_hp_gain":0,"max_hp_loss":0,"event_name":"Shining Light","floor":7,"gold_loss":0,"cards_upgraded":["Defend_G","Survivor"]},{"cards_removed":["Defend_G"],"damage_healed":0,"gold_gain":0,"player_choice":"Card Removal","damage_taken":7,"max_hp_gain":0,"max_hp_loss":0,"event_name":"Golden Wing","floor":10,"gold_loss":0}],"is_beta":false,"boss_relics":[],"items_purged_floors":[3],"is_endless":false,"potions_floor_spawned":[1,13],"killed_by":"Slime Boss","ascension_level":0}