{"gold_per_floor":[110,123,123,146,36,36,59,59,111,125,138,138,162,182,182,310,310,324,347,366,56,79,79,79,95,120,120,140,140],"floor_reached":29,"playtime":3021,"items_purged":["Strike_R","Injury"],"score":221,"play_id":"1a4f49b3-8b9d-41be-ad90-d7a56cd7619b","local_time":"20190301021615","is_ascension_mode":false,"campfire_choices":[{"data":"Barricade","floor":6,"key":"SMITH"},{"data":"Armaments","floor":12,"key":"SMITH"},{"data":"Fire Breathing","floor":15,"key":"SMITH"},{"data":"Intimidate","floor":24,"key":"SMITH"}],"neow_cost":"NONE","seed_source_timestamp":553494064612749,"circlet_count":0,"master_deck":["Strike_R","Strike_R","Strike_R","Strike_R","Defend_R","Defend_R","Defend_R","Defend_R","Bash","Perfected Strike","Headbutt","Perfected Strike","Barricade+1","Metallicize+1","Armaments+1","Fire Breathing+1","Intimidate+1","Demon Form","Fire Breathing+1","Battle Trance","Ghostly Armor+1","Battle Trance","Fire Breathing","Inflame"],"relics":["Burning Blood","Golden Idol","Bag of Preparation","Anchor","Black Star","Lee\u0027s Waffle","Ancient Tea Set"],"potions_floor_usage":[22,29],"damage_taken":[{"damage":8,"enemies":"Jaw Worm","floor":1,"turns":3},{"damage":4,"enemies":"2 Louse","floor":2,"turns":3},{"damage":6,"enemies":"Cultist","floor":4,"turns":3},{"damage":12,"enemies":"Exordium Thugs","floor":10,"turns":7},{"damage":6,"enemies":"Red Slaver","floor":11,"turns":4},{"damage":0,"enemies":"3 Louse","floor":13,"turns":4},{"damage":1,"enemies":"Looter","floor":14,"turns":3},{"damage":39,"enemies":"Slime Boss","floor":16,"turns":16},{"damage":17,"enemies":"Chosen","floor":18,"turns":7},{"damage":29,"enemies":"Shell Parasite","floor":19,"turns":10},{"damage":14,"enemies":"Centurion and Healer","floor":20,"turns":11},{"damage":28,"enemies":"Sentry and Sphere","floor":22,"turns":19},{"damage":0,"enemies":"Snake Plant","floor":25,"turns":8},{"damage":53,"enemies":"Cultist and Chosen","floor":28,"turns":8},{"damage":41,"enemies":"Gremlin Leader","floor":29,"turns":5}],"seed_played":"-7734168113677976495","potions_obtained":[{"floor":10,"key":"SteroidPotion"},{"floor":13,"key":"SteroidPotion"},{"floor":19,"key":"Regen Potion"},{"floor":20,"key":"Energy Potion"},{"floor":28,"key":"EssenceOfSteel"}],"is_trial":false,"path_per_floor":["M","M","?","M","$","R","T","?","T","M","M","R","M","M","R","B",null,"M","M","M","$","M","?","R","M","T","?","M","E"],"character_chosen":"IRONCLAD","items_purchased":["Metallicize","Lee\u0027s Waffle"],"campfire_rested":0,"item_purchase_floors":[5,21],"current_hp_per_floor":[78,80,80,80,80,80,80,80,80,74,74,74,80,80,80,47,80,69,46,38,87,80,80,80,86,86,86,39,0],"gold":140,"neow_bonus":"THREE_CARDS","is_prod":false,"is_daily":false,"chose_seed":false,"campfire_upgraded":4,"win_rate":0.0,"timestamp":1551431775,"path_taken":["M","M","?","M","$","R","?","?","T","?","M","R","M","M","R","BOSS","M","M","M","$","M","?","R","?","T","?","M","E"],"build_version":"2019-01-23","purchased_purges":2,"victory":false,"max_hp_per_floor":[80,80,80,80,80,80,80,80,80,80,80,80,80,80,80,80,80,80,80,80,87,87,87,87,87,87,87,87,87],"card_choices":[{"not_picked":["Flame Barrier","Clash"],"picked":"Perfected Strike","floor":0},{"not_picked":["Thunderclap","Twin Strike"],"picked":"Headbutt","floor":1},{"not_picked":["Clash","Sever Soul"],"picked":"Perfected Strike","floor":2},{"not_picked":["Second Wind","Shrug It Off"],"picked":"Barricade","floor":4},{"not_picked":["Clash","True Grit"],"picked":"Armaments","floor":10},{"not_picked":["Power Through","Clothesline"],"picked":"Fire Breathing","floor":11},{"not_picked":["True Grit","Armaments"],"picked":"Intimidate","floor":13},{"not_picked":["Armaments","Twin Strike","Clothesline"],"picked":"SKIP","floor":14},{"not_picked":["Berserk","Juggernaut"],"picked":"Demon Form","floor":16},{"not_picked":["Shrug It Off","Infernal Blade+1"],"picked":"Fire Breathing+1","floor":18},{"not_picked":["Clash","Sword Boomerang"],"picked":"Battle Trance","floor":19},{"not_picked":["Twin Strike","Perfected Strike"],"picked":"Ghostly Armor+1","floor":20},{"not_picked":["Blood for Blood","Iron Wave+1"],"picked":"Battle Trance","floor":22},{"not_picked":["Twin Strike","Sever Soul"],"picked":"Fire Breathing","floor":25},{"not_picked":["Searing Blow","Bloodletting"],"picked":"Inflame","floor":28}],"player_experience":24517,"relics_obtained":[{"floor":7,"key":"Bag of Preparation"},{"floor":9,"key":"Anchor"},{"floor":26,"key":"Ancient Tea Set"}],"event_choices":[{"damage_healed":0,"gold_gain":0,"player_choice":"Take Wound","damage_taken":0,"relics_obtained":["Golden Idol"],"max_hp_gain":0,"max_hp_loss":0,"event_name":"Golden Idol","floor":3,"gold_loss":0,"cards_obtained":["Injury"]},{"damage_healed":0,"gold_gain":0,"player_choice":"Forge","damage_taken":0,"max_hp_gain":0,"max_hp_loss":0,"event_name":"Accursed Blacksmith","floor":8,"gold_loss":0,"cards_upgraded":["Metallicize"]},{"damage_healed":0,"gold_gain":0,"player_choice":"Leave","damage_taken":0,"max_hp_gain":0,"max_hp_loss":0,"event_name":"FaceTrader","floor":23,"gold_loss":0},{"damage_healed":0,"gold_gain":0,"player_choice":"Ignored","damage_taken":0,"max_hp_gain":0,"max_hp_loss":0,"event_name":"Ghosts","floor":27,"gold_loss":0}],"is_beta":false,"boss_relics":[{"not_picked":["Astrolabe","Busted Crown"],"picked":"Black Star"}],"items_purged_floors":[5,21],"is_endless":false,"potions_floor_spawned":[10,13,19,20,28],"killed_by":"Gremlin Leader","ascension_level":0}