{"gold_per_floor":[119,44,119,119,131,159,174,174],"floor_reached":8,"playtime":754,"items_purged":["Strike_G"],"score":64,"play_id":"1095fc57-0f5d-430d-a691-d243d2311154","local_time":"20190217135319","is_ascension_mode":true,"campfire_choices":[],"neow_cost":"NONE","seed_source_timestamp":158420192825338,"circlet_count":0,"master_deck":["Defend_G","Defend_G","Defend_G","Defend_G","Defend_G","Strike_G","Strike_G","Strike_G","Strike_G","Survivor","Neutralize","Well Laid Plans","Escape Plan","Escape Plan"],"relics":["Ring of the Snake","FossilizedHelix","Blue Candle"],"potions_floor_usage":[0,6,8,8,8,8,8,8],"damage_taken":[{"damage":8,"enemies":"Jaw Worm","floor":1,"turns":8},{"damage":0,"enemies":"Cultist","floor":5,"turns":5},{"damage":30,"enemies":"3 Sentries","floor":6,"turns":17},{"damage":0,"enemies":"2 Louse","floor":7,"turns":3},{"damage":60,"enemies":"Gremlin Nob","floor":8,"turns":6}],"seed_played":"-1324090341850943744","potions_obtained":[{"floor":0,"key":"EntropicBrew"},{"floor":0,"key":"Fruit Juice"},{"floor":0,"key":"Regen Potion"},{"floor":5,"key":"SpeedPotion"},{"floor":6,"key":"SneckoOil"},{"floor":7,"key":"EntropicBrew"}],"is_trial":false,"path_per_floor":["?","?"],"character_chosen":"THE_SILENT","items_purchased":[],"campfire_rested":0,"item_purchase_floors":[],"current_hp_per_floor":[67,67,56,49,49,34,34,0],"gold":174,"neow_bonus":"THREE_SMALL_POTIONS","is_prod":false,"is_daily":false,"chose_seed":false,"campfire_upgraded":0,"win_rate":0,"timestamp":1550407999,"path_taken":["M","$","?","?","M","E","M","E"],"build_version":"2019-01-23","purchased_purges":1,"victory":false,"max_hp_per_floor":[75,75,75,75,75,75,75,75],"card_choices":[{"not_picked":["Quick Slash","Concentrate"],"picked":"Well Laid Plans","floor":1},{"not_picked":["Bane","Skewer"],"picked":"Escape Plan","floor":5},{"not_picked":["Malaise","Bane"],"picked":"Escape Plan","floor":6},{"not_picked":["Riddle With Holes","Poisoned Stab","Bane"],"picked":"SKIP","floor":7}],"player_experience":209606,"relics_obtained":[{"floor":6,"key":"Blue Candle"}],"event_choices":[{"damage_healed":0,"gold_gain":75,"player_choice":"Gather Gold","damage_taken":11,"max_hp_gain":0,"max_hp_loss":0,"event_name":"World of Goop","floor":3,"gold_loss":0},{"damage_healed":0,"gold_gain":0,"player_choice":"Success","damage_taken":7,"relics_obtained":["FossilizedHelix"],"max_hp_gain":0,"max_hp_loss":0,"event_name":"Scrap Ooze","floor":4,"gold_loss":0}],"is_beta":false,"boss_relics":[],"items_purged_floors":[2],"is_endless":false,"potions_floor_spawned":[5,6,7],"killed_by":"Gremlin Nob","ascension_level":3}