{"gold_per_floor":[109,259,259,274,285,318,283,315,339,352,352,352,377,216,216,289,289,289,289,30,30,30,30,30,30],"floor_reached":25,"playtime":831,"items_purged":[],"score":474,"play_id":"a25be716-b1ca-4b17-828f-843b78ae5932","local_time":"20190116011812","is_ascension_mode":true,"campfire_choices":[{"data":"Hyperbeam","floor":11,"key":"SMITH"},{"floor":15,"key":"REST"},{"floor":24,"key":"REST"}],"neow_cost":"CURSE","seed_source_timestamp":45505575913251,"circlet_count":0,"master_deck":["AscendersBane","Strike_B","Strike_B+1","Strike_B","Strike_B","Defend_B","Defend_B","Defend_B","Defend_B","Zap","Dualcast","Core Surge+1","White Noise+1","Self Repair","FTL","Hyperbeam+1","Conserve Battery","Doom and Gloom","Biased Cognition","Core Surge+1","Coolheaded","White Noise","Redo+1"],"special_seed":0,"relics":["Cracked Core","Oddly Smooth Stone","Vajra","Whetstone","Bag of Preparation","Happy Flower","Ectoplasm","Chemical X","Dream Catcher"],"potions_floor_usage":[16,23],"damage_taken":[{"damage":3.0,"enemies":"2 Louse","floor":1.0,"turns":2.0},{"damage":6.0,"enemies":"Cultist","floor":4.0,"turns":3.0},{"damage":2.0,"enemies":"Jaw Worm","floor":5.0,"turns":2.0},{"damage":36.0,"enemies":"Gremlin Nob","floor":6.0,"turns":5.0},{"damage":22.0,"enemies":"3 Sentries","floor":8.0,"turns":4.0},{"damage":0,"enemies":"Large Slime","floor":10,"turns":3},{"damage":32,"enemies":"Lagavulin","floor":13,"turns":7},{"damage":14,"enemies":"Slime Boss","floor":16,"turns":6},{"damage":5,"enemies":"Spheric Guardian","floor":18,"turns":3},{"damage":13,"enemies":"Shell Parasite","floor":21,"turns":4},{"damage":44,"enemies":"Book of Stabbing","floor":23,"turns":5},{"damage":42,"enemies":"Slavers","floor":25,"turns":3}],"seed_played":"4261793709820082504","potions_obtained":[{"floor":5.0,"key":"Block Potion"},{"floor":6.0,"key":"Explosive Potion"},{"floor":8.0,"key":"EssenceOfSteel"},{"floor":10,"key":"Swift Potion"},{"floor":13,"key":"Block Potion"}],"is_trial":false,"path_per_floor":["M","?","?","M","M","E","?","E","T","M","R","?","E","$","R","B",null,"M","?","$","M","$","E","R","E"],"character_chosen":"DEFECT","items_purchased":["Happy Flower","Chemical X","Coolheaded"],"campfire_rested":2,"item_purchase_floors":[14,20,20],"current_hp_per_floor":[61,61,61,55,53,31,48,33,33,40,40,40,15,15,36,29,61,63,63,63,57,57,20,41,0],"gold":30,"neow_bonus":"THREE_RARE_CARDS","is_prod":false,"is_daily":false,"chose_seed":false,"campfire_upgraded":1,"win_rate":0,"timestamp":1547597892,"path_taken":["M","?","?","?","M","E","?","E","T","M","R","?","E","$","R","BOSS","M","?","$","M","?","E","R","E"],"build_version":"2019-01-14v2","purchased_purges":0,"victory":false,"max_hp_per_floor":[71,71,71,71,71,71,71,71,71,71,71,71,71,71,71,71,71,71,71,71,71,71,71,71,71],"card_choices":[{"not_picked":["Rainbow","Seek"],"picked":"Core Surge","floor":0.0},{"not_picked":["Beam Cell","Coolheaded"],"picked":"White Noise","floor":1.0},{"not_picked":["Steam Power","Hello World"],"picked":"Self Repair","floor":4.0},{"not_picked":["Steam Power","Lockon"],"picked":"FTL","floor":5.0},{"not_picked":["Leap","Coolheaded"],"picked":"Hyperbeam","floor":6.0},{"not_picked":["Streamline","Go for the Eyes"],"picked":"Conserve Battery","floor":8.0},{"not_picked":["Recycle","Heatsinks","Gash"],"picked":"SKIP","floor":10},{"not_picked":["Blizzard","Stack","Doom and Gloom"],"picked":"SKIP","floor":13},{"not_picked":["Blizzard","Stack"],"picked":"Doom and Gloom","floor":13},{"not_picked":["Hyperbeam","Creative AI"],"picked":"Biased Cognition","floor":16},{"not_picked":["Go for the Eyes","Turbo","Hologram"],"picked":"SKIP","floor":18},{"not_picked":["Rebound","Double Energy+1"],"picked":"White Noise","floor":21},{"not_picked":["Conserve Battery+1","Ball Lightning"],"picked":"Redo+1","floor":23}],"player_experience":928573,"relics_obtained":[{"floor":6.0,"key":"Oddly Smooth Stone"},{"floor":8.0,"key":"Vajra"},{"floor":9.0,"key":"Whetstone"},{"floor":13,"key":"Bag of Preparation"},{"floor":23,"key":"Dream Catcher"}],"event_choices":[{"damage_healed":0.0,"max_hp_gain":0.0,"max_hp_loss":0.0,"gold_gain":150.0,"event_name":"Liars Game","player_choice":"AGREE","floor":2.0,"gold_loss":0.0,"damage_taken":0.0,"cards_obtained":["Doubt"]},{"cards_removed":["Doubt","Injury"],"damage_healed":0.0,"max_hp_gain":0.0,"max_hp_loss":0.0,"gold_gain":0.0,"event_name":"Fountain of Cleansing","player_choice":"Removed Curses","floor":3.0,"gold_loss":0.0,"damage_taken":0.0},{"damage_healed":17.0,"max_hp_gain":0.0,"max_hp_loss":0.0,"gold_gain":0.0,"event_name":"The Cleric","player_choice":"Healed","floor":7.0,"gold_loss":35.0,"damage_taken":0.0},{"damage_healed":0,"gold_gain":0,"player_choice":"Grow","damage_taken":0,"max_hp_gain":0,"max_hp_loss":0,"event_name":"Living Wall","floor":12,"gold_loss":0,"cards_upgraded":["White Noise"]},{"damage_healed":0,"gold_gain":0,"player_choice":"Copied","damage_taken":0,"max_hp_gain":0,"max_hp_loss":0,"event_name":"Duplicator","floor":19,"gold_loss":0,"cards_obtained":["Core Surge"]}],"is_beta":true,"boss_relics":[{"not_picked":["Orrery","Philosopher\u0027s Stone"],"picked":"Ectoplasm"}],"items_purged_floors":[],"is_endless":false,"potions_floor_spawned":[5,6,8,10,13],"killed_by":"Slavers","ascension_level":20}