{"gold_per_floor":[116,116,66,66,66,66,94,106,106,106,117,131,131,144,144,144],"floor_reached":16,"playtime":828,"items_purged":[],"score":105,"play_id":"a0a51c4f-9ad6-4488-8ae6-df251a55c709","local_time":"20181114220557","is_ascension_mode":true,"campfire_choices":[{"data":"Neutralize","floor":6,"key":"SMITH"},{"floor":13,"key":"REST"},{"floor":15,"key":"REST"}],"neow_cost":"NONE","seed_source_timestamp":18227945294404,"circlet_count":0,"master_deck":["Defend_G","Defend_G","Defend_G","Defend_G","Strike_G","Strike_G","Strike_G","Strike_G","Survivor+1","Neutralize+1","Well Laid Plans+1","Cloak And Dagger","Backstab"],"relics":["Sozu","Frozen Egg 2","Dodecahedron","Paper Crane"],"potions_floor_usage":[],"damage_taken":[{"damage":2,"enemies":"2 Louse","floor":1,"turns":3},{"damage":38,"enemies":"Lagavulin","floor":7,"turns":14},{"damage":0,"enemies":"Small Slimes","floor":8,"turns":4},{"damage":0,"enemies":"Jaw Worm","floor":11,"turns":5},{"damage":0,"enemies":"Blue Slaver","floor":12,"turns":4},{"damage":9,"enemies":"Exordium Thugs","floor":14,"turns":8},{"damage":65,"enemies":"Hexaghost","floor":16,"turns":16}],"seed_played":"-8264947538803453163","potions_obtained":[],"is_trial":false,"path_per_floor":["M","?","?","$","T","R","E","M","T","?","M","M","R","M","R","B"],"character_chosen":"THE_SILENT","items_purchased":[],"campfire_rested":2,"item_purchase_floors":[],"current_hp_per_floor":[68,68,68,68,68,68,30,30,30,30,30,30,51,42,63,0],"gold":144,"neow_bonus":"BOSS_RELIC","is_prod":false,"is_daily":false,"chose_seed":false,"campfire_upgraded":1,"win_rate":0,"timestamp":1542254757,"path_taken":["M","?","?","?","?","R","E","?","T","?","?","M","R","M","R","BOSS"],"build_version":"2018-11-08","purchased_purges":0,"victory":false,"max_hp_per_floor":[70,70,70,70,70,70,70,70,70,70,70,70,70,70,70,70],"card_choices":[{"not_picked":["Riddle With Holes","Dagger Throw","Accuracy"],"picked":"SKIP","floor":1},{"not_picked":["Quick Slash","Die Die Die"],"picked":"Well Laid Plans+1","floor":7},{"not_picked":["Dagger Throw","Caltrops+1","Dodge and Roll"],"picked":"SKIP","floor":8},{"not_picked":["Acrobatics","Dodge and Roll","Bane"],"picked":"SKIP","floor":11},{"not_picked":["Quick Slash","Dagger Spray"],"picked":"Cloak And Dagger","floor":12},{"not_picked":["PiercingWail","Grand Finale"],"picked":"Backstab","floor":14}],"player_experience":225540,"relics_obtained":[{"floor":5,"key":"Frozen Egg 2"},{"floor":7,"key":"Dodecahedron"},{"floor":9,"key":"Paper Crane"}],"event_choices":[{"cards_removed":["Defend_G"],"damage_healed":0,"gold_gain":0,"player_choice":"Forget","damage_taken":0,"max_hp_gain":0,"max_hp_loss":0,"event_name":"Living Wall","floor":2,"gold_loss":0},{"cards_removed":["Strike_G"],"damage_healed":0,"gold_gain":0,"player_choice":"Card Removal","damage_taken":0,"max_hp_gain":0,"max_hp_loss":0,"event_name":"The Cleric","floor":3,"gold_loss":50},{"damage_healed":0,"gold_gain":0,"player_choice":"Upgraded","damage_taken":0,"max_hp_gain":0,"max_hp_loss":0,"event_name":"Upgrade Shrine","floor":10,"gold_loss":0,"cards_upgraded":["Survivor"]}],"is_beta":false,"boss_relics":[],"items_purged_floors":[],"is_endless":false,"potions_floor_spawned":[1,7,11],"killed_by":"Hexaghost","ascension_level":1}