{"gold_per_floor":[112,112,112,112,112,112,143,108,108,126,126,142,170,170,170,246,246,260,280,330,330,430,462,477,505,578,590,590],"floor_reached":28,"playtime":1012,"items_purged":[],"score":603,"play_id":"9bfc8366-f01e-449f-944a-fbe980853a49","local_time":"20190115174621","is_ascension_mode":true,"campfire_choices":[{"data":"Biased Cognition","floor":6.0,"key":"SMITH"},{"data":"Go for the Eyes","floor":11.0,"key":"SMITH"},{"data":"Zap","floor":15.0,"key":"SMITH"}],"neow_cost":"PERCENT_DAMAGE","seed_source_timestamp":18040048484245,"circlet_count":0,"master_deck":["AscendersBane","Strike_B","Strike_B","Strike_B+1","Defend_B","Defend_B","Defend_B+1","Zap+1","Dualcast","Biased Cognition+1","Compile Driver","Go for the Eyes+1","Glacier","Leap","Chill","Electrodynamics","Melter","Coolheaded","Auto Shields","Self Repair","Loop","Core Surge","Cold Snap","Chill"],"special_seed":0,"relics":["Cracked Core","Pear","Letter Opener","Bottled Lightning","Pantograph","FaceOfCleric","Busted Crown","Dead Branch","Mummified Hand","Regal Pillow","Symbiotic Virus","Dodecahedron"],"potions_floor_usage":[28],"damage_taken":[{"damage":2.0,"enemies":"Jaw Worm","floor":1.0,"turns":3.0},{"damage":37.0,"enemies":"3 Sentries","floor":7.0,"turns":6.0},{"damage":0.0,"enemies":"Small Slimes","floor":10.0,"turns":2.0},{"damage":0.0,"enemies":"2 Louse","floor":12.0,"turns":2.0},{"damage":0.0,"enemies":"Lagavulin","floor":13.0,"turns":7.0},{"damage":27.0,"enemies":"The Guardian","floor":16.0,"turns":16.0},{"damage":4.0,"enemies":"2 Thieves","floor":18.0,"turns":3.0},{"damage":12.0,"enemies":"Shell Parasite","floor":19.0,"turns":3.0},{"damage":22.0,"enemies":"Colosseum Slavers","floor":22.0,"turns":3.0},{"damage":22.0,"enemies":"Colosseum Nobs","floor":22.0,"turns":3.0},{"damage":19.0,"enemies":"Book of Stabbing","floor":23.0,"turns":7.0},{"damage":0.0,"enemies":"Snecko","floor":24.0,"turns":4.0},{"damage":17.0,"enemies":"Slavers","floor":25.0,"turns":2.0},{"damage":6.0,"enemies":"Snake Plant","floor":27.0,"turns":2.0},{"damage":10,"enemies":"Book of Stabbing","floor":28,"turns":2}],"seed_played":"2099491226429985975","potions_obtained":[{"floor":12.0,"key":"FocusPotion"},{"floor":16.0,"key":"Block Potion"},{"floor":23.0,"key":"Explosive Potion"},{"floor":25.0,"key":"Energy Potion"},{"floor":27.0,"key":"Fire Potion"}],"is_trial":false,"path_per_floor":["M","?","?","?","T","R","E","?","T","M","R","M","E","?","R","B",null,"M","M","?","?","?","E","M","E","T","M","E"],"character_chosen":"DEFECT","items_purchased":[],"campfire_rested":0,"item_purchase_floors":[],"current_hp_per_floor":[44,23,46,45,45,45,8,28,28,28,28,28,28,28,28,27,68,65,54,54,54,26,15,23,7,7,9,0],"gold":590,"neow_bonus":"THREE_RARE_CARDS","is_prod":false,"is_daily":false,"chose_seed":false,"campfire_upgraded":3,"win_rate":0,"timestamp":1547570781,"path_taken":["M","?","?","?","?","R","E","?","T","?","R","?","E","?","R","BOSS","M","?","?","?","?","E","M","E","T","M","E"],"build_version":"2019-01-14v2","purchased_purges":0,"victory":false,"max_hp_per_floor":[71,71,71,81,81,81,81,81,81,81,81,81,81,81,81,82,82,83,84,84,84,86,87,88,89,89,90,90],"card_choices":[{"not_picked":["Echo Form","Rainbow"],"picked":"Biased Cognition","floor":0.0},{"not_picked":["Go for the Eyes","Hologram"],"picked":"Compile Driver","floor":1.0},{"not_picked":["Heatsinks","Reprogram"],"picked":"Go for the Eyes","floor":7.0},{"not_picked":["Cold Snap","Sweeping Beam"],"picked":"Glacier","floor":10.0},{"not_picked":["Barrage","Doom and Gloom"],"picked":"Leap","floor":12.0},{"not_picked":["Fusion","Streamline"],"picked":"Chill","floor":13.0},{"not_picked":["Multi-Cast","Thunder Strike"],"picked":"Electrodynamics","floor":16.0},{"not_picked":[],"picked":"Melter","floor":18.0},{"not_picked":[],"picked":"Coolheaded","floor":19.0},{"not_picked":[],"picked":"Loop","floor":22.0},{"not_picked":[],"picked":"Core Surge","floor":23.0},{"not_picked":["Undo"],"picked":"SKIP","floor":24.0},{"not_picked":[],"picked":"Cold Snap","floor":25.0},{"not_picked":[],"picked":"Chill","floor":27.0}],"player_experience":926036,"relics_obtained":[{"floor":7.0,"key":"Letter Opener"},{"floor":9.0,"key":"Bottled Lightning"},{"floor":13.0,"key":"Pantograph"},{"floor":22.0,"key":"Dead Branch"},{"floor":22.0,"key":"Mummified Hand"},{"floor":23.0,"key":"Regal Pillow"},{"floor":25.0,"key":"Symbiotic Virus"},{"floor":26.0,"key":"Dodecahedron"}],"event_choices":[{"damage_healed":0.0,"max_hp_gain":0.0,"max_hp_loss":0.0,"gold_gain":0.0,"event_name":"Shining Light","player_choice":"Entered Light","floor":2.0,"gold_loss":0.0,"damage_taken":21.0,"cards_upgraded":["Defend_B","Strike_B"]},{"damage_healed":23.0,"max_hp_gain":0.0,"max_hp_loss":0.0,"gold_gain":0.0,"event_name":"Big Fish","player_choice":"Banana","floor":3.0,"gold_loss":0.0,"damage_taken":0.0},{"damage_healed":0.0,"max_hp_gain":0.0,"max_hp_loss":0.0,"gold_gain":0.0,"event_name":"Scrap Ooze","player_choice":"Success","floor":4.0,"gold_loss":0.0,"damage_taken":11.0,"relics_obtained":["Pear"]},{"damage_healed":20.0,"max_hp_gain":0.0,"max_hp_loss":0.0,"gold_gain":0.0,"event_name":"The Cleric","player_choice":"Healed","floor":8.0,"gold_loss":35.0,"damage_taken":0.0},{"damage_healed":0.0,"max_hp_gain":0.0,"max_hp_loss":0.0,"gold_gain":0.0,"event_name":"FaceTrader","player_choice":"Trade","floor":14.0,"gold_loss":0.0,"damage_taken":0.0,"relics_obtained":["FaceOfCleric"]},{"damage_healed":0.0,"max_hp_gain":0.0,"max_hp_loss":0.0,"gold_gain":50.0,"event_name":"Nest","player_choice":"Stole From Cult","floor":20.0,"gold_loss":0.0,"damage_taken":0.0},{"damage_healed":0.0,"max_hp_gain":0.0,"max_hp_loss":0.0,"gold_gain":0.0,"cards_transformed":["Strike_B","Defend_B"],"event_name":"Drug Dealer","player_choice":"Became Test Subject","floor":21.0,"gold_loss":0.0,"damage_taken":0.0,"cards_obtained":["Auto Shields","Self Repair"]},{"damage_healed":0.0,"max_hp_gain":0.0,"max_hp_loss":0.0,"gold_gain":0.0,"event_name":"Colosseum","player_choice":"Fight","floor":22.0,"gold_loss":0.0,"damage_taken":0.0},{"damage_healed":0.0,"max_hp_gain":0.0,"max_hp_loss":0.0,"gold_gain":0.0,"event_name":"Colosseum","player_choice":"Fought Nobs","floor":22.0,"gold_loss":0.0,"damage_taken":0.0}],"is_beta":true,"boss_relics":[{"not_picked":["Pandora\u0027s Box","Calling Bell"],"picked":"Busted Crown"}],"items_purged_floors":[],"is_endless":false,"potions_floor_spawned":[12,16,22,23,25,27],"killed_by":"Book of Stabbing","ascension_level":20}