{"gold_per_floor":[114,114,130,130,140,140,175,193,243,243,43,43,72,91,91,195,195,209,225,243,261,273,273,8,8,8,8,28,48,48,67,67,171,171,183,183,193,12,12,12,67,67,94,110,110,128,3,21,21,21],"floor_reached":51,"playtime":9282,"items_purged":["Strike_G","Strike_G"],"score":636,"play_id":"946418c3-abcc-417c-a748-3eda8da20685","local_time":"20180821151313","is_ascension_mode":false,"campfire_choices":[{"data":"Slice","floor":6,"key":"SMITH"},{"data":"Blade Dance","floor":10,"key":"SMITH"},{"data":"Noxious Fumes","floor":12,"key":"SMITH"},{"floor":15,"key":"REST"},{"floor":23,"key":"REST"},{"floor":25,"key":"REST"},{"data":"After Image","floor":27,"key":"SMITH"},{"floor":30,"key":"REST"},{"floor":32,"key":"REST"},{"data":"Burst","floor":40,"key":"SMITH"},{"floor":42,"key":"REST"},{"data":"Finisher","floor":45,"key":"SMITH"},{"floor":49,"key":"REST"}],"neow_cost":"NONE","seed_source_timestamp":499758261987969,"circlet_count":0,"master_deck":["Defend_G+1","Defend_G","Defend_G+1","Defend_G","Defend_G","Strike_G","Strike_G","Survivor","Neutralize","Blur+1","Quick Slash","Slice+1","Blur","Blade Dance+1","Noxious Fumes+1","Burst+1","Dodge and Roll","Dagger Throw","Finisher+1","After Image+1","Well Laid Plans","Noxious Fumes","Footwork","Catalyst","Infinite Blades","Infinite Blades","Panache","Bane","Acrobatics","Predator","Poisoned Stab","A Thousand Cuts+1","Leg Sweep","Flash of Steel","Deflect","Backflip+1","Blade Dance","Blade Dance"],"relics":["Ring of the Snake","Shuriken","Snake Skull","War Paint","Potion Belt","Philosopher\u0027s Stone","Frozen Egg 2","Busted Crown","Dead Branch","Regal Pillow"],"potions_floor_usage":[14,16,19,20,22,22,22,29,33,41,50,50],"damage_taken":[{"damage":0,"enemies":"Jaw Worm","floor":1,"turns":4},{"damage":0,"enemies":"Cultist","floor":3,"turns":4},{"damage":0,"enemies":"Small Slimes","floor":5,"turns":4},{"damage":10,"enemies":"3 Sentries","floor":7,"turns":9},{"damage":0,"enemies":"3 Louse","floor":8,"turns":4},{"damage":13,"enemies":"Gremlin Nob","floor":13,"turns":4},{"damage":1,"enemies":"Lots of Slimes","floor":14,"turns":3},{"damage":5,"enemies":"Slime Boss","floor":16,"turns":10},{"damage":11,"enemies":"2 Thieves","floor":18,"turns":3},{"damage":12,"enemies":"Shell Parasite","floor":19,"turns":5},{"damage":7,"enemies":"Centurion and Healer","floor":20,"turns":7},{"damage":10,"enemies":"Chosen and Byrds","floor":21,"turns":6},{"damage":18,"enemies":"3 Cultists","floor":22,"turns":8},{"damage":31,"enemies":"Cultist and Chosen","floor":28,"turns":6},{"damage":26,"enemies":"Shelled Parasite and Fungi","floor":29,"turns":5},{"damage":14,"enemies":"3 Cultists","floor":31,"turns":6},{"damage":37,"enemies":"Automaton","floor":33,"turns":7},{"damage":13,"enemies":"3 Shapes","floor":35,"turns":3},{"damage":8,"enemies":"Flame Bruiser 1 Orb","floor":37,"turns":4},{"damage":18,"floor":41,"turns":6},{"damage":0,"enemies":"Spire Growth","floor":44,"turns":5},{"damage":30,"enemies":"Sphere and 2 Shapes","floor":46,"turns":4},{"damage":7,"enemies":"Flame Bruiser 2 Orb","floor":48,"turns":5},{"damage":38,"enemies":"Donu and Deca","floor":50,"turns":7}],"seed_played":"6388336447820732385","potions_obtained":[{"floor":1,"key":"Swift Potion"},{"floor":3,"key":"Dexterity Potion"},{"floor":13,"key":"Weak Potion"},{"floor":14,"key":"SkillPotion"},{"floor":19,"key":"Swift Potion"},{"floor":20,"key":"Block Potion"},{"floor":21,"key":"Dexterity Potion"},{"floor":28,"key":"SkillPotion"},{"floor":31,"key":"LiquidBronze"},{"floor":35,"key":"SteroidPotion"},{"floor":37,"key":"EssenceOfSteel"},{"floor":44,"key":"Poison Potion"}],"is_trial":false,"path_per_floor":["M","?","M","?","M","R","E","M","T","R","$","R","E","M","R","B",null,"M","M","M","M","M","R","$","R","T","R","M","M","R","M","R","B",null,"M","?","M","$","?","R","?","R","T","M","R","M","$","M","R","B"],"character_chosen":"THE_SILENT","items_purchased":["Noxious Fumes","Burst","Dodge and Roll","Infinite Blades","Panache","Bane","Flash of Steel","Blade Dance"],"campfire_rested":7,"item_purchase_floors":[11,11,11,24,24,24,38,47],"current_hp_per_floor":[77,74,74,74,74,74,64,64,64,64,64,64,51,50,73,68,77,66,54,47,37,19,42,42,65,65,65,34,8,31,17,40,3,77,64,64,56,56,56,56,38,61,61,61,61,31,31,24,62,24],"gold":21,"neow_bonus":"TEN_PERCENT_HP_BONUS","is_prod":false,"is_daily":false,"chose_seed":false,"campfire_upgraded":6,"win_rate":0.0,"timestamp":1534889593,"path_taken":["M","?","M","?","M","R","E","M","T","R","$","R","E","M","R","BOSS","M","M","?","M","M","R","$","R","T","R","M","M","R","M","R","BOSS","M","?","?","$","?","R","?","R","T","M","R","M","?","M","R","BOSS"],"build_version":"2018-08-16","purchased_purges":2,"victory":true,"max_hp_per_floor":[77,77,77,77,77,77,77,77,77,77,77,77,77,77,77,77,77,77,77,77,77,77,77,77,77,77,77,77,77,77,77,77,77,77,77,77,77,77,77,77,77,77,77,77,77,77,77,77,77,77],"card_choices":[{"not_picked":["Heel Hook","Caltrops"],"picked":"Blur","floor":1},{"not_picked":["Slice","Deadly Poison"],"picked":"Quick Slash","floor":3},{"not_picked":["Acrobatics","Riddle With Holes"],"picked":"Slice","floor":5},{"not_picked":["Deflect","Calculated Gamble"],"picked":"Blur","floor":7},{"not_picked":["Flechettes","Dagger Throw"],"picked":"Blade Dance","floor":8},{"not_picked":["Deflect","Terror"],"picked":"Dagger Throw","floor":13},{"not_picked":["Prepared","Footwork"],"picked":"Finisher","floor":14},{"not_picked":["Unload","Bullet Time"],"picked":"After Image","floor":16},{"not_picked":["Prepared","Dodge and Roll"],"picked":"Well Laid Plans","floor":18},{"not_picked":["Slice","Backflip+1"],"picked":"Noxious Fumes","floor":19},{"not_picked":["Noxious Fumes+1","Deflect"],"picked":"Footwork","floor":20},{"not_picked":["Flying Knee+1","Bane"],"picked":"Catalyst","floor":21},{"not_picked":["Distraction","Die Die Die"],"picked":"Infinite Blades","floor":22},{"not_picked":["Bouncing Flask+1","Deflect"],"picked":"Acrobatics","floor":28},{"not_picked":["Deflect","Flechettes+1"],"picked":"Predator","floor":29},{"not_picked":["Calculated Gamble","Deflect+1"],"picked":"Poisoned Stab","floor":31},{"not_picked":["Wraith Form v2+1","Burst"],"picked":"A Thousand Cuts+1","floor":33},{"not_picked":["Calculated Gamble"],"picked":"SKIP","floor":35},{"not_picked":[],"picked":"Leg Sweep","floor":37},{"not_picked":[],"picked":"Backflip+1","floor":44},{"not_picked":["Leg Sweep"],"picked":"SKIP","floor":46},{"not_picked":[],"picked":"Blade Dance","floor":48}],"player_experience":88440,"relics_obtained":[{"floor":7,"key":"Snake Skull"},{"floor":9,"key":"War Paint"},{"floor":13,"key":"Potion Belt"},{"floor":26,"key":"Frozen Egg 2"},{"floor":41,"key":"Dead Branch"},{"floor":43,"key":"Regal Pillow"}],"event_choices":[{"event_name":"Scrap Ooze","player_choice":"success","floor":2,"damage_taken":3},{"event_name":"Living Wall","player_choice":"Grow","floor":4,"damage_taken":0},{"event_name":"Tomb of Lord Red Mask","player_choice":"Ignored","floor":36,"damage_taken":0},{"event_name":"Transmorgrifier","player_choice":"Transform","floor":39,"damage_taken":0},{"event_name":"Mysterious Sphere","player_choice":"Fight","floor":41,"damage_taken":0}],"is_beta":false,"boss_relics":[{"not_picked":["Ring of the Serpent","Tiny House"],"picked":"Philosopher\u0027s Stone"},{"not_picked":["Velvet Choker","Eternal Feather"],"picked":"Busted Crown"}],"items_purged_floors":[38,47],"is_endless":false,"potions_floor_spawned":[1,3,13,14,19,20,21,28,31,35,37,44],"ascension_level":0}