{"gold_per_floor":[117,117,217,231,28,62,82,97,97,97,114,128,155,155,155,256,256,256,256,256,256,256,256,3,3,3,3,3,3,3,3,3,3,3,3,3,3,3,3,3,3,3,3,3,3,3,3,3,3,3],"floor_reached":51,"playtime":4133,"items_purged":[],"score":817,"play_id":"1c15ed63-9983-4779-b160-78eb5cb784f8","local_time":"20190203121153","is_ascension_mode":true,"campfire_choices":[{"data":"Go for the Eyes","floor":10.0,"key":"SMITH"},{"data":"Hologram","floor":15.0,"key":"SMITH"},{"data":"Echo Form","floor":23.0,"key":"SMITH"},{"data":"Biased Cognition","floor":25.0,"key":"SMITH"},{"data":"Defragment","floor":32.0,"key":"SMITH"},{"data":"Fission","floor":40.0,"key":"SMITH"},{"data":"Buffer","floor":45.0,"key":"SMITH"},{"data":"Darkness","floor":47.0,"key":"SMITH"},{"floor":49.0,"key":"REST"}],"neow_cost":"NONE","seed_source_timestamp":340128164562567,"circlet_count":0,"master_deck":["Strike_B","Strike_B","Strike_B","Strike_B","Defend_B","Defend_B","Defend_B","Defend_B","Zap+1","Dualcast","Reinforced Body","Darkness+1","Echo Form+1","Genetic Algorithm","Go for the Eyes+1","Ball Lightning","Compile Driver","Hologram+1","Leap","Biased Cognition+1","Coolheaded+1","Defragment+1","Ball Lightning","Buffer+1","Glacier+1","Glacier","Fission+1","Capacitor","Hologram+1","Leap+1","Coolheaded"],"special_seed":0,"relics":["Cracked Core","Oddly Smooth Stone","Question Card","Sundial","Ectoplasm","Cables","Bottled Flame","Enchiridion","Gremlin Horn","Inserter"],"potions_floor_usage":[],"damage_taken":[{"damage":2.0,"enemies":"Jaw Worm","floor":1.0,"turns":3.0},{"damage":4.0,"enemies":"2 Louse","floor":4.0,"turns":2.0},{"damage":13.0,"enemies":"Lagavulin","floor":6.0,"turns":7.0},{"damage":0.0,"enemies":"Cultist","floor":7.0,"turns":4.0},{"damage":0.0,"enemies":"2 Fungi Beasts","floor":8.0,"turns":5.0},{"damage":0.0,"enemies":"Large Slime","floor":11.0,"turns":3.0},{"damage":2.0,"enemies":"Blue Slaver","floor":12.0,"turns":3.0},{"damage":26.0,"enemies":"3 Sentries","floor":13.0,"turns":8.0},{"damage":26.0,"enemies":"Hexaghost","floor":16.0,"turns":10.0},{"damage":5.0,"enemies":"Spheric Guardian","floor":18.0,"turns":4.0},{"damage":0.0,"enemies":"3 Byrds","floor":21.0,"turns":2.0},{"damage":2.0,"enemies":"Snecko","floor":22.0,"turns":5.0},{"damage":11.0,"enemies":"Snake Plant","floor":28.0,"turns":3.0},{"damage":0.0,"enemies":"Sentry and Sphere","floor":29.0,"turns":3.0},{"damage":4.0,"enemies":"Book of Stabbing","floor":30.0,"turns":5.0},{"damage":0.0,"enemies":"Snecko","floor":31.0,"turns":6.0},{"damage":8.0,"enemies":"Collector","floor":33.0,"turns":13.0},{"damage":0.0,"enemies":"3 Shapes","floor":35.0,"turns":6.0},{"damage":7.0,"enemies":"3 Darklings","floor":37.0,"turns":8.0},{"damage":17.0,"enemies":"Spire Growth","floor":39.0,"turns":6.0},{"damage":51.0,"enemies":"Transient","floor":42.0,"turns":5.0},{"damage":0.0,"enemies":"Maw","floor":44.0,"turns":8.0},{"damage":0.0,"enemies":"Spire Growth","floor":46.0,"turns":5.0},{"damage":0,"enemies":"Donu and Deca","floor":50,"turns":13}],"seed_played":"-3133273552887433951","potions_obtained":[{"floor":6.0,"key":"SteroidPotion"},{"floor":7.0,"key":"SteroidPotion"},{"floor":11.0,"key":"SmokeBomb"},{"floor":12.0,"key":"SpeedPotion"},{"floor":13.0,"key":"GamblersBrew"},{"floor":20.0,"key":"Ancient Potion"},{"floor":22.0,"key":"Poison Potion"},{"floor":29.0,"key":"Regen Potion"},{"floor":31.0,"key":"PowerPotion"},{"floor":39.0,"key":"Regen Potion"},{"floor":42.0,"key":"EssenceOfSteel"},{"floor":46.0,"key":"Weak Potion"}],"is_trial":false,"path_per_floor":["M","?","?","M","$","E","M","M","T","R","M","M","E","?","R","B",null,"M","?","?","M","M","R","$","R","T","?","M","M","E","M","R","B",null,"M","?","M","?","M","R","?","M","T","M","R","M","R","$","R","B",null],"character_chosen":"DEFECT","items_purchased":["Echo Form","Weak Potion","Cables"],"campfire_rested":1,"item_purchase_floors":[5,5,24],"current_hp_per_floor":[80,85,85,81,81,68,68,68,68,68,68,66,40,40,40,14,87,82,82,82,82,80,80,80,80,80,64,53,53,49,49,49,41,87,87,87,87,87,70,70,70,28,28,28,28,28,28,28,52,52],"gold":3,"neow_bonus":"TEN_PERCENT_HP_BONUS","is_prod":false,"is_daily":false,"chose_seed":false,"campfire_upgraded":8,"win_rate":0,"timestamp":1549224713,"path_taken":["M","?","?","M","$","E","M","?","T","R","M","M","E","?","R","BOSS","M","?","?","?","M","R","$","R","T","?","M","M","E","M","R","BOSS","M","?","?","?","M","R","?","M","T","M","R","M","R","$","R","BOSS"],"build_version":"2019-01-23","purchased_purges":0,"victory":true,"max_hp_per_floor":[82,87,87,87,87,87,87,87,87,87,87,87,87,87,87,87,87,87,87,87,87,87,87,87,87,87,87,87,87,87,87,87,87,87,87,87,87,87,87,87,83,83,83,83,83,83,83,83,83,83],"card_choices":[{"not_picked":["Stack","Chill"],"picked":"Reinforced Body","floor":1.0},{"not_picked":["Gash","Redo"],"picked":"Darkness","floor":4.0},{"not_picked":["Storm","Doom and Gloom"],"picked":"Genetic Algorithm","floor":6.0},{"not_picked":["Hello World","Coolheaded"],"picked":"Go for the Eyes","floor":7.0},{"not_picked":["Streamline","Steam"],"picked":"Ball Lightning","floor":8.0},{"not_picked":["Genetic Algorithm","Lockon","Turbo"],"picked":"Compile Driver","floor":11.0},{"not_picked":["Gash","Creative AI","Reinforced Body"],"picked":"Hologram","floor":12.0},{"not_picked":["Rebound","Recycle","Barrage"],"picked":"Leap","floor":13.0},{"not_picked":["Fission","Echo Form","Machine Learning"],"picked":"Biased Cognition","floor":16.0},{"not_picked":["Melter","Reinforced Body","Stack"],"picked":"Coolheaded+1","floor":18.0},{"not_picked":["Rebound","Blizzard+1","Redo","Stack"],"picked":"SKIP","floor":22.0},{"not_picked":["Hologram+1","Conserve Battery","Genetic Algorithm"],"picked":"Ball Lightning","floor":28.0},{"not_picked":["Compile Driver+1","Hologram","Consume+1"],"picked":"Buffer","floor":29.0},{"not_picked":["Sweeping Beam","Core Surge","Scrape+1"],"picked":"Glacier+1","floor":30.0},{"not_picked":["Barrage+1","Loop+1","Defragment"],"picked":"Glacier","floor":31.0},{"not_picked":["Amplify","Thunder Strike","Hyperbeam"],"picked":"Fission","floor":33.0},{"not_picked":["Hologram+1","Undo","Sweeping Beam+1"],"picked":"Capacitor","floor":35.0},{"not_picked":["Hello World","Chaos","Conserve Battery"],"picked":"Hologram+1","floor":37.0},{"not_picked":["Streamline+1","Compile Driver+1","Sweeping Beam+1","Reboot"],"picked":"SKIP","floor":39.0},{"not_picked":["Steam Power+1","Compile Driver","Ball Lightning"],"picked":"Leap+1","floor":42.0},{"not_picked":["Hologram+1","Turbo","Sweeping Beam+1","Static Discharge+1"],"picked":"SKIP","floor":44.0},{"not_picked":["Self Repair","Ball Lightning","Reprogram+1"],"picked":"Coolheaded","floor":46.0}],"player_experience":418848,"relics_obtained":[{"floor":6.0,"key":"Oddly Smooth Stone"},{"floor":9.0,"key":"Question Card"},{"floor":13.0,"key":"Sundial"},{"floor":26.0,"key":"Bottled Flame"},{"floor":27.0,"key":"Enchiridion"},{"floor":30.0,"key":"Gremlin Horn"}],"event_choices":[{"damage_healed":0.0,"max_hp_gain":5.0,"max_hp_loss":0.0,"gold_gain":0.0,"event_name":"Big Fish","player_choice":"Donut","floor":2.0,"gold_loss":0.0,"damage_taken":0.0},{"damage_healed":0.0,"max_hp_gain":0.0,"max_hp_loss":0.0,"gold_gain":100.0,"event_name":"Golden Shrine","player_choice":"Pray","floor":3.0,"gold_loss":0.0,"damage_taken":0.0},{"damage_healed":0.0,"max_hp_gain":0.0,"max_hp_loss":0.0,"gold_gain":0.0,"event_name":"Living Wall","player_choice":"Grow","floor":14.0,"gold_loss":0.0,"damage_taken":0.0,"cards_upgraded":["Zap"]},{"damage_healed":0.0,"max_hp_gain":0.0,"max_hp_loss":0.0,"gold_gain":0.0,"event_name":"The Library","player_choice":"Read","floor":19.0,"gold_loss":0.0,"damage_taken":0.0,"cards_obtained":["Defragment"]},{"damage_healed":0.0,"max_hp_gain":0.0,"max_hp_loss":0.0,"gold_gain":0.0,"event_name":"Lab","player_choice":"Got Potions","floor":20.0,"gold_loss":0.0,"damage_taken":0.0},{"damage_healed":0.0,"max_hp_gain":0.0,"max_hp_loss":0.0,"gold_gain":0.0,"event_name":"Cursed Tome","player_choice":"Obtained Book","floor":27.0,"gold_loss":0.0,"damage_taken":16.0},{"damage_healed":0.0,"max_hp_gain":0.0,"max_hp_loss":0.0,"gold_gain":0.0,"event_name":"WeMeetAgain","player_choice":"Ignored","floor":36.0,"gold_loss":0.0,"damage_taken":0.0},{"damage_healed":0.0,"max_hp_gain":0.0,"max_hp_loss":0.0,"gold_gain":0.0,"event_name":"Mysterious Sphere","player_choice":"Ignored","floor":38.0,"gold_loss":0.0,"damage_taken":0.0},{"damage_healed":0.0,"max_hp_gain":0.0,"max_hp_loss":4.0,"gold_gain":0.0,"event_name":"Winding Halls","player_choice":"Max HP","floor":41.0,"gold_loss":0.0,"damage_taken":0.0}],"is_beta":false,"boss_relics":[{"not_picked":["Runic Pyramid","Black Star"],"picked":"Ectoplasm"},{"not_picked":["Astrolabe","Cursed Key"],"picked":"Inserter"}],"items_purged_floors":[],"is_endless":false,"potions_floor_spawned":[6,7,11,12,13,22,28,29,31,35,39,42,46],"ascension_level":4}