{"gold_per_floor":[117,131,131,56,131,131,154,154,154,169,2,2,2,2,2,2],"floor_reached":16,"playtime":932,"items_purged":["Regret","Strike_R"],"score":116,"play_id":"438840bf-eaf1-4df3-93fa-559f87f5a12d","local_time":"20190301164521","is_ascension_mode":true,"campfire_choices":[{"data":"Pommel Strike","floor":6,"key":"SMITH"},{"data":"Shrug It Off","floor":8,"key":"SMITH"},{"data":"Armaments","floor":12,"key":"SMITH"},{"floor":15,"key":"REST"}],"neow_cost":"NONE","seed_source_timestamp":242950054785017,"circlet_count":0,"master_deck":["Strike_R","Strike_R","Strike_R","Strike_R","Defend_R+1","Defend_R","Defend_R","Defend_R+1","Bash","Pommel Strike+1","Shrug It Off+1","Armaments+1","Rupture+1"],"relics":["Burning Blood","War Paint","Frozen Egg 2","Odd Mushroom","Pocketwatch","Centennial Puzzle"],"potions_floor_usage":[7],"damage_taken":[{"damage":2,"enemies":"Cultist","floor":1,"turns":4},{"damage":8,"enemies":"Small Slimes","floor":2,"turns":3},{"damage":15,"enemies":"The Mushroom Lair","floor":7,"turns":7},{"damage":0,"enemies":"2 Louse","floor":10,"turns":3},{"damage":70,"enemies":"Hexaghost","floor":16,"turns":12}],"seed_played":"-1326422338969929873","potions_obtained":[{"floor":1,"key":"Weak Potion"}],"is_trial":false,"path_per_floor":["?","?","?","?","?"],"character_chosen":"IRONCLAD","items_purchased":["Rupture+1"],"campfire_rested":1,"item_purchase_floors":[11],"current_hp_per_floor":[76,74,74,74,63,63,54,54,54,60,60,60,42,42,66,0],"gold":2,"neow_bonus":"RANDOM_COMMON_RELIC","is_prod":false,"is_daily":false,"chose_seed":false,"campfire_upgraded":3,"win_rate":0,"timestamp":1551455121,"path_taken":["M","M","?","$","?","R","?","R","T","M","$","R","?","?","R","BOSS"],"build_version":"2019-01-23","purchased_purges":2,"victory":false,"max_hp_per_floor":[80,80,80,80,80,80,80,80,80,80,80,80,80,80,80,80],"card_choices":[{"not_picked":["Sentinel","Sword Boomerang"],"picked":"Pommel Strike","floor":1},{"not_picked":["Shockwave","Twin Strike"],"picked":"Shrug It Off","floor":2},{"not_picked":["Sword Boomerang","Flex"],"picked":"Armaments","floor":10}],"player_experience":237597,"relics_obtained":[{"floor":7,"key":"Odd Mushroom"},{"floor":9,"key":"Pocketwatch"}],"event_choices":[{"damage_healed":0,"gold_gain":0,"player_choice":"Box","damage_taken":0,"relics_obtained":["Frozen Egg 2"],"max_hp_gain":0,"max_hp_loss":0,"event_name":"Big Fish","floor":3,"gold_loss":0,"cards_obtained":["Regret"]},{"damage_healed":0,"gold_gain":75,"player_choice":"Gather Gold","damage_taken":11,"max_hp_gain":0,"max_hp_loss":0,"event_name":"World of Goop","floor":5,"gold_loss":0},{"damage_healed":0,"gold_gain":0,"player_choice":"Fought Mushrooms","damage_taken":0,"max_hp_gain":0,"max_hp_loss":0,"event_name":"Mushrooms","floor":7,"gold_loss":0},{"damage_healed":0,"gold_gain":0,"player_choice":"Success","damage_taken":18,"relics_obtained":["Centennial Puzzle"],"max_hp_gain":0,"max_hp_loss":0,"event_name":"Scrap Ooze","floor":13,"gold_loss":0},{"damage_healed":0,"gold_gain":0,"player_choice":"Leave","damage_taken":0,"max_hp_gain":0,"max_hp_loss":0,"event_name":"The Cleric","floor":14,"gold_loss":0}],"is_beta":false,"boss_relics":[],"items_purged_floors":[4,11],"is_endless":false,"potions_floor_spawned":[1],"killed_by":"Hexaghost","ascension_level":7}