{"gold_per_floor":[148,148,148,98,273,273,348,348,348,368,382,412,263,263,263,362,362,379,163,88,101,118,118,2,2,29,29,43,43,43,43,43,143,143,160,160,176,20,20,20,37,49,49,63,63,117,129,155,155,155],"floor_reached":51,"playtime":4257,"items_purged":["Doubt","Defend_G"],"score":696,"play_id":"e3aa7d4d-fe6f-4e0c-8ec2-909526969535","local_time":"20181019142941","is_ascension_mode":false,"campfire_choices":[{"data":"Neutralize","floor":6,"key":"SMITH"},{"data":"Quick Slash","floor":8,"key":"SMITH"},{"floor":15,"key":"REST"},{"data":"Endless Agony","floor":23,"key":"SMITH"},{"data":"After Image","floor":30,"key":"SMITH"},{"data":"Underhanded Strike","floor":32,"key":"SMITH"},{"data":"A Thousand Cuts","floor":40,"key":"SMITH"},{"data":"Swift Strike","floor":45,"key":"SMITH"},{"floor":49,"key":"REST"}],"neow_cost":"NONE","seed_source_timestamp":812874698290772,"circlet_count":0,"master_deck":["Defend_G+1","Defend_G+1","Defend_G+1","Strike_G+1","Strike_G+1","Strike_G+1","Survivor+1","Neutralize+1","Quick Slash+1","Escape Plan+1","Terror+1","Quick Slash+1","Escape Plan+1","Backflip+1","Endless Agony+1","Leg Sweep+1","Blade Dance+1","Expertise+1","Underhanded Strike+1","Terror+1","A Thousand Cuts+1","Swift Strike+1","Choke+1","Dagger Throw+1","Blade Dance+1"],"relics":["Ring of the Snake","Tiny Chest","Toxic Egg 2","Pear","Sozu","Boot","Gremlin Horn","Busted Crown","Pen Nib","Mercury Hourglass","Incense Burner","War Paint"],"potions_floor_usage":[33],"damage_taken":[{"damage":0,"enemies":"Small Slimes","floor":1,"turns":3},{"damage":0,"enemies":"Cultist","floor":10,"turns":4},{"damage":0,"enemies":"Jaw Worm","floor":11,"turns":5},{"damage":27,"enemies":"3 Sentries","floor":12,"turns":11},{"damage":20,"enemies":"Slime Boss","floor":16,"turns":10},{"damage":9,"enemies":"2 Thieves","floor":18,"turns":4},{"damage":6,"enemies":"Spheric Guardian","floor":21,"turns":4},{"damage":20,"enemies":"Cultist and Chosen","floor":22,"turns":5},{"damage":0,"enemies":"Centurion and Healer","floor":28,"turns":4},{"damage":9,"enemies":"Collector","floor":33,"turns":10},{"damage":1,"enemies":"3 Shapes","floor":35,"turns":2},{"damage":0,"enemies":"Orb Walker","floor":37,"turns":2},{"damage":18,"enemies":"Spire Growth","floor":41,"turns":4},{"damage":0,"enemies":"Sphere and 2 Shapes","floor":42,"turns":3},{"damage":0,"enemies":"Transient","floor":44,"turns":5},{"damage":0,"enemies":"2 Orb Walkers","floor":46,"turns":3},{"damage":0,"enemies":"Jaw Worm Horde","floor":47,"turns":3},{"damage":0,"enemies":"Reptomancer","floor":48,"turns":4},{"damage":51,"enemies":"Donu and Deca","floor":50,"turns":9}],"seed_played":"-3280834768078564451","potions_obtained":[{"floor":12,"key":"AttackPotion"},{"floor":16,"key":"Regen Potion"}],"is_trial":false,"path_per_floor":["M","?","?","?","?","R","?","R","T","M","M","E","$","?","R","B",null,"M","$","?","M","M","R","$","?","T","T","M","?","R","?","R","B",null,"M","?","M","$","?","R","M","M","T","M","R","?","M","E","R","B"],"character_chosen":"THE_SILENT","items_purchased":["Escape Plan+1","Endless Agony","Leg Sweep+1","After Image","Underhanded Strike","Pen Nib"],"campfire_rested":2,"item_purchase_floors":[13,19,19,24,24,38],"current_hp_per_floor":[70,70,63,63,63,63,56,56,56,56,56,39,39,39,63,43,80,71,71,71,65,45,45,45,45,45,45,45,45,45,45,45,51,80,79,90,90,90,90,90,72,72,72,72,72,72,72,72,90,39],"gold":155,"neow_bonus":"RANDOM_COMMON_RELIC","is_prod":false,"is_daily":false,"chose_seed":false,"campfire_upgraded":7,"win_rate":0,"timestamp":1539984581,"path_taken":["M","?","?","?","?","R","?","R","T","M","?","E","$","?","R","BOSS","M","$","?","M","M","R","$","?","T","?","?","?","R","?","R","BOSS","M","?","M","$","?","R","M","M","T","M","R","?","?","E","R","BOSS"],"build_version":"2018-10-18","purchased_purges":2,"victory":true,"max_hp_per_floor":[70,70,70,70,70,70,70,70,70,70,70,80,80,80,80,80,80,80,80,80,80,80,80,80,80,80,80,80,80,80,80,80,80,80,80,90,90,90,90,90,90,90,90,90,90,90,90,90,90,90],"card_choices":[{"not_picked":["Poisoned Stab","Caltrops"],"picked":"Quick Slash","floor":1},{"not_picked":["Outmaneuver+1","Bane"],"picked":"Escape Plan+1","floor":10},{"not_picked":["Acrobatics+1","Eviscerate"],"picked":"Terror+1","floor":11},{"not_picked":["PiercingWail+1","Outmaneuver+1"],"picked":"Quick Slash","floor":12},{"not_picked":["Distraction+1","Deadly Poison+1"],"picked":"Backflip+1","floor":18},{"not_picked":["Poisoned Stab","PiercingWail+1"],"picked":"Blade Dance+1","floor":21},{"not_picked":["Masterful Stab","Footwork"],"picked":"Expertise+1","floor":22},{"not_picked":["Outmaneuver+1","Dodge and Roll+1"],"picked":"Terror+1","floor":28},{"not_picked":["Unload","Night Terror+1"],"picked":"A Thousand Cuts","floor":33},{"not_picked":["Crippling Poison+1"],"picked":"SKIP","floor":35},{"not_picked":["Bane"],"picked":"SKIP","floor":37},{"not_picked":[],"picked":"Swift Strike","floor":39},{"not_picked":["PiercingWail+1"],"picked":"SKIP","floor":41},{"not_picked":[],"picked":"Choke+1","floor":42},{"not_picked":[],"picked":"Dagger Throw+1","floor":44},{"not_picked":[],"picked":"Blade Dance+1","floor":47},{"not_picked":["Caltrops+1"],"picked":"SKIP","floor":48}],"player_experience":46332,"relics_obtained":[{"floor":9,"key":"Toxic Egg 2"},{"floor":12,"key":"Pear"},{"floor":26,"key":"Boot"},{"floor":27,"key":"Gremlin Horn"},{"floor":43,"key":"Mercury Hourglass"},{"floor":46,"key":"Incense Burner"},{"floor":48,"key":"War Paint"}],"event_choices":[{"damage_healed":0,"gold_gain":0,"player_choice":"Full Heal","damage_taken":0,"max_hp_gain":0,"max_hp_loss":0,"event_name":"Wheel of Change","floor":2,"gold_loss":0},{"cards_removed":["Defend_G"],"damage_healed":0,"gold_gain":0,"player_choice":"Card Removal","damage_taken":7,"max_hp_gain":0,"max_hp_loss":0,"event_name":"Golden Wing","floor":3,"gold_loss":0},{"cards_removed":["Strike_G"],"damage_healed":0,"gold_gain":0,"player_choice":"Card Removal","damage_taken":0,"max_hp_gain":0,"max_hp_loss":0,"event_name":"The Cleric","floor":4,"gold_loss":50},{"damage_healed":0,"gold_gain":175,"player_choice":"AGREE","damage_taken":0,"max_hp_gain":0,"max_hp_loss":0,"event_name":"Liars Game","floor":5,"gold_loss":0,"cards_obtained":["Doubt"]},{"damage_healed":0,"gold_gain":75,"player_choice":"Touch","damage_taken":7,"max_hp_gain":0,"max_hp_loss":0,"event_name":"FaceTrader","floor":7,"gold_loss":0},{"damage_healed":0,"gold_gain":0,"player_choice":"Forge","damage_taken":0,"max_hp_gain":0,"max_hp_loss":0,"event_name":"Accursed Blacksmith","floor":14,"gold_loss":0,"cards_upgraded":["Quick Slash"]},{"cards_removed":["Strike_G"],"damage_healed":0,"gold_gain":0,"player_choice":"Gave Gold","damage_taken":0,"max_hp_gain":0,"max_hp_loss":0,"event_name":"Beggar","floor":20,"gold_loss":75},{"damage_healed":0,"gold_gain":0,"player_choice":"Simplicity","damage_taken":0,"max_hp_gain":0,"max_hp_loss":0,"event_name":"Back to Basics","floor":25,"gold_loss":0,"cards_upgraded":["Defend_G","Defend_G","Defend_G","Strike_G","Strike_G","Strike_G"]},{"damage_healed":0,"gold_gain":0,"player_choice":"Got Potions","damage_taken":0,"max_hp_gain":0,"max_hp_loss":0,"event_name":"The Lab","floor":29,"gold_loss":0},{"damage_healed":0,"gold_gain":0,"player_choice":"Ignored","damage_taken":0,"max_hp_gain":0,"max_hp_loss":0,"event_name":"Ghosts","floor":31,"gold_loss":0},{"cards_removed":["After Image"],"damage_healed":1,"gold_gain":0,"player_choice":"Offered Rare","damage_taken":0,"max_hp_gain":10,"max_hp_loss":0,"event_name":"Bonfire Elementals","floor":36,"gold_loss":0},{"damage_healed":0,"gold_gain":0,"player_choice":"Memory 1","damage_taken":0,"max_hp_gain":0,"max_hp_loss":0,"event_name":"SensoryStone","floor":39,"gold_loss":0},{"damage_healed":0,"gold_gain":0,"player_choice":"Fight","damage_taken":0,"max_hp_gain":0,"max_hp_loss":0,"event_name":"Mysterious Sphere","floor":46,"gold_loss":0}],"is_beta":false,"boss_relics":[{"not_picked":["Eternal Feather","Ring of the Serpent"],"picked":"Sozu"},{"not_picked":["Astrolabe","Cursed Key"],"picked":"Busted Crown"}],"items_purged_floors":[13,19],"is_endless":false,"potions_floor_spawned":[12,16,18,21,22,37,41,42,44],"ascension_level":0}