{"gold_per_floor":[214,230,230,247,247,247,247,247,247,257,257,257,51,70,70,143,143,153,168,119,138,138,155,165,117,144,144,169,169,179,194,194,270,270,286,23,0,0,10,10,24,24,24,43,43],"floor_reached":45,"playtime":2285,"items_purged":["Strike_R","Bash+1"],"score":819,"play_id":"1256511e-afca-4f67-abe0-90d2a068c5d1","local_time":"20190226010915","is_ascension_mode":true,"campfire_choices":[{"data":"Bash","floor":6.0,"key":"SMITH"},{"floor":8.0,"key":"REST"},{"data":"Inflame","floor":15.0,"key":"SMITH"},{"data":"True Grit","floor":27,"key":"SMITH"},{"floor":29,"key":"REST"},{"data":"Limit Break","floor":32,"key":"SMITH"},{"floor":40,"key":"RECALL"}],"neow_cost":"NONE","seed_source_timestamp":326307411310016,"circlet_count":0,"master_deck":["AscendersBane","Sword Boomerang","Limit Break+1","Headbutt","Pommel Strike+1","Inflame+1","Headbutt+1","Sword Boomerang+1","Limit Break+1","Evolve","Infernal Blade","Pummel+1","Spot Weakness","Warcry","Pummel+1","Battle Trance","Warcry+1","Shockwave","Heavy Blade+1","Flex","True Grit+1","Rage","Iron Wave+1","Brutality","Shrug It Off","True Grit","Rage+1"],"special_seed":0,"relics":["Burning Blood","Molten Egg 2","Bag of Marbles","Champion Belt","Pandora\u0027s Box","Sundial","Mark of Pain","Membership Card","Red Mask","Red Skull","Dodecahedron"],"potions_floor_usage":[24,28,39,42],"damage_taken":[{"damage":15.0,"enemies":"Small Slimes","floor":1.0,"turns":4.0},{"damage":7.0,"enemies":"Jaw Worm","floor":2.0,"turns":3.0},{"damage":8.0,"enemies":"2 Louse","floor":4.0,"turns":4.0},{"damage":17.0,"enemies":"Red Slaver","floor":10.0,"turns":4.0},{"damage":6.0,"enemies":"Exordium Thugs","floor":14.0,"turns":5.0},{"damage":48.0,"enemies":"The Guardian","floor":16.0,"turns":6.0},{"damage":9.0,"enemies":"Shell Parasite","floor":18.0,"turns":2.0},{"damage":8,"enemies":"2 Thieves","floor":19,"turns":2},{"damage":18,"enemies":"Snake Plant","floor":21,"turns":3},{"damage":8,"enemies":"Chosen and Byrds","floor":23,"turns":3},{"damage":6,"enemies":"Centurion and Healer","floor":24,"turns":3},{"damage":31,"enemies":"Slavers","floor":28,"turns":4},{"damage":18,"enemies":"Sentry and Sphere","floor":30,"turns":3},{"damage":0,"enemies":"Snecko","floor":31,"turns":2},{"damage":23,"enemies":"Champ","floor":33,"turns":5},{"damage":0,"enemies":"Orb Walker","floor":35,"turns":1},{"damage":19,"enemies":"3 Darklings","floor":39,"turns":6},{"damage":0,"enemies":"Transient","floor":41,"turns":5},{"damage":0,"enemies":"Reptomancer","floor":42,"turns":2},{"damage":16,"enemies":"4 Shapes","floor":44,"turns":4},{"damage":74,"enemies":"2 Orb Walkers","floor":45,"turns":4}],"seed_played":"-7716377774790067247","potions_obtained":[{"floor":10.0,"key":"Dexterity Potion"},{"floor":14.0,"key":"EssenceOfSteel"},{"floor":24,"key":"SpeedPotion"},{"floor":33,"key":"EssenceOfSteel"},{"floor":41,"key":"SmokeBomb"}],"is_trial":false,"path_per_floor":["M","M","$","M","?","R","$","R","T","M","T","T","$","M","R","B",null,"M","M","$","M","?","M","M","$","T","R","E","R","M","M","R","B",null,"M","$","?","?","M","R","M","E","T","M","?"],"character_chosen":"IRONCLAD","items_purchased":["Inflame","Headbutt+1","Heavy Blade+1","True Grit","Membership Card","Shrug It Off"],"campfire_rested":2,"item_purchase_floors":[13,13,20,25,36,36],"current_hp_per_floor":[59,58,58,56,56,56,56,75,75,64,64,64,64,64,64,22,62,59,57,57,45,75,73,73,73,73,73,48,70,58,64,64,47,68,74,74,74,74,61,61,67,73,73,63,0],"gold":43,"neow_bonus":"HUNDRED_GOLD","is_prod":false,"is_daily":false,"chose_seed":false,"campfire_upgraded":4,"win_rate":0,"timestamp":1551110955,"path_taken":["M","M","$","M","?","R","$","R","T","M","?","?","$","M","R","BOSS","M","M","$","M","?","M","M","$","T","R","E","R","?","M","R","BOSS","M","$","?","?","?","R","M","E","T","M","?"],"build_version":"2019-01-23","purchased_purges":2,"victory":false,"max_hp_per_floor":[75,75,75,75,75,75,75,75,75,75,75,75,75,75,75,75,75,75,75,75,75,75,75,75,75,75,75,75,75,75,75,75,75,75,75,75,75,75,75,75,75,75,75,75,75],"card_choices":[{"not_picked":["Clothesline","Havoc"],"picked":"Sword Boomerang","floor":1.0},{"not_picked":["Shrug It Off","Havoc"],"picked":"Limit Break","floor":2.0},{"not_picked":["Perfected Strike","Corruption"],"picked":"Headbutt","floor":4.0},{"not_picked":["Headbutt+1","Ghostly Armor"],"picked":"Pommel Strike+1","floor":10.0},{"not_picked":["True Grit","Anger+1"],"picked":"Sword Boomerang+1","floor":14.0},{"not_picked":["Fiend Fire+1","Immolate+1"],"picked":"Limit Break","floor":16.0},{"not_picked":["Burning Pact","Reckless Charge+1"],"picked":"Warcry+1","floor":18.0},{"not_picked":["Thunderclap+1","Evolve"],"picked":"Shockwave","floor":19},{"not_picked":["Warcry","Anger+1"],"picked":"Flex","floor":21},{"not_picked":["Twin Strike+1","Sever Soul+1","Clash+1"],"picked":"SKIP","floor":23},{"not_picked":["Heavy Blade+1","Pommel Strike+1","Thunderclap+1"],"picked":"SKIP","floor":24},{"not_picked":["Pommel Strike+1","Corruption","Wild Strike+1"],"picked":"SKIP","floor":28},{"not_picked":["Pommel Strike+1","Corruption","Wild Strike+1"],"picked":"SKIP","floor":28},{"not_picked":["Perfected Strike+1","Metallicize"],"picked":"Rage","floor":30},{"not_picked":["Perfected Strike+1","Bludgeon+1"],"picked":"Iron Wave+1","floor":31},{"not_picked":["Barricade","Demon Form"],"picked":"Brutality","floor":33},{"not_picked":["Warcry","Havoc","Body Slam+1"],"picked":"SKIP","floor":35},{"not_picked":["Entrench+1","Armaments","Fire Breathing"],"picked":"SKIP","floor":39},{"not_picked":["Burning Pact","Spot Weakness"],"picked":"True Grit","floor":41},{"not_picked":["Armaments","Havoc"],"picked":"Rage+1","floor":44}],"player_experience":108442,"relics_obtained":[{"floor":9.0,"key":"Molten Egg 2"},{"floor":11.0,"key":"Bag of Marbles"},{"floor":12.0,"key":"Champion Belt"},{"floor":28,"key":"Sundial"},{"floor":43,"key":"Dodecahedron"}],"event_choices":[{"damage_healed":0.0,"max_hp_gain":0.0,"max_hp_loss":0.0,"gold_gain":0.0,"event_name":"Living Wall","player_choice":"Grow","floor":5.0,"gold_loss":0.0,"damage_taken":0.0,"cards_upgraded":["Limit Break"]},{"cards_removed":["Searing Blow"],"damage_healed":30,"gold_gain":0,"player_choice":"Offered Uncommon","damage_taken":0,"max_hp_gain":0,"max_hp_loss":0,"event_name":"Bonfire Elementals","floor":22,"gold_loss":0},{"damage_healed":0,"gold_gain":0,"player_choice":"Paid","damage_taken":0,"relics_obtained":["Red Mask"],"max_hp_gain":0,"max_hp_loss":0,"event_name":"Tomb of Lord Red Mask","floor":37,"gold_loss":23},{"damage_healed":0,"gold_gain":0,"player_choice":"Gave Potion","damage_taken":0,"relics_obtained":["Red Skull"],"max_hp_gain":0,"max_hp_loss":0,"event_name":"WeMeetAgain","floor":38,"gold_loss":0},{"damage_healed":0,"gold_gain":0,"player_choice":"Fight","damage_taken":0,"max_hp_gain":0,"max_hp_loss":0,"event_name":"Mysterious Sphere","floor":45,"gold_loss":0}],"is_beta":false,"boss_relics":[{"not_picked":["Lizard Tail","Empty Cage"],"picked":"Pandora\u0027s Box"},{"not_picked":["Runic Pyramid","Calling Bell"],"picked":"Mark of Pain"}],"items_purged_floors":[13,36],"is_endless":false,"potions_floor_spawned":[10,14,18,21,24,33,41,42],"killed_by":"2 Orb Walkers","ascension_level":14}