{"gold_per_floor":[114,114,114,39,63,63,84,84,110,133,33,33,33,49,49,49],"floor_reached":16,"playtime":674,"items_purged":["Dualcast","Strike_B"],"score":113,"play_id":"dd0d2b12-708c-4591-9ee8-9e48ab6b9e66","local_time":"20190215110158","is_ascension_mode":true,"campfire_choices":[{"floor":6,"key":"REST"},{"data":"Zap","floor":8,"key":"SMITH"},{"floor":15,"key":"REST"}],"neow_cost":"CURSE","seed_source_timestamp":218448002380254,"circlet_count":0,"master_deck":["Strike_B","Strike_B","Strike_B","Defend_B+1","Defend_B","Defend_B+1","Defend_B","Zap+1","Glacier","Cold Snap","Sunder"],"relics":["Cracked Core","Calipers","Golden Idol","Boot"],"potions_floor_usage":[16,16],"damage_taken":[{"damage":0,"enemies":"Cultist","floor":1,"turns":4},{"damage":4,"enemies":"2 Louse","floor":5,"turns":3},{"damage":4,"enemies":"Jaw Worm","floor":7,"turns":4},{"damage":0,"enemies":"Large Slime","floor":10,"turns":6},{"damage":8,"enemies":"Lots of Slimes","floor":14,"turns":5},{"damage":69,"enemies":"Hexaghost","floor":16,"turns":16}],"seed_played":"-5424801813103863047","potions_obtained":[{"floor":5,"key":"Fire Potion"},{"floor":10,"key":"SneckoOil"},{"floor":14,"key":"SteroidPotion"}],"is_trial":false,"path_per_floor":["M","?","?","$","M","R","M","R","T","M","$","?","?","M","R","B"],"character_chosen":"DEFECT","items_purchased":[],"campfire_rested":2,"item_purchase_floors":[],"current_hp_per_floor":[75,57,50,50,46,68,64,64,64,64,64,64,49,41,63,0],"gold":49,"neow_bonus":"ONE_RARE_RELIC","is_prod":false,"is_daily":false,"chose_seed":false,"campfire_upgraded":1,"win_rate":0,"timestamp":1550250118,"path_taken":["M","?","?","$","M","R","M","R","T","M","$","?","?","M","R","BOSS"],"build_version":"2019-01-23","purchased_purges":2,"victory":false,"max_hp_per_floor":[75,75,75,75,75,75,75,75,75,75,75,75,75,75,75,75],"card_choices":[{"not_picked":["Steam Power","Compile Driver","Redo"],"picked":"SKIP","floor":1},{"not_picked":["Skim","Hologram","Stack"],"picked":"SKIP","floor":5},{"not_picked":["Beam Cell","Compile Driver"],"picked":"Glacier","floor":7},{"not_picked":["Skim","Steam Power"],"picked":"Cold Snap","floor":10},{"not_picked":["Conserve Battery","Coolheaded"],"picked":"Sunder","floor":14}],"player_experience":1360856,"relics_obtained":[{"floor":9,"key":"Boot"}],"event_choices":[{"damage_healed":0,"gold_gain":0,"player_choice":"Take Damage","damage_taken":18,"relics_obtained":["Golden Idol"],"max_hp_gain":0,"max_hp_loss":0,"event_name":"Golden Idol","floor":2,"gold_loss":0},{"cards_removed":["Clumsy"],"damage_healed":0,"gold_gain":0,"player_choice":"Card Removal","damage_taken":7,"max_hp_gain":0,"max_hp_loss":0,"event_name":"Golden Wing","floor":3,"gold_loss":0},{"damage_healed":0,"gold_gain":0,"player_choice":"Ignored","damage_taken":0,"max_hp_gain":0,"max_hp_loss":0,"event_name":"Liars Game","floor":12,"gold_loss":0},{"damage_healed":0,"gold_gain":0,"player_choice":"Entered Light","damage_taken":15,"max_hp_gain":0,"max_hp_loss":0,"event_name":"Shining Light","floor":13,"gold_loss":0,"cards_upgraded":["Defend_B","Defend_B"]}],"is_beta":false,"boss_relics":[],"items_purged_floors":[4,11],"is_endless":false,"potions_floor_spawned":[5,10,14],"killed_by":"Hexaghost","ascension_level":5}