{"gold_per_floor":[112,112,128,142,154,154,173,173,199,209,309,323,338,7,7,111,111,128,147,147,1,14,14,29,29,53,53,65,65,65,65,65,167,167,187,187,87,102,115,115,115,115,115,115,115,115,115,130,130,130],"floor_reached":50,"playtime":3868,"items_purged":["Strike_G","Normality","Normality"],"score":434,"play_id":"7c2e9cc3-0e81-463e-a7d8-09d07d1c9d78","local_time":"20190208144859","is_ascension_mode":false,"campfire_choices":[{"data":"Infinite Blades","floor":6,"key":"SMITH"},{"data":"Blade Dance","floor":8,"key":"SMITH"},{"data":"Cloak And Dagger","floor":15,"key":"SMITH"},{"data":"Footwork","floor":23,"key":"SMITH"},{"data":"Accuracy","floor":25,"key":"SMITH"},{"data":"J.A.X.","floor":32,"key":"SMITH"},{"data":"Blur","floor":40,"key":"SMITH"},{"data":"Backflip","floor":42,"key":"SMITH"},{"data":"Backflip","floor":45,"key":"SMITH"},{"floor":49,"key":"REST"}],"neow_cost":"NONE","seed_source_timestamp":1816496631667421,"circlet_count":0,"master_deck":["Defend_G","Defend_G","Defend_G","Defend_G","Defend_G","Strike_G","Strike_G","Strike_G","Survivor","Neutralize","Infinite Blades+1","Cloak And Dagger+1","Blade Dance+1","Finisher","Backflip+1","Backflip+1","Blur+1","Storm of Steel","Doubt","Accuracy+1","Infinite Blades","Footwork+1","Terror","Blade Dance+1","J.A.X.+1","Parasite"],"relics":["Ring of the Serpent","Mercury Hourglass","Calling Bell","Bag of Marbles","The Courier","FossilizedHelix","Snake Skull","Ninja Scroll"],"potions_floor_usage":[16,24,50,50,50],"damage_taken":[{"damage":0,"enemies":"Jaw Worm","floor":1,"turns":4},{"damage":0,"enemies":"2 Louse","floor":3,"turns":4},{"damage":0,"enemies":"Cultist","floor":4,"turns":4},{"damage":4,"enemies":"Red Slaver","floor":5,"turns":5},{"damage":13,"enemies":"3 Louse","floor":7,"turns":5},{"damage":2,"enemies":"2 Fungi Beasts","floor":10,"turns":4},{"damage":0,"enemies":"Looter","floor":12,"turns":4},{"damage":8,"enemies":"Exordium Wildlife","floor":13,"turns":7},{"damage":27,"enemies":"The Guardian","floor":16,"turns":14},{"damage":4,"enemies":"3 Byrds","floor":18,"turns":6},{"damage":2,"enemies":"Chosen","floor":19,"turns":8},{"damage":28,"enemies":"Sentry and Sphere","floor":22,"turns":8},{"damage":0,"enemies":"Centurion and Healer","floor":24,"turns":6},{"damage":3,"enemies":"3 Cultists","floor":28,"turns":5},{"damage":49,"enemies":"Champ","floor":33,"turns":9},{"damage":16,"enemies":"Orb Walker","floor":35,"turns":6},{"damage":18,"enemies":"3 Darklings","floor":38,"turns":6},{"damage":17,"enemies":"Writhing Mass","floor":39,"turns":6},{"damage":0,"enemies":"Jaw Worm Horde","floor":48,"turns":3},{"damage":63,"enemies":"Time Eater","floor":50,"turns":7}],"seed_played":"-9102527509349170807","potions_obtained":[{"floor":7,"key":"Block Potion"},{"floor":12,"key":"FearPotion"},{"floor":13,"key":"Ancient Potion"},{"floor":24,"key":"GamblersBrew"},{"floor":33,"key":"SpeedPotion"},{"floor":35,"key":"Strength Potion"},{"floor":48,"key":"GhostInAJar"}],"is_trial":false,"path_per_floor":["?","?","M","?","?","?","?","?","?","?","?","?"],"character_chosen":"THE_SILENT","items_purchased":["Mercury Hourglass","Footwork"],"campfire_rested":1,"item_purchase_floors":[14,21],"current_hp_per_floor":[77,77,77,77,73,73,60,60,60,58,58,58,50,50,50,23,77,73,71,57,57,29,29,29,29,29,56,53,53,53,53,53,4,82,66,66,66,48,31,31,31,31,31,31,31,31,31,31,55,0],"gold":130,"neow_bonus":"TEN_PERCENT_HP_BONUS","is_prod":false,"is_daily":false,"chose_seed":false,"campfire_upgraded":9,"win_rate":0,"timestamp":1549633739,"path_taken":["M","?","M","M","M","R","M","R","T","M","?","M","?","$","R","BOSS","M","M","?","$","M","R","M","R","T","?","M","$","?","?","R","BOSS","M","?","$","M","M","R","?","R","T","?","R","?","?","M","R","BOSS"],"build_version":"2019-01-23","purchased_purges":3,"victory":false,"max_hp_per_floor":[77,77,77,77,77,77,77,77,77,77,77,77,77,77,77,77,77,77,77,82,82,82,82,82,82,82,82,82,82,82,82,82,82,82,82,82,82,82,82,82,82,82,82,82,82,82,82,82,82,82],"card_choices":[{"not_picked":["Bane","Prepared"],"picked":"Infinite Blades","floor":1},{"not_picked":["Prepared","Terror"],"picked":"Cloak And Dagger","floor":3},{"not_picked":["Riddle With Holes","Dagger Spray"],"picked":"Blade Dance","floor":4},{"not_picked":["Heel Hook","Outmaneuver"],"picked":"Finisher","floor":5},{"not_picked":["Blade Dance","Deadly Poison"],"picked":"Backflip","floor":7},{"not_picked":["Prepared","Riddle With Holes","Deadly Poison"],"picked":"SKIP","floor":10},{"not_picked":["Quick Slash","Eviscerate"],"picked":"Backflip","floor":12},{"not_picked":["Reflex","Well Laid Plans"],"picked":"Blur","floor":13},{"not_picked":["Wraith Form v2","Night Terror"],"picked":"Storm of Steel","floor":16},{"not_picked":["Cloak And Dagger","Blur"],"picked":"Accuracy","floor":18},{"not_picked":["Dodge and Roll","Dagger Throw"],"picked":"Infinite Blades","floor":19},{"not_picked":["Poisoned Stab","Quick Slash","Slice"],"picked":"SKIP","floor":22},{"not_picked":["Outmaneuver","Quick Slash"],"picked":"Terror","floor":24},{"not_picked":["Dodge and Roll","Storm of Steel"],"picked":"Blade Dance+1","floor":28},{"not_picked":["Dagger Throw","PiercingWail+1","Predator"],"picked":"SKIP","floor":35},{"not_picked":["Outmaneuver+1","Poisoned Stab+1","Grand Finale"],"picked":"SKIP","floor":38},{"not_picked":["All Out Attack","Backflip","Eviscerate+1"],"picked":"SKIP","floor":39},{"not_picked":["Infinite Blades","Underhanded Strike+1","Dagger Spray+1"],"picked":"SKIP","floor":48}],"player_experience":139614,"relics_obtained":[{"floor":17,"key":"Bag of Marbles"},{"floor":17,"key":"The Courier"},{"floor":17,"key":"FossilizedHelix"},{"floor":26,"key":"Snake Skull"},{"floor":43,"key":"Ninja Scroll"}],"event_choices":[{"damage_healed":0,"gold_gain":0,"player_choice":"Ignored","damage_taken":0,"max_hp_gain":0,"max_hp_loss":0,"event_name":"Shining Light","floor":2,"gold_loss":0},{"damage_healed":0,"gold_gain":100,"player_choice":"Pray","damage_taken":0,"max_hp_gain":0,"max_hp_loss":0,"event_name":"Golden Shrine","floor":11,"gold_loss":0},{"damage_healed":0,"gold_gain":0,"player_choice":"Shed Blood","damage_taken":19,"max_hp_gain":5,"max_hp_loss":0,"event_name":"Forgotten Altar","floor":20,"gold_loss":0},{"damage_healed":27,"gold_gain":0,"player_choice":"Heal","damage_taken":0,"max_hp_gain":0,"max_hp_loss":0,"event_name":"The Library","floor":27,"gold_loss":0},{"damage_healed":0,"gold_gain":0,"player_choice":"Obtain J.A.X.","damage_taken":0,"max_hp_gain":0,"max_hp_loss":0,"event_name":"Drug Dealer","floor":30,"gold_loss":0,"cards_obtained":["J.A.X."]},{"damage_healed":0,"gold_gain":0,"player_choice":"Ignored","damage_taken":0,"max_hp_gain":0,"max_hp_loss":0,"event_name":"Vampires","floor":31,"gold_loss":0},{"damage_healed":0,"gold_gain":0,"player_choice":"Ignored","damage_taken":0,"max_hp_gain":0,"max_hp_loss":0,"event_name":"Tomb of Lord Red Mask","floor":36,"gold_loss":0},{"cards_removed":["Strike_G"],"damage_healed":0,"gold_gain":0,"player_choice":"Removed Attack","damage_taken":0,"max_hp_gain":0,"max_hp_loss":0,"event_name":"Falling","floor":41,"gold_loss":0},{"damage_healed":0,"gold_gain":0,"player_choice":"Ignored","damage_taken":0,"max_hp_gain":0,"max_hp_loss":0,"event_name":"Mysterious Sphere","floor":44,"gold_loss":0},{"damage_healed":0,"gold_gain":0,"player_choice":"Memory 1","damage_taken":0,"max_hp_gain":0,"max_hp_loss":0,"event_name":"SensoryStone","floor":46,"gold_loss":0},{"damage_healed":0,"gold_gain":0,"player_choice":"Ignored","damage_taken":0,"max_hp_gain":0,"max_hp_loss":0,"event_name":"NoteForYourself","floor":47,"gold_loss":0}],"is_beta":false,"boss_relics":[{"not_picked":["Snecko Eye","Runic Dome"],"picked":"Calling Bell"},{"not_picked":["Runic Pyramid","Orrery"],"picked":"Ring of the Serpent"}],"items_purged_floors":[14,21,37],"is_endless":false,"potions_floor_spawned":[7,12,13,24,33,35,38,48],"killed_by":"Time Eater","ascension_level":0}