{"gold_per_floor":[119,25,45,64,64,89,89,121,171,171,20,31,47,70,70,166,166,179,179,198,138,34,34,50,65,65,76,107,126,136,49,49,147,147,159,33,33,45,94,94,121,140,167,167,191,191,210,210,210,210],"floor_reached":50,"playtime":8819,"items_purged":["Strike_G"],"score":521,"play_id":"a67a91ec-5408-4f9a-987c-05ad638d2579","local_time":"20190118042929","is_ascension_mode":true,"campfire_choices":[{"floor":7,"key":"REST"},{"floor":15,"key":"REST"},{"data":"Accuracy","floor":23,"key":"SMITH"},{"floor":32,"key":"REST"},{"data":"Finisher","floor":40,"key":"SMITH"},{"floor":46,"key":"REST"},{"floor":49,"key":"REST"}],"neow_cost":"NONE","seed_source_timestamp":491955611935461,"circlet_count":0,"master_deck":["Defend_G","Defend_G","Defend_G","Defend_G","Strike_G+1","Strike_G","Survivor","Neutralize","Blade Dance","Terror","Tactician","Underhanded Strike","Choke+1","Accuracy+1","Well Laid Plans","Flying Knee","Malaise","Blade Dance","Expertise+1","Slice","Infinite Blades","Heel Hook+1","Finisher+1","Escape Plan+1","Deflect+1","Dramatic Entrance","Doppelganger","Terror+1","Terror+1","Prepared","Mind Blast","Acrobatics"],"relics":["Ring of the Snake","Ninja Scroll","Orichalcum","Bronze Scales","Odd Mushroom","Lizard Tail","Sundial","Pear","Runic Pyramid","Tiny Chest","Mango","PreservedInsect","Smiling Mask","Snake Skull"],"potions_floor_usage":[6,8,16,16,33,33,33,42],"damage_taken":[{"damage":2,"enemies":"Small Slimes","floor":1,"turns":6},{"damage":0,"enemies":"Cultist","floor":3,"turns":4},{"damage":7,"enemies":"2 Louse","floor":4,"turns":3},{"damage":28,"enemies":"3 Sentries","floor":6,"turns":12},{"damage":13,"enemies":"Lagavulin","floor":8,"turns":5},{"damage":4,"enemies":"Blue Slaver","floor":12,"turns":2},{"damage":0,"enemies":"Lots of Slimes","floor":13,"turns":2},{"damage":0,"enemies":"The Mushroom Lair","floor":14,"turns":3},{"damage":22,"enemies":"Slime Boss","floor":16,"turns":10},{"damage":0,"enemies":"3 Byrds","floor":18,"turns":4},{"damage":18,"enemies":"Spheric Guardian","floor":20,"turns":4},{"damage":0,"enemies":"Cultist and Chosen","floor":24,"turns":3},{"damage":6,"enemies":"Snake Plant","floor":25,"turns":4},{"damage":1,"enemies":"Snecko","floor":27,"turns":5},{"damage":6,"enemies":"Gremlin Leader","floor":28,"turns":8},{"damage":3,"enemies":"Centurion and Healer","floor":29,"turns":4},{"damage":2,"enemies":"Chosen and Byrds","floor":30,"turns":3},{"damage":27,"enemies":"Champ","floor":33,"turns":8},{"damage":24,"enemies":"3 Darklings","floor":35,"turns":5},{"damage":0,"enemies":"Orb Walker","floor":38,"turns":1},{"damage":87,"enemies":"2 Orb Walkers","floor":39,"turns":6},{"damage":20,"enemies":"Spire Growth","floor":42,"turns":4},{"damage":4,"enemies":"Sphere and 2 Shapes","floor":47,"turns":5},{"damage":71,"enemies":"Time Eater","floor":50,"turns":5}],"seed_played":"-3927650706193276763","potions_obtained":[{"floor":1,"key":"Block Potion"},{"floor":6,"key":"PowerPotion"},{"floor":8,"key":"SneckoOil"},{"floor":13,"key":"Regen Potion"},{"floor":20,"key":"AttackPotion"},{"floor":25,"key":"EssenceOfSteel"},{"floor":28,"key":"SteroidPotion"},{"floor":39,"key":"PowerPotion"},{"floor":47,"key":"AttackPotion"}],"is_trial":false,"path_per_floor":["M","$","M","M","?","E","R","E","T","?","$","M","M","?","R","B",null,"M","?","M","?","$","R","M","M","T","M","E","M","M","$","R","B",null,"M","$","$","M","?","R","T","M","T","?","T","R","M","?","R","B"],"character_chosen":"THE_SILENT","items_purchased":["Terror","Slice","Accuracy","Slice","Infinite Blades","Dramatic Entrance","Tiny Chest"],"campfire_rested":5,"item_purchase_floors":[2,2,11,22,22,31,36],"current_hp_per_floor":[68,68,68,61,54,26,47,34,34,20,20,16,16,16,37,30,70,70,57,39,39,39,39,39,33,33,32,36,33,31,31,56,29,85,61,61,61,61,31,31,31,11,11,11,11,40,36,36,65,0],"gold":210,"neow_bonus":"REMOVE_CARD","is_prod":false,"is_daily":false,"chose_seed":false,"campfire_upgraded":2,"win_rate":0,"timestamp":1547782169,"path_taken":["M","$","M","M","?","E","R","E","T","?","$","M","M","?","R","BOSS","M","?","M","?","$","R","M","M","T","M","E","M","M","$","R","BOSS","M","?","$","M","?","R","?","?","T","?","?","R","M","?","R","BOSS"],"build_version":"2019-01-10","purchased_purges":1,"victory":false,"max_hp_per_floor":[70,70,70,70,70,70,70,70,70,70,70,70,70,70,70,70,70,70,75,75,75,75,75,75,75,75,75,85,85,85,85,85,85,85,85,85,85,85,99,99,99,99,99,99,99,99,99,99,99,99],"card_choices":[{"not_picked":["Masterful Stab","Outmaneuver"],"picked":"Blade Dance","floor":1},{"not_picked":["Bane","Dodge and Roll"],"picked":"Tactician","floor":3},{"not_picked":["Outmaneuver","Deflect"],"picked":"Underhanded Strike","floor":4},{"not_picked":["Bane","Dodge and Roll"],"picked":"Choke","floor":6},{"not_picked":["Sucker Punch","Bane","Catalyst"],"picked":"SKIP","floor":8},{"not_picked":["Dagger Spray","PiercingWail","Venomology"],"picked":"SKIP","floor":12},{"not_picked":["Leg Sweep","Underhanded Strike"],"picked":"Well Laid Plans","floor":13},{"not_picked":["Noxious Fumes","Dagger Spray"],"picked":"Flying Knee","floor":14},{"not_picked":["Storm of Steel","Venomology"],"picked":"Malaise","floor":16},{"not_picked":["Flechettes+1","Eviscerate"],"picked":"Blade Dance","floor":18},{"not_picked":["Slice","Cloak And Dagger+1"],"picked":"Expertise+1","floor":20},{"not_picked":["Sucker Punch","Underhanded Strike","Well Laid Plans"],"picked":"SKIP","floor":24},{"not_picked":["Leg Sweep+1","Footwork","Masterful Stab+1"],"picked":"SKIP","floor":25},{"not_picked":["Eviscerate","Deadly Poison+1"],"picked":"Heel Hook+1","floor":27},{"not_picked":["Deadly Poison","Flying Knee"],"picked":"Finisher","floor":28},{"not_picked":["Deflect","All Out Attack"],"picked":"Escape Plan+1","floor":29},{"not_picked":["Choke","Dagger Spray"],"picked":"Deflect+1","floor":30},{"not_picked":["Corpse Explosion","Venomology"],"picked":"Doppelganger","floor":33},{"not_picked":["Blur","Backflip"],"picked":"Terror+1","floor":35},{"not_picked":["Deflect","Dash"],"picked":"Terror+1","floor":38},{"not_picked":["PiercingWail","Sucker Punch+1"],"picked":"Prepared","floor":39},{"not_picked":["Bouncing Flask","Distraction","Corpse Explosion"],"picked":"SKIP","floor":42},{"not_picked":["Sadistic Nature","Jack Of All Trades"],"picked":"Mind Blast","floor":44},{"not_picked":["Poisoned Stab+1","Blur"],"picked":"Acrobatics","floor":47}],"player_experience":73886,"relics_obtained":[{"floor":6,"key":"Ninja Scroll"},{"floor":8,"key":"Orichalcum"},{"floor":9,"key":"Bronze Scales"},{"floor":14,"key":"Odd Mushroom"},{"floor":26,"key":"Sundial"},{"floor":28,"key":"Pear"},{"floor":39,"key":"Mango"},{"floor":41,"key":"PreservedInsect"},{"floor":43,"key":"Smiling Mask"},{"floor":45,"key":"Snake Skull"}],"event_choices":[{"cards_removed":["Defend_G"],"damage_healed":0,"gold_gain":0,"player_choice":"Card Removal","damage_taken":7,"max_hp_gain":0,"max_hp_loss":0,"event_name":"Golden Wing","floor":5,"gold_loss":0},{"damage_healed":0,"gold_gain":0,"player_choice":"Entered Light","damage_taken":14,"max_hp_gain":0,"max_hp_loss":0,"event_name":"Shining Light","floor":10,"gold_loss":0,"cards_upgraded":["Strike_G","Choke"]},{"damage_healed":0,"gold_gain":0,"player_choice":"Fought Mushrooms","damage_taken":0,"max_hp_gain":0,"max_hp_loss":0,"event_name":"Mushrooms","floor":14,"gold_loss":0},{"damage_healed":0,"gold_gain":0,"player_choice":"Shed Blood","damage_taken":18,"max_hp_gain":5,"max_hp_loss":0,"event_name":"Forgotten Altar","floor":19,"gold_loss":0},{"cards_removed":["Strike_G"],"damage_healed":0,"gold_gain":0,"player_choice":"Single Remove","damage_taken":0,"max_hp_gain":0,"max_hp_loss":0,"event_name":"Designer","floor":21,"gold_loss":60},{"damage_healed":0,"gold_gain":0,"player_choice":"Fight","damage_taken":0,"max_hp_gain":0,"max_hp_loss":0,"event_name":"Mysterious Sphere","floor":39,"gold_loss":0},{"damage_healed":0,"gold_gain":0,"player_choice":"Memory 1","damage_taken":0,"max_hp_gain":0,"max_hp_loss":0,"event_name":"SensoryStone","floor":44,"gold_loss":0},{"cards_removed":["Slice"],"damage_healed":0,"gold_gain":0,"player_choice":"Removed Attack","damage_taken":0,"max_hp_gain":0,"max_hp_loss":0,"event_name":"Falling","floor":48,"gold_loss":0}],"is_beta":false,"boss_relics":[{"not_picked":["HoveringKite","Velvet Choker"],"picked":"Lizard Tail"},{"not_picked":["Runic Dome","Orrery"],"picked":"Runic Pyramid"}],"items_purged_floors":[11],"is_endless":false,"potions_floor_spawned":[1,6,8,13,20,25,28,29,39,47],"killed_by":"Time Eater","ascension_level":1}