{"gold_per_floor":[119,119,139,314,314,314,332,360,360,373,385,385,401,47,47,146,146,163,78,55,66,80,110,122,145,225,249,261,273],"floor_reached":29,"playtime":1630,"items_purged":[],"score":284,"play_id":"14ce9c02-eb90-4fc5-a238-8d0b6031a4be","local_time":"20180926233256","is_ascension_mode":true,"campfire_choices":[{"data":"Zap","floor":6.0,"key":"SMITH"},{"data":"Multi-Cast","floor":15.0,"key":"SMITH"},{"floor":24,"key":"REST"},{"floor":28,"key":"REST"}],"neow_cost":"NONE","seed_source_timestamp":0,"circlet_count":0,"master_deck":["Strike_B","Strike_B","Strike_B","Strike_B","Defend_B","Defend_B","Defend_B","Zap+1","Dualcast","Barrage","Coolheaded","Doubt","Go for the Eyes","Multi-Cast+1","Compile Driver+1","Core Surge+1","Hologram","Cold Snap+1","Scrape+1","All For One+1","White Noise+1","Compile Driver+1","Beam Cell+1","Beam Cell+1","Go for the Eyes+1","Static Discharge+1","Cold Snap+1"],"special_seed":0,"relics":["FrozenCore","NeowsBlessing","Letter Opener","Molten Egg 2","Ice Cream","Blue Candle","Blood Vial","MawBank","Bottled Lightning"],"potions_floor_usage":[23,23],"damage_taken":[{"damage":0.0,"enemies":"Small Slimes","floor":1.0,"turns":1.0},{"damage":0.0,"enemies":"Jaw Worm","floor":3.0,"turns":1.0},{"damage":0.0,"enemies":"2 Louse","floor":7.0,"turns":1.0},{"damage":24.0,"enemies":"3 Sentries","floor":8.0,"turns":6.0},{"damage":11.0,"enemies":"Exordium Wildlife","floor":10.0,"turns":3.0},{"damage":6.0,"enemies":"Blue Slaver","floor":11.0,"turns":4.0},{"damage":3.0,"enemies":"2 Fungi Beasts","floor":13.0,"turns":3.0},{"damage":6.0,"enemies":"Slime Boss","floor":16.0,"turns":10.0},{"damage":16.0,"enemies":"Shell Parasite","floor":18.0,"turns":6.0},{"damage":27,"enemies":"2 Thieves","floor":21,"turns":4},{"damage":12,"enemies":"Snecko","floor":22,"turns":4},{"damage":12,"enemies":"Book of Stabbing","floor":23,"turns":3},{"damage":24,"enemies":"Sentry and Sphere","floor":25,"turns":4},{"damage":25,"enemies":"Shelled Parasite and Fungi","floor":27,"turns":4},{"damage":34,"enemies":"Snake Plant","floor":29,"turns":2}],"seed_played":"-1431351772558226363","potions_obtained":[{"floor":1.0,"key":"LiquidBronze"},{"floor":10.0,"key":"SpeedPotion"},{"floor":13.0,"key":"Explosive Potion"},{"floor":18,"key":"Strength Potion"},{"floor":27,"key":"AttackPotion"}],"is_trial":false,"path_per_floor":["M","?","M","?","?","R","M","E","T","M","M","T","M","$","R","B",null,"M","?","$","M","M","E","R","M","T","M","R"],"character_chosen":"DEFECT","items_purchased":["Cold Snap+1","Scrape+1","Blue Candle","Compile Driver+1"],"campfire_rested":2,"item_purchase_floors":[14,14,14,20],"current_hp_per_floor":[75,68,68,68,73,73,73,49,49,38,32,32,29,29,29,23,80,64,64,64,46,36,26,50,28,28,5,29,0],"gold":273,"neow_bonus":"THREE_ENEMY_KILL","is_prod":false,"is_daily":false,"chose_seed":false,"campfire_upgraded":2,"win_rate":0,"timestamp":1537979576,"path_taken":["M","?","M","?","?","R","M","E","T","M","?","?","M","?","R","BOSS","M","?","?","M","M","E","R","?","T","M","R","M"],"build_version":"2018-09-20","purchased_purges":0,"victory":false,"max_hp_per_floor":[75,75,75,75,80,80,80,80,80,80,80,80,80,80,80,80,80,80,80,80,80,80,80,80,80,80,80,80,80],"card_choices":[{"not_picked":["Fusion","Scrape"],"picked":"Barrage","floor":1.0},{"not_picked":["Blizzard","Gash"],"picked":"Coolheaded","floor":3.0},{"not_picked":["Heatsinks","Redo"],"picked":"Go for the Eyes","floor":7.0},{"not_picked":["Beam Cell","Force Field"],"picked":"Multi-Cast","floor":8.0},{"not_picked":["Streamline+1","Go for the Eyes+1"],"picked":"Compile Driver+1","floor":10.0},{"not_picked":["Rebound+1","Coolheaded"],"picked":"Core Surge+1","floor":11.0},{"not_picked":["Steam","Recycle"],"picked":"Hologram","floor":13.0},{"not_picked":["Reboot","Fission"],"picked":"All For One+1","floor":16.0},{"not_picked":["Beam Cell+1","Redo"],"picked":"White Noise+1","floor":18},{"not_picked":["Sweeping Beam+1","Barrage+1"],"picked":"Beam Cell+1","floor":21},{"not_picked":["Sunder+1","Reinforced Body"],"picked":"Beam Cell+1","floor":22},{"not_picked":["Steam Power","Rebound+1"],"picked":"Go for the Eyes+1","floor":23},{"not_picked":["Hologram","Thunder Strike+1"],"picked":"Static Discharge+1","floor":25},{"not_picked":["Sweeping Beam+1","Streamline+1"],"picked":"Cold Snap+1","floor":27}],"player_experience":184137,"relics_obtained":[{"floor":8.0,"key":"Letter Opener"},{"floor":9.0,"key":"Molten Egg 2"},{"floor":12.0,"key":"Ice Cream"},{"floor":23,"key":"MawBank"},{"floor":26,"key":"Bottled Lightning"}],"event_choices":[{"event_name":"Golden Wing","player_choice":"Card Removal","floor":2.0,"damage_taken":0.0},{"event_name":"Liars Game","player_choice":"agreed","floor":4.0,"damage_taken":0.0},{"event_name":"Big Fish","player_choice":"Donut","floor":5.0,"damage_taken":0.0},{"event_name":"Addict","player_choice":"Obtained Relic","floor":19,"damage_taken":0}],"is_beta":false,"boss_relics":[{"not_picked":["Inserter","Tiny House"],"picked":"FrozenCore"}],"items_purged_floors":[],"is_endless":false,"potions_floor_spawned":[1,10,13,18,27],"killed_by":"Snake Plant","ascension_level":3}