{"gold_per_floor":[119,21,36,36,46,46,75,75,75,75,75,103,119,44,44,143,143,158,158],"floor_reached":19,"playtime":1381,"items_purged":["Bash"],"score":184,"play_id":"ae5eb218-53cc-4bfc-8751-f5f994f39e57","local_time":"20181108201300","is_ascension_mode":true,"campfire_choices":[{"data":"Seeing Red","floor":6,"key":"SMITH"},{"floor":8,"key":"REST"},{"data":"Anger","floor":11,"key":"SMITH"},{"floor":15,"key":"REST"}],"neow_cost":"NONE","seed_source_timestamp":2579746425750227,"circlet_count":0,"master_deck":["Strike_R","Strike_R","Strike_R","Strike_R","Strike_R","Defend_R","Defend_R","Defend_R","Defend_R","Iron Wave","Seeing Red+1","Inflame","Anger+1","Clash","Demon Form","Infernal Blade"],"relics":["Black Star","Happy Flower","Boot","Dream Catcher","Darkstone Periapt","Ornamental Fan","Letter Opener","Runic Cube"],"potions_floor_usage":[16,16,16,19],"damage_taken":[{"damage":11,"enemies":"Jaw Worm","floor":1,"turns":4},{"damage":0,"enemies":"Cultist","floor":3,"turns":4},{"damage":2,"enemies":"2 Louse","floor":5,"turns":4},{"damage":29,"enemies":"Gremlin Nob","floor":7,"turns":5},{"damage":25,"enemies":"3 Sentries","floor":12,"turns":8},{"damage":0,"enemies":"Looter","floor":13,"turns":3},{"damage":12,"enemies":"Slime Boss","floor":16,"turns":11},{"damage":12,"enemies":"Chosen","floor":18,"turns":5},{"damage":27,"enemies":"Colosseum Slavers","floor":19,"turns":5},{"damage":50,"enemies":"Colosseum Nobs","floor":19,"turns":5}],"seed_played":"522879064374833616","potions_obtained":[{"floor":3,"key":"LiquidBronze"},{"floor":7,"key":"SpeedPotion"},{"floor":12,"key":"Ancient Potion"},{"floor":18,"key":"Weak Potion"}],"is_trial":false,"path_per_floor":["M","?","M","?","M","R","E","R","T","?","R","E","M","$","R","B",null,"M","?"],"character_chosen":"IRONCLAD","items_purchased":[],"campfire_rested":2,"item_purchase_floors":[],"current_hp_per_floor":[69,69,69,69,67,67,38,62,62,67,67,42,42,42,67,55,85,73,0],"gold":158,"neow_bonus":"BOSS_RELIC","is_prod":false,"is_daily":false,"chose_seed":false,"campfire_upgraded":2,"win_rate":0,"timestamp":1541729580,"path_taken":["M","?","?","?","M","R","E","R","T","?","R","E","M","$","R","BOSS","M","?"],"build_version":"2018-11-08","purchased_purges":1,"victory":false,"max_hp_per_floor":[80,80,80,80,80,80,80,80,80,85,85,85,85,85,85,85,85,85,85],"card_choices":[{"not_picked":["Havoc","Shrug It Off"],"picked":"Iron Wave","floor":1},{"not_picked":["Second Wind","Heavy Blade"],"picked":"Seeing Red","floor":3},{"not_picked":["Second Wind","Perfected Strike"],"picked":"Inflame","floor":5},{"not_picked":["Thunderclap","Impervious"],"picked":"Anger","floor":7},{"not_picked":["Warcry","Disarm"],"picked":"Clash","floor":8},{"not_picked":["Carnage","Clash","Burning Pact"],"picked":"SKIP","floor":12},{"not_picked":["Flex","Perfected Strike","Pommel Strike"],"picked":"SKIP","floor":13},{"not_picked":["Impervious","Fiend Fire"],"picked":"Demon Form","floor":16},{"not_picked":["Whirlwind","Perfected Strike"],"picked":"Infernal Blade","floor":18}],"player_experience":39880,"relics_obtained":[{"floor":7,"key":"Boot"},{"floor":7,"key":"Dream Catcher"},{"floor":9,"key":"Darkstone Periapt"},{"floor":12,"key":"Ornamental Fan"},{"floor":12,"key":"Letter Opener"}],"event_choices":[{"damage_healed":0,"gold_gain":0,"player_choice":"Paid Gold","damage_taken":0,"relics_obtained":["Happy Flower"],"max_hp_gain":0,"max_hp_loss":0,"event_name":"WeMeetAgain","floor":2,"gold_loss":98},{"damage_healed":0,"gold_gain":0,"player_choice":"Ignored","damage_taken":0,"max_hp_gain":0,"max_hp_loss":0,"event_name":"Liars Game","floor":4,"gold_loss":0},{"damage_healed":0,"gold_gain":0,"player_choice":"Donut","damage_taken":0,"max_hp_gain":5,"max_hp_loss":0,"event_name":"Big Fish","floor":10,"gold_loss":0},{"damage_healed":0,"gold_gain":0,"player_choice":"Fight","damage_taken":0,"max_hp_gain":0,"max_hp_loss":0,"event_name":"Colosseum","floor":19,"gold_loss":0},{"damage_healed":0,"gold_gain":0,"player_choice":"Fought Nobs","damage_taken":0,"max_hp_gain":0,"max_hp_loss":0,"event_name":"Colosseum","floor":19,"gold_loss":0}],"is_beta":false,"boss_relics":[{"not_picked":["Cursed Key","Fusion Hammer"],"picked":"Runic Cube"}],"items_purged_floors":[14],"is_endless":false,"potions_floor_spawned":[3,7,12,18,19],"killed_by":"Colosseum Nobs","ascension_level":1}