{"gold_per_floor":[112,112,112,112,112,112,37,37,37,37,65,65,80,99,99,196,196,196,196,196,196,196,196,69,69,69,69,69,69,69,69,69,69,69,69,69,69,69,69,69,69,69,69,69,69,20,20,20,20,20],"floor_reached":50,"playtime":5416,"items_purged":["Defend_R","Defend_R"],"score":523,"play_id":"05a17dd0-bb86-4bf1-9f7a-8d2ee294d6c9","local_time":"20181019030610","is_ascension_mode":false,"campfire_choices":[{"data":"Bash","floor":6,"key":"SMITH"},{"data":"Power Through","floor":8,"key":"SMITH"},{"data":"Strike_R","floor":10,"key":"SMITH"},{"data":"Flex","floor":15,"key":"SMITH"},{"data":"Pommel Strike","floor":23,"key":"SMITH"},{"data":"Pommel Strike","floor":29,"key":"SMITH"},{"floor":32,"key":"REST"},{"data":"Flex","floor":40,"key":"SMITH"},{"data":"Pommel Strike","floor":44,"key":"SMITH"},{"floor":49,"key":"REST"}],"neow_cost":"NONE","seed_source_timestamp":770691094381454,"circlet_count":0,"master_deck":["Strike_R","Strike_R+1","Strike_R+1","Strike_R+1","Defend_R+1","Defend_R+1","Bash+1","Power Through+1","Iron Wave+1","Shrug It Off","Flex+1","Thunderclap","Pommel Strike+1","Dropkick+1","Headbutt","Flex+1","Pommel Strike+1","Pommel Strike+1","Rampage+1","Headbutt+1","Iron Wave+1","Finesse","Pommel Strike+1","Disarm+1","Flex+1","Normality"],"relics":["Burning Blood","Bag of Marbles","War Paint","Whetstone","Ectoplasm","PreservedInsect","Boot","Cursed Key","Pear","Mummified Hand"],"potions_floor_usage":[27,30,33,33,41,41,45,45,47,48,50,50],"damage_taken":[{"damage":2,"enemies":"Small Slimes","floor":1,"turns":6},{"damage":26,"enemies":"3 Sentries","floor":11,"turns":10},{"damage":0,"enemies":"Cultist","floor":13,"turns":2},{"damage":0,"enemies":"Jaw Worm","floor":14,"turns":2},{"damage":47,"enemies":"Slime Boss","floor":16,"turns":13},{"damage":11,"enemies":"Spheric Guardian","floor":18,"turns":4},{"damage":3,"enemies":"Chosen","floor":20,"turns":3},{"damage":0,"enemies":"Snake Plant","floor":21,"turns":3},{"damage":21,"enemies":"Sentry and Sphere","floor":22,"turns":6},{"damage":29,"enemies":"Slavers","floor":25,"turns":5},{"damage":5,"enemies":"Snecko","floor":27,"turns":6},{"damage":0,"enemies":"Snake Plant","floor":28,"turns":2},{"damage":18,"enemies":"Shelled Parasite and Fungi","floor":30,"turns":2},{"damage":17,"enemies":"Sentry and Sphere","floor":31,"turns":4},{"damage":63,"enemies":"Automaton","floor":33,"turns":8},{"damage":2,"enemies":"Orb Walker","floor":35,"turns":3},{"damage":12,"enemies":"3 Shapes","floor":36,"turns":3},{"damage":6,"enemies":"Spire Growth","floor":37,"turns":3},{"damage":0,"enemies":"Jaw Worm Horde","floor":39,"turns":3},{"damage":29,"enemies":"Writhing Mass","floor":41,"turns":3},{"damage":0,"enemies":"Maw","floor":42,"turns":6},{"damage":23,"enemies":"Reptomancer","floor":45,"turns":4},{"damage":10,"enemies":"Sphere and 2 Shapes","floor":47,"turns":4},{"damage":37,"enemies":"Transient","floor":48,"turns":5},{"damage":48,"enemies":"Time Eater","floor":50,"turns":6}],"seed_played":"3113193206463299237","potions_obtained":[{"floor":1,"key":"SpeedPotion"},{"floor":2,"key":"Strength Potion"},{"floor":2,"key":"Regen Potion"},{"floor":16,"key":"Fire Potion"},{"floor":27,"key":"Energy Potion"},{"floor":30,"key":"Explosive Potion"},{"floor":33,"key":"Swift Potion"},{"floor":35,"key":"Ancient Potion"},{"floor":36,"key":"Energy Potion"},{"floor":41,"key":"Weak Potion"},{"floor":45,"key":"Block Potion"},{"floor":47,"key":"Fire Potion"},{"floor":48,"key":"EssenceOfSteel"}],"is_trial":false,"path_per_floor":["M","?","?","?","?","R","$","R","T","R","E","$","M","M","R","B",null,"M","?","M","M","M","R","$","E","T","M","M","R","M","M","R","B",null,"M","M","M","?","M","R","M","M","T","R","E","$","M","M","R"],"character_chosen":"IRONCLAD","items_purchased":["Flex","SteroidPotion"],"campfire_rested":2,"item_purchase_floors":[24,46],"current_hp_per_floor":[80,80,80,73,73,73,73,73,73,73,53,53,59,65,65,24,80,75,75,78,80,65,65,65,42,42,58,64,64,52,41,65,8,80,80,74,74,74,80,80,57,63,73,73,56,56,52,21,48,0],"gold":20,"neow_bonus":"TRANSFORM_CARD","is_prod":false,"is_daily":false,"chose_seed":false,"campfire_upgraded":8,"win_rate":0,"timestamp":1539943570,"path_taken":["M","?","?","?","?","R","$","R","T","R","E","?","M","M","R","BOSS","M","?","M","M","M","R","$","E","T","M","M","R","M","M","R","BOSS","M","M","M","?","M","R","M","M","T","R","E","$","M","M","R","BOSS"],"build_version":"2018-10-18","purchased_purges":2,"victory":false,"max_hp_per_floor":[80,80,80,80,80,80,80,80,80,80,80,80,80,80,80,80,80,80,80,80,80,80,80,80,80,80,80,80,80,80,80,80,80,80,80,80,80,80,80,80,80,80,90,90,90,90,90,90,90,90],"card_choices":[{"not_picked":["Sever Soul","Wild Strike"],"picked":"Iron Wave","floor":1},{"not_picked":["Sword Boomerang","Whirlwind"],"picked":"Shrug It Off","floor":11},{"not_picked":["Intimidate","Clash","Shrug It Off"],"picked":"SKIP","floor":13},{"not_picked":["Shockwave","Carnage"],"picked":"Flex","floor":14},{"not_picked":["Clothesline","Body Slam+1"],"picked":"Thunderclap","floor":18},{"not_picked":["Rupture","Armaments+1","Dual Wield"],"picked":"SKIP","floor":20},{"not_picked":["Warcry","Sever Soul"],"picked":"Dropkick+1","floor":21},{"not_picked":["Heavy Blade","Carnage"],"picked":"Headbutt","floor":22},{"not_picked":["Barricade","Body Slam+1"],"picked":"Pommel Strike","floor":25},{"not_picked":["Clash+1","True Grit"],"picked":"Pommel Strike","floor":27},{"not_picked":["Armaments","Inflame"],"picked":"Rampage+1","floor":28},{"not_picked":["Fire Breathing","Body Slam","Pommel Strike"],"picked":"SKIP","floor":30},{"not_picked":["Warcry","Body Slam","Hemokinesis"],"picked":"SKIP","floor":31},{"not_picked":["Uppercut","Rampage"],"picked":"Headbutt+1","floor":35},{"not_picked":["Shrug It Off","Bloodletting","Pommel Strike"],"picked":"SKIP","floor":36},{"not_picked":["Body Slam+1","Armaments+1"],"picked":"Iron Wave+1","floor":37},{"not_picked":["The Bomb","Forethought"],"picked":"Finesse","floor":38},{"not_picked":["Wild Strike+1","Searing Blow"],"picked":"Pommel Strike+1","floor":39},{"not_picked":["Evolve+1","Shrug It Off+1"],"picked":"Disarm+1","floor":41},{"not_picked":["Metallicize","Shrug It Off"],"picked":"Flex+1","floor":42},{"not_picked":["Seeing Red","Shrug It Off+1","Twin Strike+1"],"picked":"SKIP","floor":45},{"not_picked":["Sword Boomerang+1","Feel No Pain+1","Clothesline"],"picked":"SKIP","floor":47},{"not_picked":["Combust","Clash","Intimidate+1"],"picked":"SKIP","floor":48}],"player_experience":40916,"relics_obtained":[{"floor":9,"key":"War Paint"},{"floor":11,"key":"Whetstone"},{"floor":25,"key":"PreservedInsect"},{"floor":26,"key":"Boot"},{"floor":43,"key":"Pear"},{"floor":45,"key":"Mummified Hand"}],"event_choices":[{"damage_healed":0,"gold_gain":0,"player_choice":"Got Potions","damage_taken":0,"max_hp_gain":0,"max_hp_loss":0,"event_name":"The Lab","floor":2,"gold_loss":0},{"damage_healed":0,"gold_gain":0,"player_choice":"Box","damage_taken":0,"relics_obtained":["Bag of Marbles"],"max_hp_gain":0,"max_hp_loss":0,"event_name":"Big Fish","floor":3,"gold_loss":0,"cards_obtained":["Regret"]},{"cards_removed":["Regret"],"damage_healed":0,"gold_gain":0,"player_choice":"Card Removal","damage_taken":7,"max_hp_gain":0,"max_hp_loss":0,"event_name":"Golden Wing","floor":4,"gold_loss":0},{"damage_healed":0,"gold_gain":0,"player_choice":"Upgraded","damage_taken":0,"max_hp_gain":0,"max_hp_loss":0,"event_name":"Upgrade Shrine","floor":5,"gold_loss":0,"cards_upgraded":["Iron Wave"]},{"damage_healed":0,"gold_gain":0,"player_choice":"Read","damage_taken":0,"max_hp_gain":0,"max_hp_loss":0,"event_name":"The Library","floor":19,"gold_loss":0,"cards_obtained":["Pommel Strike"]},{"damage_healed":0,"gold_gain":0,"player_choice":"Memory 1","damage_taken":0,"max_hp_gain":0,"max_hp_loss":0,"event_name":"SensoryStone","floor":38,"gold_loss":0}],"is_beta":false,"boss_relics":[{"not_picked":["Runic Pyramid","Black Blood"],"picked":"Ectoplasm"},{"not_picked":["Orrery","Tiny House"],"picked":"Cursed Key"}],"items_purged_floors":[7,24],"is_endless":false,"potions_floor_spawned":[1,14,16,25,27,30,33,35,36,41,45,47,48],"killed_by":"Time Eater","ascension_level":0}