{"gold_per_floor":[213,232,197,1,15,15,43,43,67,84,110,185,200,200,200,200],"floor_reached":16,"playtime":811,"items_purged":[],"score":154,"play_id":"485e5441-8187-4020-8b65-6ab2b4921d89","local_time":"20190216104544","is_ascension_mode":true,"campfire_choices":[{"data":"Neutralize","floor":6.0,"key":"SMITH"},{"data":"Cloak And Dagger","floor":8.0,"key":"SMITH"},{"floor":15,"key":"REST"}],"neow_cost":"NONE","seed_source_timestamp":120380291866815,"circlet_count":0,"master_deck":["Defend_G","Defend_G","Defend_G","Defend_G","Defend_G","Strike_G","Strike_G","Strike_G","Strike_G","Survivor","Neutralize+1","Dagger Throw","Backflip","Unload","Cloak And Dagger+1","Quick Slash","Storm of Steel","Dagger Spray","Prepared"],"special_seed":0,"relics":["Ring of the Snake","Bag of Preparation","Lantern","Tough Bandages"],"potions_floor_usage":[],"damage_taken":[{"damage":3.0,"enemies":"Small Slimes","floor":1.0,"turns":6.0},{"damage":6.0,"enemies":"Jaw Worm","floor":2.0,"turns":5.0},{"damage":1.0,"enemies":"Cultist","floor":5.0,"turns":4.0},{"damage":15.0,"enemies":"Gremlin Nob","floor":7.0,"turns":4.0},{"damage":1.0,"enemies":"Red Slaver","floor":10.0,"turns":3.0},{"damage":32.0,"enemies":"Lagavulin","floor":11.0,"turns":7.0},{"damage":0,"enemies":"Looter","floor":13,"turns":2},{"damage":37,"enemies":"Slime Boss","floor":16,"turns":8}],"seed_played":"3489768639519487434","potions_obtained":[{"floor":2.0,"key":"Explosive Potion"},{"floor":10.0,"key":"SpeedPotion"}],"is_trial":false,"path_per_floor":["M","M","?","$","M","R","E","R","T","M","E","?","M","?","R","B"],"character_chosen":"THE_SILENT","items_purchased":["Unload","Poison Potion"],"campfire_rested":1,"item_purchase_floors":[4,4],"current_hp_per_floor":[60,54,70,70,69,69,54,54,54,53,21,10,10,10,31,0],"gold":200,"neow_bonus":"HUNDRED_GOLD","is_prod":false,"is_daily":false,"chose_seed":false,"campfire_upgraded":2,"win_rate":0,"timestamp":1550342744,"path_taken":["M","M","?","$","M","R","E","R","T","M","E","?","M","?","R","BOSS"],"build_version":"2019-01-23","purchased_purges":0,"victory":false,"max_hp_per_floor":[70,70,70,70,70,70,70,70,70,70,70,70,70,70,70,70],"card_choices":[{"not_picked":["Sucker Punch","Deadly Poison"],"picked":"Dagger Throw","floor":1.0},{"not_picked":["Tactician","Riddle With Holes"],"picked":"Backflip","floor":2.0},{"not_picked":["Eviscerate","Infinite Blades"],"picked":"Cloak And Dagger","floor":5.0},{"not_picked":["All Out Attack","Calculated Gamble"],"picked":"Quick Slash","floor":7.0},{"not_picked":["Crippling Poison","Deadly Poison"],"picked":"Storm of Steel","floor":10.0},{"not_picked":["Sucker Punch","Bane"],"picked":"Dagger Spray","floor":11.0},{"not_picked":["Dagger Spray","Quick Slash"],"picked":"Prepared","floor":13}],"player_experience":438038,"relics_obtained":[{"floor":7.0,"key":"Bag of Preparation"},{"floor":9.0,"key":"Lantern"},{"floor":11.0,"key":"Tough Bandages"}],"event_choices":[{"damage_healed":17.0,"max_hp_gain":0.0,"max_hp_loss":0.0,"gold_gain":0.0,"event_name":"The Cleric","player_choice":"Healed","floor":3.0,"gold_loss":35.0,"damage_taken":0.0},{"damage_healed":0.0,"max_hp_gain":0.0,"max_hp_loss":0.0,"gold_gain":75.0,"event_name":"World of Goop","player_choice":"Gather Gold","floor":12.0,"gold_loss":0.0,"damage_taken":11.0},{"cards_removed":["Strike_G"],"damage_healed":0,"gold_gain":0,"player_choice":"Purged","damage_taken":0,"max_hp_gain":0,"max_hp_loss":0,"event_name":"Purifier","floor":14,"gold_loss":0}],"is_beta":false,"boss_relics":[],"items_purged_floors":[],"is_endless":false,"potions_floor_spawned":[2,10],"killed_by":"Slime Boss","ascension_level":8}