{"gold_per_floor":[109,124,22,97,97,97,127,127,127,147,247,247,278,296,296,296],"floor_reached":16,"playtime":648,"items_purged":["Defend_R"],"score":193,"play_id":"167ab3c6-a8ef-481e-8436-b8be4e5f9dec","local_time":"20181121020339","is_ascension_mode":true,"campfire_choices":[{"data":"Bash","floor":6,"key":"SMITH"},{"floor":8,"key":"RECALL"},{"data":"Shrug It Off","floor":12,"key":"SMITH"},{"floor":15,"key":"REST"}],"neow_cost":"NONE","seed_source_timestamp":310488786121641,"circlet_count":0,"master_deck":["Strike_R","Strike_R+1","Strike_R","Strike_R","Strike_R","Defend_R","Defend_R","Defend_R+1","Bash+1","Shrug It Off+1","Shrug It Off","Intimidate","Armaments","Metallicize"],"relics":["Burning Blood","NeowsBlessing","Magic Flower","Smiling Mask"],"potions_floor_usage":[14,16,16,16],"damage_taken":[{"damage":0,"enemies":"2 Louse","floor":1,"turns":1},{"damage":0,"enemies":"Small Slimes","floor":2,"turns":1},{"damage":0,"enemies":"3 Sentries","floor":7,"turns":2},{"damage":1,"enemies":"Cultist","floor":10,"turns":3},{"damage":28,"enemies":"Gremlin Nob","floor":13,"turns":5},{"damage":19,"enemies":"Exordium Wildlife","floor":14,"turns":8},{"damage":63,"enemies":"Hexaghost","floor":16,"turns":12}],"seed_played":"-4470901509846403973","potions_obtained":[{"floor":2,"key":"SkillPotion"},{"floor":10,"key":"Weak Potion"},{"floor":13,"key":"Swift Potion"},{"floor":14,"key":"LiquidBronze"}],"is_trial":false,"path_per_floor":["M","M","$","?","?","R","E","R","T","M","?","R","E","M","R","B"],"character_chosen":"IRONCLAD","items_purchased":["Shrug It Off"],"campfire_rested":1,"item_purchase_floors":[3],"current_hp_per_floor":[78,80,80,69,53,53,59,59,59,67,67,67,48,38,62,0],"gold":296,"neow_bonus":"THREE_ENEMY_KILL","is_prod":false,"is_daily":false,"chose_seed":false,"campfire_upgraded":2,"win_rate":0,"timestamp":1542794619,"path_taken":["M","M","$","?","?","R","E","R","T","M","?","R","E","?","R","BOSS"],"build_version":"2018-11-15","purchased_purges":1,"victory":false,"max_hp_per_floor":[80,80,80,80,80,80,80,80,80,80,80,80,80,80,80,80],"card_choices":[{"not_picked":["Entrench","Iron Wave"],"picked":"Shrug It Off","floor":1},{"not_picked":["Twin Strike","Rage","Clash"],"picked":"SKIP","floor":2},{"not_picked":["Dual Wield","Clash","Cleave"],"picked":"SKIP","floor":7},{"not_picked":["Warcry","Blood for Blood"],"picked":"Intimidate","floor":10},{"not_picked":["True Grit","Cleave"],"picked":"Armaments","floor":13},{"not_picked":["Bludgeon","Fire Breathing"],"picked":"Metallicize","floor":14}],"player_experience":311055,"relics_obtained":[{"floor":7,"key":"Magic Flower"},{"floor":13,"key":"Smiling Mask"}],"event_choices":[{"damage_healed":0,"gold_gain":75,"player_choice":"Gather Gold","damage_taken":11,"max_hp_gain":0,"max_hp_loss":0,"event_name":"World of Goop","floor":4,"gold_loss":0},{"damage_healed":0,"gold_gain":0,"player_choice":"Entered Light","damage_taken":16,"max_hp_gain":0,"max_hp_loss":0,"event_name":"Shining Light","floor":5,"gold_loss":0,"cards_upgraded":["Defend_R","Strike_R"]},{"damage_healed":0,"gold_gain":100,"player_choice":"Pray","damage_taken":0,"max_hp_gain":0,"max_hp_loss":0,"event_name":"Golden Shrine","floor":11,"gold_loss":0}],"is_beta":false,"boss_relics":[],"items_purged_floors":[3],"is_endless":false,"potions_floor_spawned":[2,10,13,14],"killed_by":"Hexaghost","ascension_level":9}