{"gold_per_floor":[116,130,130,150,169,169,196,196,196,228,228,260,260,185,185,288,288,301,330,330,344,354,354,368,368,368,23,23,42,52,63,63,164,164,180,195,417,417,34,61,61,87,87,87,34,34,34,34],"floor_reached":48,"playtime":3259,"items_purged":["Strike_G","Defend_G"],"score":612,"play_id":"974df296-a727-47f2-88a6-b5cf84c04748","local_time":"20181020153510","is_ascension_mode":true,"campfire_choices":[{"data":"Poisoned Stab","floor":6,"key":"SMITH"},{"floor":8,"key":"REST"},{"floor":11,"key":"REST"},{"floor":15,"key":"REST"},{"data":"Noxious Fumes","floor":23,"key":"SMITH"},{"floor":25,"key":"REST"},{"data":"Envenom","floor":28,"key":"SMITH"},{"floor":32,"key":"REST"},{"floor":41,"key":"REST"},{"floor":44,"key":"REST"},{"floor":47,"key":"REST"}],"neow_cost":"NONE","seed_source_timestamp":904211363146457,"circlet_count":0,"master_deck":["Defend_G","Defend_G","Defend_G","Defend_G","Strike_G+1","Strike_G+1","Strike_G","Strike_G","Survivor","Neutralize","Finesse","Poisoned Stab+1","PiercingWail","Endless Agony","Prepared","Deadly Poison","Envenom+1","Noxious Fumes+1","Tactician+1","Escape Plan","Prepared","Backflip+1","Blade Dance+1","A Thousand Cuts","Envenom","Slice","Bane","Slice","Escape Plan","PiercingWail","Underhanded Strike"],"relics":["Ring of the Snake","Lantern","Torii","Pantograph","Bronze Scales","FossilizedHelix","Runic Pyramid","Red Mask","Shuriken","Ornamental Fan","WristBlade","Bottled Tornado","Ginger","Whetstone","Gremlin Horn","StoneCalendar"],"potions_floor_usage":[16,33,36,40,40,42],"damage_taken":[{"damage":0,"enemies":"2 Louse","floor":1,"turns":3},{"damage":0,"enemies":"Jaw Worm","floor":2,"turns":4},{"damage":0,"enemies":"Cultist","floor":4,"turns":3},{"damage":0,"enemies":"Blue Slaver","floor":5,"turns":3},{"damage":40,"enemies":"Gremlin Nob","floor":7,"turns":5},{"damage":27,"enemies":"Lagavulin","floor":10,"turns":6},{"damage":15,"enemies":"Gremlin Nob","floor":12,"turns":4},{"damage":12,"enemies":"Slime Boss","floor":16,"turns":9},{"damage":0,"enemies":"Chosen","floor":18,"turns":4},{"damage":31,"enemies":"Masked Bandits","floor":19,"turns":5},{"damage":0,"enemies":"3 Byrds","floor":21,"turns":4},{"damage":16,"enemies":"Shelled Parasite and Fungi","floor":22,"turns":6},{"damage":14,"enemies":"Sentry and Sphere","floor":24,"turns":6},{"damage":0,"enemies":"Centurion and Healer","floor":29,"turns":4},{"damage":17,"enemies":"Cultist and Chosen","floor":30,"turns":5},{"damage":8,"enemies":"Snake Plant","floor":31,"turns":4},{"damage":0,"enemies":"Champ","floor":33,"turns":9},{"damage":20,"enemies":"3 Shapes","floor":35,"turns":4},{"damage":0,"enemies":"Orb Walker","floor":36,"turns":3},{"damage":39,"enemies":"Nemesis","floor":40,"turns":7},{"damage":34,"enemies":"Giant Head","floor":42,"turns":8},{"damage":55,"enemies":"Spire Growth","floor":48,"turns":3}],"seed_played":"-3316152472433930351","potions_obtained":[{"floor":4,"key":"GhostInAJar"},{"floor":12,"key":"Dexterity Potion"},{"floor":21,"key":"SpeedPotion"},{"floor":24,"key":"Energy Potion"},{"floor":29,"key":"Block Potion"},{"floor":35,"key":"AttackPotion"},{"floor":36,"key":"Fruit Juice"},{"floor":42,"key":"SteroidPotion"}],"is_trial":false,"path_per_floor":["M","M","?","M","M","R","E","R","T","E","R","E","?","$","R","B",null,"M","?","?","M","M","R","M","R","T","$","R","M","M","M","R","B",null,"M","M","?","T","$","E","R","E","T","R","$","?","R"],"character_chosen":"THE_SILENT","items_purchased":["Ornamental Fan","Ginger","Slice","Escape Plan","Underhanded Strike"],"campfire_rested":8,"item_purchase_floors":[27,39,39,39,45],"current_hp_per_floor":[70,70,58,58,58,58,18,39,39,12,33,18,18,18,39,52,70,70,39,62,62,46,46,32,53,53,53,53,53,36,28,49,70,70,50,50,50,50,50,16,38,4,4,26,26,26,48,0],"gold":34,"neow_bonus":"RANDOM_COLORLESS","is_prod":false,"is_daily":false,"chose_seed":false,"campfire_upgraded":3,"win_rate":0,"timestamp":1540074910,"path_taken":["M","M","?","?","M","R","E","R","T","E","R","E","?","$","R","BOSS","M","?","?","M","?","R","M","R","T","?","R","M","M","M","R","BOSS","M","M","?","?","$","E","R","E","T","R","?","?","R","?"],"build_version":"2018-10-18","purchased_purges":2,"victory":false,"max_hp_per_floor":[70,70,70,70,70,70,70,70,70,70,70,70,70,70,70,70,70,70,70,70,70,70,70,70,70,70,70,70,70,70,70,70,70,70,70,70,70,70,70,75,75,75,75,75,75,75,75,75],"card_choices":[{"not_picked":["Dagger Throw","Leg Sweep"],"picked":"Poisoned Stab","floor":1},{"not_picked":["Cloak And Dagger","Bane"],"picked":"PiercingWail","floor":2},{"not_picked":["Slice","Caltrops"],"picked":"Endless Agony","floor":4},{"not_picked":["Caltrops","Dodge and Roll"],"picked":"Prepared","floor":5},{"not_picked":["Flying Knee","Infinite Blades"],"picked":"Deadly Poison","floor":7},{"not_picked":["Quick Slash","Cloak And Dagger"],"picked":"Envenom","floor":10},{"not_picked":["Prepared","Crippling Poison"],"picked":"Noxious Fumes","floor":12},{"not_picked":["Unload","Storm of Steel"],"picked":"Die Die Die","floor":16},{"not_picked":["Underhanded Strike","Riddle With Holes+1"],"picked":"Tactician+1","floor":18},{"not_picked":["Footwork","Leg Sweep"],"picked":"Escape Plan","floor":19},{"not_picked":["Outmaneuver+1","Distraction+1"],"picked":"Prepared","floor":21},{"not_picked":["Bouncing Flask","Quick Slash","Outmaneuver"],"picked":"SKIP","floor":22},{"not_picked":["Choke","Dash"],"picked":"Backflip+1","floor":24},{"not_picked":["Expertise","Distraction"],"picked":"Blade Dance+1","floor":29},{"not_picked":["All Out Attack+1","Deadly Poison+1","Leg Sweep"],"picked":"SKIP","floor":30},{"not_picked":["Blade Dance+1","Acrobatics"],"picked":"A Thousand Cuts","floor":31},{"not_picked":["Die Die Die","Glass Knife"],"picked":"Envenom","floor":33},{"not_picked":["Well Laid Plans+1","Heel Hook+1"],"picked":"Slice","floor":35},{"not_picked":["Riddle With Holes","Blur"],"picked":"Bane","floor":36},{"not_picked":["Acrobatics+1","Caltrops"],"picked":"PiercingWail","floor":40},{"not_picked":["Masterful Stab","Glass Knife","All Out Attack+1"],"picked":"SKIP","floor":42}],"player_experience":67020,"relics_obtained":[{"floor":7,"key":"Torii"},{"floor":9,"key":"Pantograph"},{"floor":10,"key":"Bronze Scales"},{"floor":12,"key":"FossilizedHelix"},{"floor":19,"key":"Red Mask"},{"floor":26,"key":"Shuriken"},{"floor":38,"key":"Bottled Tornado"},{"floor":40,"key":"Whetstone"},{"floor":42,"key":"Gremlin Horn"},{"floor":43,"key":"StoneCalendar"}],"event_choices":[{"damage_healed":0,"gold_gain":0,"player_choice":"Success","damage_taken":12,"relics_obtained":["Lantern"],"max_hp_gain":0,"max_hp_loss":0,"event_name":"Scrap Ooze","floor":3,"gold_loss":0},{"damage_healed":0,"gold_gain":0,"player_choice":"Ignored","damage_taken":0,"max_hp_gain":0,"max_hp_loss":0,"event_name":"Golden Idol","floor":13,"gold_loss":0},{"damage_healed":0,"gold_gain":0,"player_choice":"Fought Bandits","damage_taken":0,"max_hp_gain":0,"max_hp_loss":0,"event_name":"Masked Bandits","floor":19,"gold_loss":0},{"damage_healed":23,"gold_gain":0,"player_choice":"Heal","damage_taken":0,"max_hp_gain":0,"max_hp_loss":0,"event_name":"The Library","floor":20,"gold_loss":0},{"damage_healed":0,"gold_gain":222,"player_choice":"Wore Mask","damage_taken":0,"max_hp_gain":0,"max_hp_loss":0,"event_name":"Tomb of Lord Red Mask","floor":37,"gold_loss":0},{"cards_removed":["Die Die Die"],"damage_healed":0,"gold_gain":0,"player_choice":"Removed Attack","damage_taken":0,"max_hp_gain":0,"max_hp_loss":0,"event_name":"Falling","floor":46,"gold_loss":0}],"is_beta":false,"boss_relics":[{"not_picked":["Black Star","Philosopher\u0027s Stone"],"picked":"Runic Pyramid"},{"not_picked":["White Beast Statue","Orrery"],"picked":"WristBlade"}],"items_purged_floors":[14,27],"is_endless":false,"potions_floor_spawned":[4,12,21,24,29,30,35,36,42],"killed_by":"Spire Growth","ascension_level":2}