{"gold_per_floor":[362,362,373,385,235,235,264,264,288,315,315,315,69,144,144,241,241,255,255,170,190,289,289,300,300,300,328,92,106,117,127,127,232,232,248,62,62,76,76,76,76,76,147,147,147,147,158,2,2,2],"floor_reached":51,"playtime":5766,"items_purged":["Injury"],"score":729,"play_id":"bcd59cc2-bcd7-47be-b5b7-2c937b4544d4","local_time":"20180916231542","is_ascension_mode":true,"campfire_choices":[{"data":"Defragment","floor":6,"key":"SMITH"},{"data":"Consume","floor":8,"key":"SMITH"},{"data":"Conserve Battery","floor":11,"key":"SMITH"},{"floor":15,"key":"REST"},{"floor":23,"key":"REST"},{"floor":25,"key":"REST"},{"floor":32,"key":"REST"},{"floor":40,"key":"REST"},{"data":"Rainbow","floor":45,"key":"SMITH"},{"data":"Reinforced Body","floor":49,"key":"SMITH"}],"neow_cost":"CURSE","seed_source_timestamp":50100437015531,"circlet_count":0,"master_deck":["Strike_B","Strike_B+1","Defend_B","Defend_B","Defend_B","Defend_B","Zap","Dualcast+1","Ball Lightning","Leap+1","Cold Snap","Defragment+1","Consume+1","Conserve Battery+1","Redo","Defragment+1","Core Surge","Defragment+1","Go for the Eyes+1","Ball Lightning+1","Chaos","Capacitor","Coolheaded","Reinforced Body+1","Redo+1","Coolheaded","Creative AI","Redo+1","Self Repair","Rainbow+1","Enlightenment","Hologram"],"relics":["Cracked Core","Juzu Bracelet","Pen Nib","Thread and Needle","DollysMirror","Philosopher\u0027s Stone","Vajra","Peace Pipe","Kunai","Anchor","Velvet Choker","Dead Branch","Bottled Lightning","Orichalcum"],"potions_floor_usage":[7,10,16,24,27,33,47],"damage_taken":[{"damage":2,"enemies":"Small Slimes","floor":1,"turns":3},{"damage":2,"enemies":"2 Louse","floor":3,"turns":2},{"damage":1,"enemies":"Jaw Worm","floor":4,"turns":2},{"damage":6,"enemies":"Lagavulin","floor":7,"turns":5},{"damage":4,"enemies":"3 Sentries","floor":10,"turns":6},{"damage":13,"enemies":"Hexaghost","floor":16,"turns":8},{"damage":55,"enemies":"3 Byrds","floor":18,"turns":4},{"damage":0,"enemies":"Chosen","floor":21,"turns":3},{"damage":24,"enemies":"3 Cultists","floor":24,"turns":5},{"damage":13,"enemies":"Book of Stabbing","floor":27,"turns":4},{"damage":0,"enemies":"Sentry and Sphere","floor":29,"turns":4},{"damage":0,"enemies":"Centurion and Healer","floor":30,"turns":6},{"damage":0,"enemies":"Snecko","floor":31,"turns":4},{"damage":0,"enemies":"Champ","floor":33,"turns":11},{"damage":0,"enemies":"Orb Walker","floor":35,"turns":5},{"damage":47,"enemies":"3 Darklings","floor":38,"turns":5},{"damage":0,"enemies":"Mind Bloom Boss Battle","floor":41,"turns":5},{"damage":13,"enemies":"Maw","floor":47,"turns":8},{"damage":7,"enemies":"Time Eater","floor":50,"turns":9}],"seed_played":"-5034514382422913524","potions_obtained":[{"floor":1,"key":"PowerPotion"},{"floor":4,"key":"Ancient Potion"},{"floor":10,"key":"Regen Potion"},{"floor":18,"key":"AttackPotion"},{"floor":21,"key":"Block Potion"},{"floor":30,"key":"SneckoOil"},{"floor":31,"key":"SkillPotion"},{"floor":41,"key":"SpeedPotion"}],"is_trial":false,"path_per_floor":["M","?","M","M","$","R","E","R","T","E","R","?","$","?","R","B",null,"M","?","?","M","?","R","M","R","T","E","$","M","M","M","R","B",null,"M","$","?","M","$","R","?","?","T","?","R","?","M","$","R","B"],"character_chosen":"DEFECT","items_purchased":["Defragment","Redo","DollysMirror","Capacitor","Coolheaded","Anchor","Self Repair","Rainbow","Orichalcum"],"campfire_rested":5,"item_purchase_floors":[5,13,13,28,28,28,36,36,48],"current_hp_per_floor":[73,73,71,70,70,70,64,64,64,60,60,45,45,34,56,58,75,20,20,20,20,20,42,18,40,40,27,27,27,27,27,49,49,75,75,75,75,35,35,57,64,64,64,64,64,64,58,58,58,58],"gold":2,"neow_bonus":"TWO_FIFTY_GOLD","is_prod":false,"is_daily":false,"chose_seed":false,"campfire_upgraded":5,"win_rate":0,"timestamp":1537164942,"path_taken":["M","?","?","M","$","R","E","R","T","E","R","?","$","?","R","BOSS","M","?","?","M","?","R","M","R","T","E","$","M","M","M","R","BOSS","M","$","?","M","$","R","?","?","T","?","R","?","M","$","R","BOSS"],"build_version":"2018-09-06","purchased_purges":1,"victory":true,"max_hp_per_floor":[75,75,75,75,75,75,75,75,75,75,75,75,75,75,75,75,75,75,75,75,75,75,75,75,75,75,75,75,75,75,75,75,75,75,75,75,75,75,75,75,75,75,75,75,75,75,75,75,75,75],"card_choices":[{"not_picked":["Leap","Stack"],"picked":"Ball Lightning","floor":1},{"not_picked":["Rebound","Turbo"],"picked":"Leap","floor":3},{"not_picked":["Leap","Static Discharge"],"picked":"Cold Snap","floor":4},{"not_picked":["Streamline","Rebound"],"picked":"Consume","floor":7},{"not_picked":["Machine Learning","Compile Driver"],"picked":"Conserve Battery","floor":10},{"not_picked":["Fission","Amplify"],"picked":"Core Surge","floor":16},{"not_picked":["Stack","Gash","Aggregate+1"],"picked":"SKIP","floor":18},{"not_picked":["Conserve Battery","Sweeping Beam+1"],"picked":"Go for the Eyes+1","floor":21},{"not_picked":["Redo","Leap+1"],"picked":"Ball Lightning+1","floor":24},{"not_picked":["Undo","Leap"],"picked":"Chaos","floor":27},{"not_picked":["Coolheaded","Ball Lightning"],"picked":"Reinforced Body","floor":29},{"not_picked":["Rip and Tear+1","Double Energy"],"picked":"Redo+1","floor":30},{"not_picked":["Hyperbeam","Defragment"],"picked":"Coolheaded","floor":31},{"not_picked":["All For One","Amplify"],"picked":"Creative AI","floor":33},{"not_picked":["Gash+1","Cold Snap"],"picked":"Redo+1","floor":35},{"not_picked":["Thinking Ahead","HandOfGreed"],"picked":"Enlightenment","floor":37},{"not_picked":["Redo","Capacitor","Go for the Eyes+1"],"picked":"SKIP","floor":38},{"not_picked":["Stack+1","Sweeping Beam"],"picked":"Hologram","floor":47}],"player_experience":198281,"relics_obtained":[{"floor":7,"key":"Juzu Bracelet"},{"floor":9,"key":"Pen Nib"},{"floor":10,"key":"Thread and Needle"},{"floor":26,"key":"Peace Pipe"},{"floor":27,"key":"Kunai"},{"floor":41,"key":"Dead Branch"},{"floor":43,"key":"Bottled Lightning"}],"event_choices":[{"event_name":"Living Wall","player_choice":"Grow","floor":2,"damage_taken":0},{"event_name":"Shining Light","player_choice":"Entered Light","floor":12,"damage_taken":0},{"event_name":"World of Goop","player_choice":"Gather Gold","floor":14,"damage_taken":0},{"event_name":"Duplicator","player_choice":"One dupe","floor":19,"damage_taken":0},{"event_name":"Addict","player_choice":"Obtained Relic","floor":20,"damage_taken":0},{"event_name":"Nest","player_choice":"Stole From Cult","floor":22,"damage_taken":0},{"event_name":"SensoryStone","player_choice":"Memory 1","floor":37,"damage_taken":0},{"event_name":"MindBloom","player_choice":"Fight","floor":41,"damage_taken":0},{"event_name":"Falling","player_choice":"Removed Attack","floor":42,"damage_taken":0},{"event_name":"Tomb of Lord Red Mask","player_choice":"Ignored","floor":44,"damage_taken":0},{"event_name":"Bonfire Elementals","player_choice":"BASIC","floor":46,"damage_taken":0}],"is_beta":false,"boss_relics":[{"not_picked":["Empty Cage","Ectoplasm"],"picked":"Philosopher\u0027s Stone"},{"not_picked":["Coffee Dripper","Calling Bell"],"picked":"Velvet Choker"}],"items_purged_floors":[5],"is_endless":false,"potions_floor_spawned":[1,4,10,18,21,30,31,41],"ascension_level":1}