{"gold_per_floor":[114,126,45,45,58,58,91,91,91,91,91,104,104,29,29,125,125,139,156,170,182,197,197,213,223,246,246,273,273,373,298,298,402,402,422,440,206,220,520,520,122,122,122,133,133,133,143,160,160,160,160,160,56,81,81],"floor_reached":55,"playtime":6118,"items_purged":["Pain"],"score":696,"play_id":"556211c6-9cda-449a-a080-603c3d426788","local_time":"20190212173216","is_ascension_mode":true,"campfire_choices":[{"data":"Intimidate","floor":6.0,"key":"SMITH"},{"data":"Perfected Strike","floor":8.0,"key":"SMITH"},{"floor":11.0,"key":"REST"},{"data":"True Grit","floor":15.0,"key":"SMITH"},{"data":"Immolate","floor":23.0,"key":"SMITH"},{"floor":29.0,"key":"REST"},{"data":"Dual Wield","floor":32.0,"key":"SMITH"},{"data":"Armaments","floor":40.0,"key":"SMITH"},{"data":"Apotheosis","floor":42.0,"key":"SMITH"},{"floor":45.0,"key":"RECALL"},{"data":"Double Tap","floor":49.0,"key":"SMITH"},{"data":"Power Through","floor":52.0,"key":"SMITH"}],"neow_cost":"NONE","seed_source_timestamp":0,"circlet_count":0,"master_deck":["Strike_R","Strike_R","Strike_R","Strike_R","Strike_R","Defend_R","Defend_R","Defend_R+1","Defend_R","Perfected Strike+1","Intimidate+1","Dual Wield+1","Shrug It Off+1","Perfected Strike+1","True Grit+1","Immolate+1","Seeing Red+1","Pommel Strike","Perfected Strike+1","Pommel Strike","Necronomicurse","Power Through+1","Double Tap+1","Burning Pact+1","Apotheosis+1","Armaments+1","Shockwave+1","Perfected Strike","Armaments+1","Headbutt"],"special_seed":0,"relics":["Burning Blood","Dream Catcher","Dodecahedron","Mango","WarpedTongs","Philosopher\u0027s Stone","Oddly Smooth Stone","Necronomicon","Bronze Scales","Bird Faced Urn","Pantograph","Mark of Pain","War Paint","Medical Kit","Blue Candle","Boot"],"potions_floor_usage":[55,55,55],"damage_taken":[{"damage":0.0,"enemies":"Small Slimes","floor":1.0,"turns":3.0},{"damage":2.0,"enemies":"2 Louse","floor":2.0,"turns":2.0},{"damage":6.0,"enemies":"Jaw Worm","floor":5.0,"turns":3.0},{"damage":24.0,"enemies":"Gremlin Nob","floor":7.0,"turns":4.0},{"damage":0.0,"enemies":"2 Fungi Beasts","floor":12.0,"turns":2.0},{"damage":20.0,"enemies":"The Guardian","floor":16.0,"turns":8.0},{"damage":12.0,"enemies":"2 Thieves","floor":18.0,"turns":3.0},{"damage":3.0,"enemies":"Chosen","floor":19.0,"turns":4.0},{"damage":13.0,"enemies":"Shelled Parasite and Fungi","floor":20.0,"turns":3.0},{"damage":16.0,"enemies":"3 Cultists","floor":21.0,"turns":4.0},{"damage":0.0,"enemies":"Snake Plant","floor":22.0,"turns":1.0},{"damage":32.0,"enemies":"Centurion and Healer","floor":24.0,"turns":5.0},{"damage":1.0,"enemies":"Snecko","floor":25.0,"turns":3.0},{"damage":8.0,"enemies":"Slavers","floor":28.0,"turns":2.0},{"damage":0.0,"enemies":"Colosseum Slavers","floor":30.0,"turns":2.0},{"damage":0.0,"enemies":"Colosseum Nobs","floor":30.0,"turns":2.0},{"damage":4.0,"enemies":"Champ","floor":33.0,"turns":5.0},{"damage":0.0,"enemies":"Orb Walker","floor":35.0,"turns":1.0},{"damage":6.0,"enemies":"3 Darklings","floor":36.0,"turns":3.0},{"damage":0.0,"enemies":"Transient","floor":38.0,"turns":5.0},{"damage":0.0,"enemies":"Spire Growth","floor":44.0,"turns":2.0},{"damage":0.0,"enemies":"Sphere and 2 Shapes","floor":47.0,"turns":3.0},{"damage":0.0,"enemies":"3 Darklings","floor":48.0,"turns":3.0},{"damage":67.0,"enemies":"Awakened One","floor":50.0,"turns":8.0},{"damage":27.0,"enemies":"Shield and Spear","floor":54.0,"turns":3.0},{"damage":116,"enemies":"The Heart","floor":55,"turns":5}],"seed_played":"-6643603686128789633","potions_obtained":[{"floor":5.0,"key":"Energy Potion"},{"floor":7.0,"key":"Swift Potion"},{"floor":12.0,"key":"Block Potion"},{"floor":20.0,"key":"AttackPotion"},{"floor":21.0,"key":"Fire Potion"},{"floor":22.0,"key":"Dexterity Potion"},{"floor":24.0,"key":"GamblersBrew"},{"floor":33.0,"key":"Strength Potion"},{"floor":35.0,"key":"Poison Potion"},{"floor":38.0,"key":"GamblersBrew"},{"floor":44.0,"key":"Swift Potion"},{"floor":54.0,"key":"LiquidBronze"}],"is_trial":false,"path_per_floor":["M","M","$","?","M","R","E","R","T","?","R","M","?","$","R","B",null,"M","M","M","M","M","R","M","M","T","?","E","R","?","?","R","B",null,"M","M","$","M","?","R","$","R","T","M","R","$","M","M","R","B",null,"R","$","E","B"],"character_chosen":"IRONCLAD","items_purchased":["Dual Wield","Apotheosis","Armaments","War Paint","Medical Kit","Perfected Strike","Headbutt","Swift Potion"],"campfire_rested":2,"item_purchase_floors":[3,37,37,41,41,41,53,53],"current_hp_per_floor":[80,80,80,80,80,80,62,62,62,43,71,77,77,77,77,63,94,88,91,84,74,80,80,54,59,59,43,41,69,81,81,81,94,94,94,94,94,94,94,94,94,94,94,94,94,94,94,94,94,33,94,94,94,73,0],"gold":81,"neow_bonus":"RANDOM_COMMON_RELIC","is_prod":false,"is_daily":false,"chose_seed":false,"campfire_upgraded":9,"win_rate":0,"timestamp":1549989136,"path_taken":["M","M","$","?","M","R","E","R","T","?","R","?","?","?","R","BOSS","M","?","M","M","M","R","M","M","T","?","E","R","?","?","R","BOSS","M","M","$","M","?","R","?","R","T","M","R","$","M","M","R","BOSS","R","$","E","BOSS"],"build_version":"2019-01-23","purchased_purges":1,"victory":false,"max_hp_per_floor":[80,80,80,80,80,80,80,80,80,94,94,94,94,94,94,94,94,94,94,94,94,94,94,94,94,94,94,94,94,94,94,94,94,94,94,94,94,94,94,94,94,94,94,94,94,94,94,94,94,94,94,94,94,94,94],"card_choices":[{"not_picked":["True Grit","Seeing Red"],"picked":"Perfected Strike","floor":1.0},{"not_picked":["Clothesline","Sever Soul"],"picked":"Intimidate","floor":2.0},{"not_picked":["Cleave","Entrench"],"picked":"Shrug It Off","floor":5.0},{"not_picked":["Exhume","Metallicize"],"picked":"Perfected Strike","floor":7.0},{"not_picked":["Thunderclap","Anger"],"picked":"True Grit","floor":12.0},{"not_picked":["Offering","Barricade"],"picked":"Immolate","floor":16.0},{"not_picked":["Havoc","Flame Barrier","Burning Pact"],"picked":"SKIP","floor":18.0},{"not_picked":["Cleave","True Grit"],"picked":"Seeing Red+1","floor":19.0},{"not_picked":["Burning Pact+1","Seeing Red","Iron Wave+1"],"picked":"SKIP","floor":20.0},{"not_picked":["Clothesline","Clash","Pummel"],"picked":"SKIP","floor":21.0},{"not_picked":["Cleave","Perfected Strike"],"picked":"Pommel Strike","floor":22.0},{"not_picked":["Twin Strike","Havoc"],"picked":"Perfected Strike+1","floor":24.0},{"not_picked":["Body Slam","Havoc"],"picked":"Pommel Strike","floor":25.0},{"not_picked":["Havoc","Second Wind+1"],"picked":"Power Through","floor":28.0},{"not_picked":["Bludgeon","Juggernaut"],"picked":"Double Tap","floor":33.0},{"not_picked":["Clothesline","Clash+1"],"picked":"Burning Pact+1","floor":35.0},{"not_picked":["Second Wind","True Grit+1","Feel No Pain"],"picked":"SKIP","floor":36.0},{"not_picked":["Iron Wave+1","Bloodletting"],"picked":"Shockwave+1","floor":38.0},{"not_picked":["True Grit","Heavy Blade+1","Barricade"],"picked":"SKIP","floor":44.0},{"not_picked":["Clothesline+1","Dropkick","Sword Boomerang+1"],"picked":"SKIP","floor":47.0},{"not_picked":["Anger","Sword Boomerang"],"picked":"Armaments+1","floor":48.0},{"not_picked":["Cleave","Rampage+1","Body Slam+1"],"picked":"SKIP","floor":54.0}],"player_experience":161185,"relics_obtained":[{"floor":7.0,"key":"Dodecahedron"},{"floor":26.0,"key":"Oddly Smooth Stone"},{"floor":27.0,"key":"Necronomicon"},{"floor":28.0,"key":"Bronze Scales"},{"floor":30.0,"key":"Bird Faced Urn"},{"floor":30.0,"key":"Pantograph"},{"floor":43.0,"key":"Blue Candle"},{"floor":54.0,"key":"Boot"}],"event_choices":[{"damage_healed":0.0,"max_hp_gain":0.0,"max_hp_loss":0.0,"gold_gain":0.0,"event_name":"Living Wall","player_choice":"Grow","floor":4.0,"gold_loss":0.0,"damage_taken":0.0,"cards_upgraded":["Perfected Strike"]},{"damage_healed":0.0,"max_hp_gain":0.0,"max_hp_loss":0.0,"gold_gain":0.0,"event_name":"Scrap Ooze","player_choice":"Success","floor":10.0,"gold_loss":0.0,"damage_taken":33.0,"relics_obtained":["Mango"]},{"damage_healed":0.0,"max_hp_gain":0.0,"max_hp_loss":0.0,"gold_gain":0.0,"event_name":"Accursed Blacksmith","player_choice":"Rummage","floor":13.0,"gold_loss":0.0,"damage_taken":0.0,"relics_obtained":["WarpedTongs"],"cards_obtained":["Pain"]},{"damage_healed":0.0,"max_hp_gain":0.0,"max_hp_loss":0.0,"gold_gain":0.0,"event_name":"Cursed Tome","player_choice":"Obtained Book","floor":27.0,"gold_loss":0.0,"damage_taken":16.0},{"damage_healed":0.0,"max_hp_gain":0.0,"max_hp_loss":0.0,"gold_gain":0.0,"event_name":"Colosseum","player_choice":"Fight","floor":30.0,"gold_loss":0.0,"damage_taken":0.0},{"damage_healed":0.0,"max_hp_gain":0.0,"max_hp_loss":0.0,"gold_gain":0.0,"event_name":"Colosseum","player_choice":"Fought Nobs","floor":30.0,"gold_loss":0.0,"damage_taken":0.0},{"cards_removed":["Bash"],"damage_healed":0.0,"max_hp_gain":0.0,"max_hp_loss":0.0,"gold_gain":0.0,"event_name":"Beggar","player_choice":"Gave Gold","floor":31.0,"gold_loss":75.0,"damage_taken":0.0},{"damage_healed":0.0,"max_hp_gain":0.0,"max_hp_loss":0.0,"gold_gain":300.0,"event_name":"Wheel of Change","player_choice":"Gold","floor":39.0,"gold_loss":0.0,"damage_taken":0.0}],"is_beta":false,"boss_relics":[{"not_picked":["Empty Cage","Fusion Hammer"],"picked":"Philosopher\u0027s Stone"},{"not_picked":["White Beast Statue","Runic Cube"],"picked":"Mark of Pain"}],"items_purged_floors":[14],"is_endless":false,"potions_floor_spawned":[5,7,12,20,21,22,24,33,35,38,44,48,54],"killed_by":"The Heart","ascension_level":1}