{"path_per_floor":["M","?","M","?","M","R","$","E","T","M","?","E","M","M","R","B",null,"M","M","?","?","?","R","M","R","T","R","$","E","M","M","R"],"character_chosen":"DEFECT","items_purchased":["Juzu Bracelet","Coolheaded","Chaos","Gambling Chip"],"gold_per_floor":[414,414,437,437,452,452,169,213,213,234,234,275,298,322,322,446,446,459,473,473,473,523,523,543,543,594,594,129,165,189,204,204,204],"floor_reached":33,"campfire_rested":3,"playtime":2165,"current_hp_per_floor":[37,37,29,29,29,29,29,22,22,15,15,10,9,4,24,19,69,44,38,38,38,38,38,24,44,44,44,44,28,13,6,26,0],"items_purged":["Strike_B","Defend_B"],"gold":204,"score":277,"play_id":"18382cfb-c84c-450f-9828-ed54fc74a8ea","local_time":"20180428200747","is_prod":false,"is_daily":false,"chose_seed":false,"is_ascension_mode":false,"campfire_upgraded":3,"timestamp":1524917267,"path_taken":["M","?","?","?","M","R","$","E","T","M","?","E","M","M","R","BOSS","M","M","?","?","?","R","M","R","T","R","$","E","M","M","R","BOSS"],"build_version":"2018-04-27v3","seed_source_timestamp":293644150278385,"purchased_purges":3,"victory":false,"master_deck":["Strike_B","Strike_B","Strike_B","Defend_B+1","Defend_B+1","Zap","Dualcast","Go for the Eyes","Leap","Prime+1","Rebound","Coolheaded","Static Discharge+1","Cold Snap","Impulse","Defragment","Creative AI+1","Conserve Battery","Defragment","Ball Lightning","Chaos","Blizzard","Hologram+1","Capacitor"],"max_hp_per_floor":[75,69,69,69,69,69,69,69,69,69,69,69,69,69,69,69,69,69,69,69,69,69,69,69,69,69,69,69,69,69,69,69,69],"relics":["Cracked Core","Old Coin","Golden Idol","Juzu Bracelet","Mummified Hand","Bronze Scales","War Paint","White Beast Statue","Ancient Tea Set","Gambling Chip","Ornamental Fan"],"card_choices":[{"not_picked":["Beam Cell","Aggregate"],"picked":"Go for the Eyes","floor":1},{"not_picked":["Buffer","Impulse"],"picked":"Leap","floor":3},{"not_picked":["Scrape","Prime"],"picked":"Rebound","floor":5},{"not_picked":["Impulse","Hologram"],"picked":"Static Discharge","floor":8},{"not_picked":["Skim","Rip and Tear"],"picked":"Cold Snap","floor":10},{"not_picked":["Leap","Coolheaded"],"picked":"Impulse","floor":12},{"not_picked":["Reinforced Body","Glacier"],"picked":"Defragment","floor":13},{"not_picked":["All For One","Multi-Cast"],"picked":"Creative AI","floor":16},{"not_picked":["Rip and Tear","Hologram"],"picked":"Conserve Battery","floor":19},{"not_picked":["Skim","Reprogram"],"picked":"Ball Lightning","floor":24},{"not_picked":["Rainbow","Streamline"],"picked":"Blizzard","floor":29},{"not_picked":["Cold Snap","Steam Power"],"picked":"Hologram","floor":30},{"not_picked":["Chill","Beam Cell"],"picked":"Capacitor","floor":31}],"player_experience":8872,"potions_floor_usage":[24,29,31,33],"damage_taken":[{"damage":1,"enemies":"Jaw Worm","floor":1,"turns":5},{"damage":8,"enemies":"Small Slimes","floor":3,"turns":4},{"damage":0,"enemies":"2 Louse","floor":5,"turns":3},{"damage":7,"enemies":"Lagavulin","floor":8,"turns":9},{"damage":7,"enemies":"Gremlin Gang","floor":10,"turns":3},{"damage":5,"enemies":"3 Sentries","floor":12,"turns":6},{"damage":1,"enemies":"3 Louse","floor":13,"turns":2},{"damage":5,"enemies":"Looter","floor":14,"turns":2},{"damage":5,"enemies":"The Guardian","floor":16,"turns":14},{"damage":25,"enemies":"2 Thieves","floor":18,"turns":4},{"damage":6,"enemies":"3 Byrds","floor":19,"turns":3},{"damage":26,"enemies":"Cultist and Chosen","floor":24,"turns":8},{"damage":25,"enemies":"Book of Stabbing","floor":29,"turns":4},{"damage":15,"enemies":"3 Cultists","floor":30,"turns":5},{"damage":7,"enemies":"Centurion and Healer","floor":31,"turns":6},{"damage":38,"enemies":"Collector","floor":33,"turns":3}],"event_choices":[{"event_name":"Golden Idol","player_choice":"Lose Max HP","floor":2,"damage_taken":0},{"event_name":"Living Wall","player_choice":"Change","floor":4,"damage_taken":0},{"event_name":"Scrap Ooze","player_choice":"unsuccessful","floor":11,"damage_taken":0},{"event_name":"Vampires","player_choice":"Ignored","floor":20,"damage_taken":0},{"event_name":"Duplicator","player_choice":"One dupe","floor":21,"damage_taken":0},{"event_name":"The Joust","player_choice":"Bet on Murderer","floor":22,"damage_taken":0}],"boss_relics":[{"not_picked":["Lizard Tail","Velvet Choker"],"picked":"White Beast Statue"}],"potions_floor_spawned":[3,12,13,16,18,19,24,29,30,31],"seed_played":"-7489631424613243627","killed_by":"Collector","ascension_level":0,"is_trial":false}