{"gold_per_floor":[110,27,102,118,136,136,136,154,227,242,53,72,85,85,85,189,189,201,191,4,4,19,19,38,38,62,62,79,79,79,79,79,177,177,194,194,214,232,248,248,123,123,123,141,154,188,0,18,18,18],"floor_reached":51,"playtime":5258,"items_purged":["Bash","Strike_R","Injury"],"score":904,"play_id":"1333e9db-52af-459d-8066-8f9756e143b3","local_time":"20190225223558","is_ascension_mode":true,"campfire_choices":[{"data":"Body Slam","floor":6.0,"key":"SMITH"},{"data":"Good Instincts","floor":15.0,"key":"SMITH"},{"data":"Barricade","floor":23.0,"key":"SMITH"},{"data":"Finesse","floor":25.0,"key":"SMITH"},{"data":"Ghostly Armor","floor":27,"key":"SMITH"},{"data":"Shrug It Off","floor":29,"key":"SMITH"},{"data":"Shrug It Off","floor":32,"key":"SMITH"},{"data":"True Grit","floor":40,"key":"SMITH"},{"data":"Impatience","floor":42,"key":"SMITH"},{"data":"Defend_R","floor":49,"key":"SMITH"}],"neow_cost":"NONE","seed_source_timestamp":0,"circlet_count":0,"master_deck":["Defend_R","Defend_R","Defend_R","Defend_R+1","Good Instincts+1","Battle Trance+1","Body Slam+1","Iron Wave","Ghostly Armor+1","Impatience+1","Shrug It Off+1","Shrug It Off+1","Barricade+1","Finesse+1","Shrug It Off+1","Bite","Bite","Bite","Impervious","True Grit+1"],"special_seed":0,"relics":["Burning Blood","Oddly Smooth Stone","Gremlin Horn","Philosopher\u0027s Stone","Bottled Lightning","Empty Cage","Shuriken","Vajra","Red Mask"],"potions_floor_usage":[39,46,50],"damage_taken":[{"damage":1.0,"enemies":"2 Louse","floor":1.0,"turns":3.0},{"damage":0.0,"enemies":"Cultist","floor":4.0,"turns":3.0},{"damage":3.0,"enemies":"Jaw Worm","floor":5.0,"turns":7.0},{"damage":5.0,"enemies":"Looter","floor":8.0,"turns":3.0},{"damage":2.0,"enemies":"Red Slaver","floor":10.0,"turns":4.0},{"damage":0.0,"enemies":"Gremlin Gang","floor":12.0,"turns":5.0},{"damage":0.0,"enemies":"Large Slime","floor":13.0,"turns":4.0},{"damage":6.0,"enemies":"The Guardian","floor":16.0,"turns":16.0},{"damage":12.0,"enemies":"Spheric Guardian","floor":18.0,"turns":7.0},{"damage":6.0,"enemies":"2 Thieves","floor":19.0,"turns":4.0},{"damage":35.0,"enemies":"Snake Plant","floor":22.0,"turns":7.0},{"damage":0.0,"enemies":"Sentry and Sphere","floor":24.0,"turns":10.0},{"damage":0,"enemies":"Cultist and Chosen","floor":28,"turns":7},{"damage":14,"enemies":"Automaton","floor":33,"turns":15},{"damage":0,"enemies":"Orb Walker","floor":35,"turns":6},{"damage":10,"enemies":"3 Darklings","floor":37,"turns":12},{"damage":0,"enemies":"4 Shapes","floor":38,"turns":47},{"damage":0,"enemies":"Spire Growth","floor":39,"turns":6},{"damage":0,"enemies":"Sphere and 2 Shapes","floor":44,"turns":6},{"damage":0,"enemies":"4 Shapes","floor":45,"turns":5},{"damage":0,"enemies":"Giant Head","floor":46,"turns":6},{"damage":8,"enemies":"3 Darklings","floor":48,"turns":7},{"damage":0,"enemies":"Time Eater","floor":50,"turns":13}],"seed_played":"2669024767125729525","potions_obtained":[{"floor":1.0,"key":"AttackPotion"},{"floor":8.0,"key":"FearPotion"},{"floor":12.0,"key":"Dexterity Potion"},{"floor":16.0,"key":"Regen Potion"},{"floor":22.0,"key":"SpeedPotion"},{"floor":24.0,"key":"BloodPotion"},{"floor":33,"key":"Energy Potion"},{"floor":35,"key":"Regen Potion"},{"floor":39,"key":"Fruit Juice"},{"floor":46,"key":"EssenceOfSteel"},{"floor":48,"key":"BloodPotion"}],"is_trial":false,"path_per_floor":["?","M","?","M","$","T","?","?","M","M","?"],"character_chosen":"IRONCLAD","items_purchased":["Good Instincts","Impatience","Shrug It Off","Finesse"],"campfire_rested":0,"item_purchase_floors":[2,11,11,20],"current_hp_per_floor":[80,80,72,78,80,80,80,80,80,80,80,80,80,80,80,80,80,74,74,74,74,45,45,66,66,66,66,74,74,74,74,74,80,80,80,80,80,80,85,85,85,85,85,85,85,85,85,85,85,85],"gold":18,"neow_bonus":"RANDOM_COMMON_RELIC","is_prod":false,"is_daily":false,"chose_seed":false,"campfire_upgraded":10,"win_rate":0,"timestamp":1551130558,"path_taken":["M","$","?","?","M","R","?","M","T","?","$","M","M","?","R","BOSS","M","M","$","?","M","R","M","R","T","R","M","R","?","$","R","BOSS","M","?","?","M","M","R","$","R","T","M","?","E","?","M","R","BOSS"],"build_version":"2019-01-23","purchased_purges":3,"victory":true,"max_hp_per_floor":[80,80,80,80,80,80,80,80,80,80,80,80,80,80,80,80,80,80,80,80,80,80,80,80,80,80,80,80,80,80,80,80,80,80,80,80,80,80,85,85,85,85,85,85,85,85,85,85,85,85],"card_choices":[{"not_picked":["Shockwave","Thunderclap","Pommel Strike"],"picked":"SKIP","floor":1.0},{"not_picked":["True Grit","Sword Boomerang"],"picked":"Battle Trance","floor":4.0},{"not_picked":["Rupture","Perfected Strike"],"picked":"Body Slam","floor":5.0},{"not_picked":["Body Slam","Flex"],"picked":"Ghostly Armor","floor":8.0},{"not_picked":["Clothesline","Hemokinesis","Perfected Strike"],"picked":"SKIP","floor":10.0},{"not_picked":["Anger","Sword Boomerang"],"picked":"Shrug It Off","floor":12.0},{"not_picked":["Perfected Strike","Clash","Thunderclap"],"picked":"SKIP","floor":13.0},{"not_picked":["Juggernaut","Fiend Fire"],"picked":"Barricade","floor":16.0},{"not_picked":["Sword Boomerang+1","Heavy Blade","Fire Breathing"],"picked":"SKIP","floor":18.0},{"not_picked":["Whirlwind","Burning Pact","Cleave"],"picked":"SKIP","floor":19.0},{"not_picked":["Shrug It Off","Flame Barrier","Exhume"],"picked":"SKIP","floor":22.0},{"not_picked":["Pummel","Whirlwind+1","Twin Strike+1"],"picked":"SKIP","floor":24.0},{"not_picked":["Spot Weakness","Clothesline"],"picked":"Shrug It Off+1","floor":28},{"not_picked":["Demon Form","Feed"],"picked":"Impervious","floor":33},{"not_picked":["Havoc+1","Ghostly Armor","Wild Strike"],"picked":"SKIP","floor":35},{"not_picked":["Flex+1","Headbutt+1","Armaments+1"],"picked":"SKIP","floor":37},{"not_picked":["Blood for Blood","Shrug It Off"],"picked":"True Grit","floor":38},{"not_picked":["Dropkick","Dark Embrace","Havoc"],"picked":"SKIP","floor":39},{"not_picked":["Seeing Red","Flame Barrier+1","Iron Wave"],"picked":"SKIP","floor":44},{"not_picked":["Seeing Red","Flame Barrier+1","Iron Wave"],"picked":"SKIP","floor":44},{"not_picked":["Anger","Twin Strike","Havoc+1"],"picked":"SKIP","floor":45},{"not_picked":["Sever Soul","Shrug It Off","Whirlwind"],"picked":"SKIP","floor":46},{"not_picked":["Seeing Red","Flex+1","Wild Strike"],"picked":"SKIP","floor":48}],"player_experience":218384,"relics_obtained":[{"floor":9.0,"key":"Gremlin Horn"},{"floor":21.0,"key":"Bottled Lightning"},{"floor":26.0,"key":"Blood Vial"},{"floor":43,"key":"Shuriken"},{"floor":46,"key":"Vajra"}],"event_choices":[{"damage_healed":0.0,"max_hp_gain":0.0,"max_hp_loss":0.0,"gold_gain":75.0,"event_name":"FaceTrader","player_choice":"Touch","floor":3.0,"gold_loss":0.0,"damage_taken":8.0},{"damage_healed":0.0,"max_hp_gain":0.0,"max_hp_loss":0.0,"gold_gain":0.0,"event_name":"Match and Keep!","player_choice":"2 cards matched","floor":7.0,"gold_loss":0.0,"damage_taken":0.0,"cards_obtained":["Injury","Iron Wave"]},{"damage_healed":0,"gold_gain":0,"player_choice":"Became a vampire (Vial)","damage_taken":0,"max_hp_gain":0,"max_hp_loss":0,"event_name":"Vampires","floor":30,"relics_lost":["Blood Vial"],"gold_loss":0,"cards_obtained":["Bite","Bite","Bite","Bite","Bite"]},{"damage_healed":0,"gold_gain":0,"player_choice":"Upgraded","damage_taken":0,"max_hp_gain":0,"max_hp_loss":0,"event_name":"Upgrade Shrine","floor":36,"gold_loss":0,"cards_upgraded":["Battle Trance"]},{"damage_healed":0,"gold_gain":0,"player_choice":"Paid","damage_taken":0,"relics_obtained":["Red Mask"],"max_hp_gain":0,"max_hp_loss":0,"event_name":"Tomb of Lord Red Mask","floor":47,"gold_loss":188}],"is_beta":false,"boss_relics":[{"not_picked":["Eternal Feather","Lizard Tail"],"picked":"Philosopher\u0027s Stone"},{"not_picked":["Mark of Pain","Astrolabe"],"picked":"Empty Cage"}],"items_purged_floors":[11,20,41],"is_endless":false,"potions_floor_spawned":[1,8,12,16,22,24,33,35,38,39,46,48],"ascension_level":5}