{"gold_per_floor":[111,36,53,73,6,6,16,16,16,29,29,49,49,60,60,60],"floor_reached":16,"playtime":1762,"items_purged":["Strike_G"],"score":94,"play_id":"bad43742-819d-4c66-a8a2-fd59b7d6c7b4","local_time":"20180731161620","is_ascension_mode":false,"campfire_choices":[{"floor":6,"key":"REST"},{"floor":11,"key":"REST"},{"floor":15,"key":"REST"}],"neow_cost":"FIFTY_PERCENT_DAMAGE","seed_source_timestamp":372439095120159,"circlet_count":0,"master_deck":["Defend_G+1","Defend_G","Defend_G","Defend_G","Defend_G","Strike_G+1","Survivor","Neutralize","Underhanded Strike","Deadly Poison","Sucker Punch","Well Laid Plans","Expertise","Endless Agony","Bane","Flying Knee"],"relics":["Ring of the Snake","Mummified Hand"],"potions_floor_usage":[16],"damage_taken":[{"damage":0,"enemies":"2 Louse","floor":1,"turns":5},{"damage":0,"enemies":"Small Slimes","floor":3,"turns":3},{"damage":1,"enemies":"Cultist","floor":4,"turns":4},{"damage":4,"enemies":"Blue Slaver","floor":7,"turns":4},{"damage":10,"enemies":"Exordium Wildlife","floor":10,"turns":7},{"damage":21,"enemies":"Gremlin Gang","floor":12,"turns":7},{"damage":9,"enemies":"2 Fungi Beasts","floor":14,"turns":3},{"damage":43,"enemies":"The Guardian","floor":16,"turns":9}],"seed_played":"5340849589376545272","potions_obtained":[{"floor":3,"key":"Poison Potion"}],"is_trial":false,"path_per_floor":["M","$","M","M","$","R","M","?","T","M","R","M","?","M","R"],"character_chosen":"THE_SILENT","items_purchased":["Well Laid Plans"],"campfire_rested":3,"item_purchase_floors":[5],"current_hp_per_floor":[35,35,35,34,34,55,51,37,37,27,48,27,27,18,39,0],"gold":60,"neow_bonus":"REMOVE_TWO","is_prod":false,"is_daily":false,"chose_seed":false,"campfire_upgraded":0,"win_rate":0.0,"timestamp":1533078980,"path_taken":["M","$","M","M","$","R","M","?","T","M","R","?","?","?","R","BOSS"],"build_version":"2018-07-26","purchased_purges":1,"victory":false,"max_hp_per_floor":[70,70,70,70,70,70,70,70,70,70,70,70,70,70,70,70],"card_choices":[{"not_picked":["Calculated Gamble","Prepared"],"picked":"Underhanded Strike","floor":1},{"not_picked":["Crippling Poison","Masterful Stab"],"picked":"Deadly Poison","floor":3},{"not_picked":["Flying Knee","Dodge and Roll"],"picked":"Sucker Punch","floor":4},{"not_picked":["Infinite Blades","Choke"],"picked":"Expertise","floor":7},{"not_picked":["Blade Dance","Riddle With Holes"],"picked":"Endless Agony","floor":10},{"not_picked":["Endless Agony","Outmaneuver"],"picked":"Bane","floor":12},{"not_picked":["Quick Slash","Slice"],"picked":"Flying Knee","floor":14}],"player_experience":15926,"relics_obtained":[{"floor":9,"key":"Mummified Hand"}],"event_choices":[{"event_name":"Shining Light","player_choice":"Entered Light","floor":8,"damage_taken":0},{"event_name":"Living Wall","player_choice":"Forget","floor":13,"damage_taken":0}],"is_beta":false,"boss_relics":[],"items_purged_floors":[2],"is_endless":false,"potions_floor_spawned":[1,3],"killed_by":"The Guardian","ascension_level":0}