{"gold_per_floor":[115,115,167,178,57,57,68,68,68,86,86,116,116,151,151,255,255,273,273,188,188,199,214,247,13,13,13,27,27,27],"floor_reached":30,"playtime":1047,"items_purged":[],"score":459,"play_id":"d3225296-53c9-43f1-8d50-8c72a3eca3a6","local_time":"20190224075042","is_ascension_mode":true,"campfire_choices":[{"data":"True Grit","floor":6,"key":"SMITH"},{"data":"True Grit","floor":8,"key":"SMITH"},{"data":"Immolate","floor":11,"key":"SMITH"},{"floor":13,"key":"RECALL"},{"floor":15,"key":"REST"},{"floor":29,"key":"REST"}],"neow_cost":"NONE","seed_source_timestamp":178869147006613,"circlet_count":0,"master_deck":["AscendersBane","Strike_R","Strike_R+1","Strike_R","Strike_R","Strike_R","Defend_R","Defend_R","Defend_R+1","Defend_R","Bash","Immolate+1","Entrench","Headbutt","Offering","True Grit+1","True Grit+1","Warcry","Body Slam","Barricade","Armaments+1","Warcry","Decay","Pommel Strike+1","Iron Wave+1","Burning Pact"],"relics":["Burning Blood","Singing Bowl","Blue Candle","Mercury Hourglass","Mark of Pain","Molten Egg 2","Frozen Egg 2","ClockworkSouvenir","Turnip"],"potions_floor_usage":[12,14,14,16,24,24,24],"damage_taken":[{"damage":3,"enemies":"Small Slimes","floor":1,"turns":2},{"damage":0,"enemies":"2 Louse","floor":4,"turns":1},{"damage":6,"enemies":"Jaw Worm","floor":7,"turns":3},{"damage":4,"enemies":"Blue Slaver","floor":10,"turns":3},{"damage":11,"enemies":"3 Sentries","floor":12,"turns":3},{"damage":37,"enemies":"Lagavulin","floor":14,"turns":5},{"damage":6,"enemies":"Slime Boss","floor":16,"turns":6},{"damage":20,"enemies":"2 Thieves","floor":18,"turns":3},{"damage":5,"enemies":"Chosen","floor":22,"turns":3},{"damage":11,"enemies":"Centurion and Healer","floor":23,"turns":7},{"damage":47,"enemies":"Book of Stabbing","floor":24,"turns":7},{"damage":20,"enemies":"Snake Plant","floor":28,"turns":3},{"damage":38,"enemies":"Slavers","floor":30,"turns":3}],"seed_played":"6464738555328205438","potions_obtained":[{"floor":4,"key":"FearPotion"},{"floor":7,"key":"GamblersBrew"},{"floor":12,"key":"PowerPotion"},{"floor":14,"key":"Poison Potion"},{"floor":18,"key":"SkillPotion"},{"floor":22,"key":"Weak Potion"},{"floor":23,"key":"Weak Potion"}],"is_trial":false,"path_per_floor":["M","?","?","M","$","R","M","R","T","M","R","E","R","E","R","B",null,"M","?","?","?","M","M","E","$","T","?","M","R","E"],"character_chosen":"IRONCLAD","items_purchased":["Offering","True Grit","Iron Wave+1","ClockworkSouvenir"],"campfire_rested":2,"item_purchase_floors":[5,5,25,25],"current_hp_per_floor":[75,59,59,65,65,65,65,65,65,67,67,64,64,33,57,57,76,62,62,62,62,63,60,21,21,21,21,7,32,0],"gold":27,"neow_bonus":"ONE_RANDOM_RARE_CARD","is_prod":false,"is_daily":false,"chose_seed":false,"campfire_upgraded":3,"win_rate":0,"timestamp":1550962242,"path_taken":["M","?","?","M","$","R","M","R","T","M","R","E","R","E","R","BOSS","M","?","?","?","?","M","E","?","T","?","M","R","E"],"build_version":"2019-01-23","purchased_purges":0,"victory":false,"max_hp_per_floor":[80,80,80,80,80,80,80,80,80,80,80,82,82,82,82,82,82,82,82,82,82,82,84,86,86,86,86,86,86,86],"card_choices":[{"not_picked":["Wild Strike","Iron Wave"],"picked":"Entrench","floor":1},{"not_picked":["Bloodletting","Perfected Strike"],"picked":"Headbutt","floor":4},{"not_picked":["Second Wind","Anger"],"picked":"True Grit","floor":7},{"not_picked":["Berserk","Rage"],"picked":"Warcry","floor":10},{"not_picked":["Thunderclap","Entrench","Twin Strike"],"picked":"Singing Bowl","floor":12},{"not_picked":["Sword Boomerang","Thunderclap"],"picked":"Body Slam","floor":14},{"not_picked":["Exhume","Reaper"],"picked":"Barricade","floor":16},{"not_picked":["Cleave","Anger+1"],"picked":"Armaments+1","floor":18},{"not_picked":["Clash+1","Perfected Strike+1"],"picked":"Pommel Strike+1","floor":22},{"not_picked":["Clash+1","Havoc","Flex"],"picked":"Singing Bowl","floor":23},{"not_picked":["Twin Strike+1","Barricade","Thunderclap+1"],"picked":"Singing Bowl","floor":24},{"not_picked":["Sword Boomerang+1","Headbutt+1"],"picked":"Burning Pact","floor":28}],"player_experience":74630,"relics_obtained":[{"floor":9,"key":"Singing Bowl"},{"floor":12,"key":"Blue Candle"},{"floor":14,"key":"Mercury Hourglass"},{"floor":24,"key":"Frozen Egg 2"},{"floor":26,"key":"Turnip"}],"event_choices":[{"damage_healed":0,"gold_gain":0,"player_choice":"Entered Light","damage_taken":16,"max_hp_gain":0,"max_hp_loss":0,"event_name":"Shining Light","floor":2,"gold_loss":0,"cards_upgraded":["Strike_R","Defend_R"]},{"damage_healed":0,"gold_gain":52,"player_choice":"Gained Gold","damage_taken":0,"max_hp_gain":0,"max_hp_loss":0,"event_name":"Golden Wing","floor":3,"gold_loss":0},{"damage_healed":0,"gold_gain":0,"player_choice":"Read","damage_taken":0,"max_hp_gain":0,"max_hp_loss":0,"event_name":"The Library","floor":19,"gold_loss":0,"cards_obtained":["Warcry"]},{"damage_healed":0,"gold_gain":0,"player_choice":"Obtained Relic","damage_taken":0,"relics_obtained":["Molten Egg 2"],"max_hp_gain":0,"max_hp_loss":0,"event_name":"Addict","floor":20,"gold_loss":85},{"damage_healed":0,"gold_gain":0,"player_choice":"Smashed Altar","damage_taken":0,"max_hp_gain":0,"max_hp_loss":0,"event_name":"Forgotten Altar","floor":21,"gold_loss":0,"cards_obtained":["Decay"]},{"damage_healed":0,"gold_gain":0,"player_choice":"Ignored","damage_taken":0,"max_hp_gain":0,"max_hp_loss":0,"event_name":"Ghosts","floor":27,"gold_loss":0}],"is_beta":false,"boss_relics":[{"not_picked":["Pandora\u0027s Box","Busted Crown"],"picked":"Mark of Pain"}],"items_purged_floors":[],"is_endless":false,"potions_floor_spawned":[4,7,12,14,18,22,23],"killed_by":"Slavers","ascension_level":10}