{"gold_per_floor":[115,40,40,50,66,66,80,30,53,53,67,67,67,167,167,270,270,290,305,316,22,22,22,41,41,41,41,70,70,70,40,40,139,139,156,175,189,203,219,219,232,232,232,259,272,134,148,163,163,163,163,163,5,37,37],"floor_reached":55,"playtime":2183,"items_purged":["Strike_R","Strike_R"],"score":761,"play_id":"61753069-70cc-4c89-872f-77302e9b504e","local_time":"20190209174917","is_ascension_mode":false,"campfire_choices":[{"data":"Searing Blow+1","floor":6,"key":"SMITH"},{"data":"Searing Blow+2","floor":13,"key":"SMITH"},{"data":"Searing Blow+3","floor":15,"key":"SMITH"},{"data":"Searing Blow+4","floor":23,"key":"SMITH"},{"data":"Searing Blow+5","floor":27,"key":"SMITH"},{"data":"Searing Blow+6","floor":29,"key":"SMITH"},{"data":"Searing Blow+7","floor":32,"key":"SMITH"},{"data":"Searing Blow+8","floor":40,"key":"SMITH"},{"floor":42,"key":"REST"},{"floor":49,"key":"RECALL"},{"data":"Searing Blow+9","floor":52,"key":"SMITH"}],"neow_cost":"NONE","seed_source_timestamp":1915398124221752,"circlet_count":0,"master_deck":["Strike_R+1","Strike_R+1","Defend_R","Defend_R+1","Defend_R","Defend_R","Bash","Searing Blow+10","Double Tap","Battle Trance+1"],"relics":["Black Blood","Whetstone","Philosopher\u0027s Stone","Turnip","Oddly Smooth Stone","The Courier","Gremlin Horn","War Paint","Bag of Preparation"],"potions_floor_usage":[24,28,28,36,36,44,44,50,55,55],"damage_taken":[{"damage":5,"enemies":"Cultist","floor":1,"turns":4},{"damage":4,"enemies":"2 Louse","floor":4,"turns":3},{"damage":9,"enemies":"Jaw Worm","floor":5,"turns":4},{"damage":2,"enemies":"Looter","floor":7,"turns":5},{"damage":11,"enemies":"Gremlin Gang","floor":11,"turns":5},{"damage":0,"enemies":"Slime Boss","floor":16,"turns":7},{"damage":2,"enemies":"Chosen","floor":18,"turns":3},{"damage":13,"enemies":"2 Thieves","floor":19,"turns":4},{"damage":2,"enemies":"Chosen and Byrds","floor":20,"turns":4},{"damage":5,"enemies":"3 Cultists","floor":24,"turns":5},{"damage":7,"enemies":"Gremlin Leader","floor":28,"turns":4},{"damage":23,"enemies":"Collector","floor":33,"turns":3},{"damage":4,"enemies":"Orb Walker","floor":35,"turns":2},{"damage":25,"enemies":"3 Darklings","floor":36,"turns":5},{"damage":17,"enemies":"Maw","floor":37,"turns":5},{"damage":24,"enemies":"Jaw Worm Horde","floor":38,"turns":5},{"damage":5,"enemies":"Spire Growth","floor":39,"turns":3},{"damage":19,"enemies":"4 Shapes","floor":41,"turns":7},{"damage":28,"enemies":"Nemesis","floor":44,"turns":5},{"damage":2,"enemies":"3 Darklings","floor":45,"turns":6},{"damage":0,"enemies":"Spire Growth","floor":47,"turns":2},{"damage":9,"enemies":"4 Shapes","floor":48,"turns":4},{"damage":76,"enemies":"Donu and Deca","floor":50,"turns":6},{"damage":0,"enemies":"Shield and Spear","floor":54,"turns":2},{"damage":98,"enemies":"The Heart","floor":55,"turns":3}],"seed_played":"1626493931663206085","potions_obtained":[{"floor":1,"key":"LiquidBronze"},{"floor":16,"key":"EssenceOfSteel"},{"floor":19,"key":"Block Potion"},{"floor":20,"key":"SpeedPotion"},{"floor":22,"key":"Energy Potion"},{"floor":31,"key":"Regen Potion"},{"floor":31,"key":"Explosive Potion"},{"floor":35,"key":"PowerPotion"},{"floor":38,"key":"PowerPotion"},{"floor":47,"key":"FairyPotion"},{"floor":48,"key":"Regen Potion"}],"is_trial":false,"path_per_floor":["$","?","M","?","?","M","$","?","M","?","?","M","$"],"character_chosen":"IRONCLAD","items_purchased":["Turnip","Regen Potion","War Paint","PowerPotion"],"campfire_rested":1,"item_purchase_floors":[21,46,53,53],"current_hp_per_floor":[80,80,80,80,77,77,80,80,80,80,75,75,75,75,75,80,80,80,73,77,77,77,77,78,78,78,78,77,77,77,77,77,60,80,80,74,67,53,58,58,49,73,73,55,63,63,73,74,74,20,80,80,80,80,0],"gold":37,"neow_bonus":"THREE_CARDS","is_prod":false,"is_daily":false,"chose_seed":false,"campfire_upgraded":9,"win_rate":0,"timestamp":1549730957,"path_taken":["M","?","?","M","M","R","?","?","T","$","M","$","R","?","R","BOSS","M","?","M","?","?","R","?","$","T","R","E","R","?","?","R","BOSS","M","M","M","M","?","R","M","R","T","E","M","?","M","M","R","BOSS","R","$","E","BOSS"],"build_version":"2019-01-23","purchased_purges":2,"victory":false,"max_hp_per_floor":[80,80,80,80,80,80,80,80,80,80,80,80,80,80,80,80,80,80,80,80,80,80,80,80,80,80,80,80,80,80,80,80,80,80,80,80,80,80,80,80,80,80,80,80,80,80,80,80,80,80,80,80,80,80,80],"card_choices":[{"not_picked":["Combust","Clash"],"picked":"Searing Blow","floor":1},{"not_picked":["Wild Strike","Cleave","Thunderclap"],"picked":"SKIP","floor":4},{"not_picked":["Reckless Charge","True Grit","Wild Strike"],"picked":"SKIP","floor":5},{"not_picked":["Juggernaut","Blood for Blood","Shockwave"],"picked":"SKIP","floor":7},{"not_picked":["Thunderclap","Warcry","Wild Strike"],"picked":"SKIP","floor":11},{"not_picked":["Bludgeon","Juggernaut"],"picked":"Double Tap","floor":16},{"not_picked":["Spot Weakness","True Grit","Iron Wave"],"picked":"SKIP","floor":18},{"not_picked":["Clothesline","Clash+1","Thunderclap"],"picked":"SKIP","floor":19},{"not_picked":["Combust","Perfected Strike","Carnage"],"picked":"SKIP","floor":20},{"not_picked":["Headbutt","Thunderclap+1","Clash"],"picked":"SKIP","floor":24},{"not_picked":["Iron Wave+1","Searing Blow","Perfected Strike+1"],"picked":"SKIP","floor":28},{"not_picked":["Wild Strike+1","Hemokinesis+1","Cleave"],"picked":"SKIP","floor":35},{"not_picked":["Intimidate","Flex+1","Perfected Strike+1"],"picked":"SKIP","floor":36},{"not_picked":["Shrug It Off","Thunderclap","Infernal Blade"],"picked":"SKIP","floor":37},{"not_picked":["Body Slam","Corruption","Flame Barrier"],"picked":"SKIP","floor":38},{"not_picked":["Sword Boomerang","Whirlwind","Warcry+1"],"picked":"SKIP","floor":39},{"not_picked":["Juggernaut","Shrug It Off","Clothesline"],"picked":"SKIP","floor":41},{"not_picked":["Inflame","Shrug It Off+1","Wild Strike+1"],"picked":"SKIP","floor":44},{"not_picked":["Burning Pact","Clash","True Grit+1"],"picked":"SKIP","floor":45},{"not_picked":["Headbutt+1","Havoc","Sentinel+1"],"picked":"SKIP","floor":47},{"not_picked":["Twin Strike+1","Shrug It Off+1"],"picked":"Battle Trance","floor":48},{"not_picked":["Havoc","Fire Breathing+1","Thunderclap"],"picked":"SKIP","floor":54}],"player_experience":152720,"relics_obtained":[{"floor":9,"key":"Whetstone"},{"floor":28,"key":"Oddly Smooth Stone"},{"floor":43,"key":"The Courier"},{"floor":44,"key":"Gremlin Horn"},{"floor":54,"key":"Bag of Preparation"}],"event_choices":[{"damage_healed":0,"gold_gain":0,"player_choice":"Upgraded","damage_taken":0,"max_hp_gain":0,"max_hp_loss":0,"event_name":"Upgrade Shrine","floor":3,"gold_loss":0,"cards_upgraded":["Searing Blow"]},{"cards_removed":["Strike_R"],"damage_healed":0,"gold_gain":0,"player_choice":"Card Removal","damage_taken":0,"max_hp_gain":0,"max_hp_loss":0,"event_name":"The Cleric","floor":8,"gold_loss":50},{"damage_healed":0,"gold_gain":100,"player_choice":"Pray","damage_taken":0,"max_hp_gain":0,"max_hp_loss":0,"event_name":"Golden Shrine","floor":14,"gold_loss":0},{"damage_healed":0,"gold_gain":0,"player_choice":"Got Potions","damage_taken":0,"max_hp_gain":0,"max_hp_loss":0,"event_name":"Lab","floor":22,"gold_loss":0},{"damage_healed":0,"gold_gain":0,"player_choice":"Ignored","damage_taken":0,"max_hp_gain":0,"max_hp_loss":0,"event_name":"The Mausoleum","floor":30,"gold_loss":0},{"damage_healed":0,"gold_gain":0,"player_choice":"Bought 2 Potions","damage_taken":0,"max_hp_gain":0,"max_hp_loss":0,"event_name":"The Woman in Blue","floor":31,"gold_loss":0}],"is_beta":false,"boss_relics":[{"not_picked":["Black Star","Runic Cube"],"picked":"Philosopher\u0027s Stone"},{"not_picked":["Mark of Pain","Fusion Hammer"],"picked":"Black Blood"}],"items_purged_floors":[2,46],"is_endless":false,"potions_floor_spawned":[1,16,19,20,35,38,47,48],"killed_by":"The Heart","ascension_level":0}