{"gold_per_floor":[114,289,389,11,28,54,54,54,54,54,79,79,79,92,92,213,213,237,257,382,18,18,18,43,62,86,86,36,76,92,106,106,225,225,244,269,71,71,86,124,124,139,139,182,55,76,139,183,183,183,183,183,20,55,55],"floor_reached":55,"playtime":6045,"items_purged":["Doubt","Strike_R","Strike_R+1","Strike_R+1","Strike_R+1","Strike_R+1"],"score":1189,"play_id":"6bc6875e-ff89-48b0-8f11-35c2e5c143c6","local_time":"20190302000248","is_ascension_mode":true,"campfire_choices":[{"data":"Body Slam","floor":8.0,"key":"SMITH"},{"data":"Shrug It Off","floor":10.0,"key":"SMITH"},{"data":"Shrug It Off","floor":12.0,"key":"SMITH"},{"data":"Bash","floor":15.0,"key":"SMITH"},{"data":"Shrug It Off","floor":23.0,"key":"SMITH"},{"data":"Barricade","floor":32.0,"key":"SMITH"},{"data":"Berserk","floor":41.0,"key":"SMITH"},{"floor":49.0,"key":"RECALL"},{"data":"Demon Form","floor":52.0,"key":"SMITH"}],"neow_cost":"NONE","seed_source_timestamp":0,"circlet_count":0,"master_deck":["Defend_R+1","Defend_R+1","Defend_R+1","Defend_R+1","Bash+1","Shrug It Off+1","Shrug It Off+1","Body Slam+1","Battle Trance","Demon Form+1","Shrug It Off+1","Burning Pact","Feel No Pain","Barricade+1","Berserk+1","True Grit+1","Warcry+1","Warcry+1","Seeing Red+1","Metallicize"],"special_seed":0,"relics":["Burning Blood","NeowsBlessing","Membership Card","Art of War","Nunchaku","Golden Idol","Bronze Scales","Smiling Mask","Runic Pyramid","Charon\u0027s Ashes","Mercury Hourglass","Matryoshka","Incense Burner","Ancient Tea Set","Vajra","Busted Crown","Pen Nib","PreservedInsect","Pantograph","Letter Opener","Mummified Hand","Juzu Bracelet","Orichalcum","FossilizedHelix","Bag of Marbles","Strawberry","Bottled Flame"],"potions_floor_usage":[],"damage_taken":[{"damage":0.0,"enemies":"2 Louse","floor":1.0,"turns":1.0},{"damage":0.0,"enemies":"Cultist","floor":5.0,"turns":1.0},{"damage":0.0,"enemies":"3 Sentries","floor":6.0,"turns":2.0},{"damage":0.0,"enemies":"Jaw Worm","floor":11.0,"turns":3.0},{"damage":0.0,"enemies":"2 Fungi Beasts","floor":14.0,"turns":3.0},{"damage":21.0,"enemies":"The Guardian","floor":16.0,"turns":13.0},{"damage":5.0,"enemies":"3 Byrds","floor":18.0,"turns":3.0},{"damage":7.0,"enemies":"Chosen","floor":19.0,"turns":5.0},{"damage":20.0,"enemies":"Colosseum Slavers","floor":20.0,"turns":6.0},{"damage":7.0,"enemies":"Colosseum Nobs","floor":20.0,"turns":5.0},{"damage":2.0,"enemies":"Centurion and Healer","floor":24.0,"turns":7.0},{"damage":21.0,"enemies":"Snake Plant","floor":25.0,"turns":3.0},{"damage":6.0,"enemies":"Gremlin Leader","floor":29.0,"turns":7.0},{"damage":0.0,"enemies":"Sentry and Sphere","floor":30.0,"turns":5.0},{"damage":3.0,"enemies":"3 Cultists","floor":31.0,"turns":5.0},{"damage":13.0,"enemies":"Collector","floor":33.0,"turns":6.0},{"damage":0.0,"enemies":"Orb Walker","floor":35.0,"turns":4.0},{"damage":0.0,"enemies":"3 Shapes","floor":36.0,"turns":4.0},{"damage":0.0,"enemies":"Sphere and 2 Shapes","floor":39.0,"turns":56.0},{"damage":11.0,"enemies":"Reptomancer","floor":40.0,"turns":5.0},{"damage":0.0,"enemies":"Transient","floor":42.0,"turns":5.0},{"damage":0.0,"enemies":"Giant Head","floor":44.0,"turns":5.0},{"damage":0.0,"enemies":"4 Shapes","floor":46.0,"turns":3.0},{"damage":3.0,"enemies":"2 Orb Walkers","floor":47.0,"turns":4.0},{"damage":0.0,"enemies":"Reptomancer","floor":48.0,"turns":3.0},{"damage":22.0,"enemies":"Donu and Deca","floor":50.0,"turns":7.0},{"damage":45.0,"enemies":"Shield and Spear","floor":54.0,"turns":4.0},{"damage":76,"enemies":"The Heart","floor":55,"turns":3}],"seed_played":"495974269104972988","potions_obtained":[{"floor":6.0,"key":"Explosive Potion"},{"floor":14.0,"key":"Fire Potion"},{"floor":16.0,"key":"Poison Potion"},{"floor":20.0,"key":"PowerPotion"},{"floor":24.0,"key":"Regen Potion"},{"floor":29.0,"key":"SteroidPotion"},{"floor":30.0,"key":"EssenceOfSteel"},{"floor":33.0,"key":"Fire Potion"},{"floor":39.0,"key":"FearPotion"},{"floor":48.0,"key":"SteroidPotion"}],"is_trial":false,"path_per_floor":["?","?","M","?","?","?","?","?","?","?"],"character_chosen":"IRONCLAD","items_purchased":["Membership Card","Art of War","Shrug It Off","Burning Pact","Matryoshka","Incense Burner","Pen Nib","PreservedInsect","Orichalcum","Metallicize","Strawberry"],"campfire_rested":0,"item_purchase_floors":[4,4,4,21,21,21,37,37,45,53,53],"current_hp_per_floor":[78,78,78,78,80,80,60,60,60,60,66,66,63,69,69,54,74,75,74,59,59,59,59,63,57,57,57,57,57,63,66,66,59,75,80,80,80,80,80,75,75,80,80,80,80,80,80,80,80,64,76,76,83,44,0],"gold":55,"neow_bonus":"THREE_ENEMY_KILL","is_prod":false,"is_daily":false,"chose_seed":false,"campfire_upgraded":8,"win_rate":0,"timestamp":1551481368,"path_taken":["M","?","?","$","?","E","?","R","T","R","M","R","?","M","R","BOSS","M","M","?","$","?","R","M","M","T","?","$","E","M","M","R","BOSS","M","M","$","?","M","E","R","M","T","E","$","M","?","E","R","BOSS","R","$","E","BOSS"],"build_version":"2019-01-23","purchased_purges":6,"victory":false,"max_hp_per_floor":[80,80,80,80,80,80,80,80,80,80,80,80,80,80,80,80,80,80,80,80,80,80,80,80,80,80,80,80,80,80,80,80,80,80,80,80,80,80,80,80,80,80,80,80,80,80,80,80,80,80,80,80,87,87,87],"card_choices":[{"not_picked":["Armaments","Flex"],"picked":"Shrug It Off","floor":1.0},{"not_picked":["Searing Blow","Pommel Strike","Clothesline"],"picked":"SKIP","floor":5.0},{"not_picked":["Power Through","Fire Breathing"],"picked":"Body Slam","floor":6.0},{"not_picked":["Carnage","Cleave","Spot Weakness"],"picked":"SKIP","floor":11.0},{"not_picked":["Flame Barrier","Clothesline"],"picked":"Battle Trance","floor":14.0},{"not_picked":["Dark Embrace","Fiend Fire"],"picked":"Demon Form","floor":16.0},{"not_picked":["Clash","Heavy Blade","Cleave"],"picked":"SKIP","floor":18.0},{"not_picked":["Flex","Anger"],"picked":"Shrug It Off","floor":19.0},{"not_picked":["Rupture","Blood for Blood"],"picked":"Feel No Pain","floor":24.0},{"not_picked":["Warcry","Hemokinesis+1"],"picked":"Barricade","floor":25.0},{"not_picked":["Feed","Armaments","Fire Breathing"],"picked":"SKIP","floor":29.0},{"not_picked":["Havoc","Anger","Burning Pact"],"picked":"SKIP","floor":30.0},{"not_picked":["Wild Strike+1","Flex","Dual Wield"],"picked":"SKIP","floor":31.0},{"not_picked":["Feed","Offering"],"picked":"Berserk","floor":33.0},{"not_picked":[],"picked":"True Grit+1","floor":35.0},{"not_picked":[],"picked":"Warcry+1","floor":36.0},{"not_picked":[],"picked":"Warcry+1","floor":39.0},{"not_picked":["Clothesline+1"],"picked":"SKIP","floor":40.0},{"not_picked":["Clothesline+1"],"picked":"SKIP","floor":40.0},{"not_picked":["Warcry"],"picked":"SKIP","floor":42.0},{"not_picked":["Twin Strike+1"],"picked":"SKIP","floor":44.0},{"not_picked":["Searing Blow"],"picked":"SKIP","floor":46.0},{"not_picked":[],"picked":"Seeing Red+1","floor":48.0},{"not_picked":["Whirlwind+1"],"picked":"SKIP","floor":54.0}],"player_experience":240019,"relics_obtained":[{"floor":6.0,"key":"Nunchaku"},{"floor":9.0,"key":"Bronze Scales"},{"floor":20.0,"key":"Charon\u0027s Ashes"},{"floor":20.0,"key":"Mercury Hourglass"},{"floor":26.0,"key":"Ancient Tea Set"},{"floor":29.0,"key":"Vajra"},{"floor":40.0,"key":"Pantograph"},{"floor":43.0,"key":"Letter Opener"},{"floor":43.0,"key":"Mummified Hand"},{"floor":44.0,"key":"Juzu Bracelet"},{"floor":47.0,"key":"FossilizedHelix"},{"floor":48.0,"key":"Bag of Marbles"},{"floor":54.0,"key":"Bottled Flame"}],"event_choices":[{"damage_healed":0.0,"max_hp_gain":0.0,"max_hp_loss":0.0,"gold_gain":175.0,"event_name":"Liars Game","player_choice":"AGREE","floor":2.0,"gold_loss":0.0,"damage_taken":0.0,"cards_obtained":["Doubt"]},{"damage_healed":0.0,"max_hp_gain":0.0,"max_hp_loss":0.0,"gold_gain":100.0,"event_name":"Wheel of Change","player_choice":"Gold","floor":3.0,"gold_loss":0.0,"damage_taken":0.0},{"damage_healed":0.0,"max_hp_gain":0.0,"max_hp_loss":0.0,"gold_gain":0.0,"event_name":"Golden Idol","player_choice":"Take Damage","floor":7.0,"gold_loss":0.0,"damage_taken":20.0,"relics_obtained":["Golden Idol"]},{"damage_healed":0.0,"max_hp_gain":0.0,"max_hp_loss":0.0,"gold_gain":0.0,"event_name":"Scrap Ooze","player_choice":"Success","floor":13.0,"gold_loss":0.0,"damage_taken":3.0,"relics_obtained":["Smiling Mask"]},{"damage_healed":0.0,"max_hp_gain":0.0,"max_hp_loss":0.0,"gold_gain":0.0,"event_name":"Colosseum","player_choice":"Fight","floor":20.0,"gold_loss":0.0,"damage_taken":0.0},{"damage_healed":0.0,"max_hp_gain":0.0,"max_hp_loss":0.0,"gold_gain":0.0,"event_name":"Colosseum","player_choice":"Fought Nobs","floor":20.0,"gold_loss":0.0,"damage_taken":0.0},{"damage_healed":0.0,"max_hp_gain":0.0,"max_hp_loss":0.0,"gold_gain":0.0,"event_name":"Back to Basics","player_choice":"Simplicity","floor":22.0,"gold_loss":0.0,"damage_taken":0.0,"cards_upgraded":["Strike_R","Strike_R","Strike_R","Strike_R","Defend_R","Defend_R","Defend_R","Defend_R"]},{"damage_healed":0.0,"max_hp_gain":0.0,"max_hp_loss":0.0,"gold_gain":0.0,"event_name":"Vampires","player_choice":"Ignored","floor":27.0,"gold_loss":0.0,"damage_taken":0.0},{"damage_healed":0.0,"max_hp_gain":0.0,"max_hp_loss":0.0,"gold_gain":0.0,"event_name":"SensoryStone","player_choice":"Memory 1","floor":38.0,"gold_loss":0.0,"damage_taken":0.0},{"damage_healed":0.0,"max_hp_gain":0.0,"max_hp_loss":0.0,"gold_gain":0.0,"event_name":"Mysterious Sphere","player_choice":"Fight","floor":47.0,"gold_loss":0.0,"damage_taken":0.0}],"is_beta":false,"boss_relics":[{"not_picked":["Runic Dome","Pandora\u0027s Box"],"picked":"Runic Pyramid"},{"not_picked":["Coffee Dripper","Tiny House"],"picked":"Busted Crown"}],"items_purged_floors":[4,21,28,37,45,53],"is_endless":false,"potions_floor_spawned":[6,14,16,20,24,29,30,33,35,39,44,48],"killed_by":"The Heart","ascension_level":7}