{"gold_per_floor":[117,117,130,142,142,142,217,217,217,241,259,108,108,129,129,248,248,273,273,273,294,338,338,381,395,395,395,409,409,19,40,40,164,164,183,58,77,177,196,237,237,253,253,253,271,289,310,331,331,331],"floor_reached":51,"playtime":2844,"items_purged":["Strike_B","Strike_B+1","Strike_B+1"],"score":718,"play_id":"22d76a34-993a-44f4-b98a-db5d960281a4","local_time":"20190219031047","is_ascension_mode":false,"campfire_choices":[{"data":"Zap","floor":6,"key":"SMITH"},{"data":"Consume","floor":15,"key":"SMITH"},{"floor":23,"key":"REST"},{"data":"Seek","floor":29,"key":"SMITH"},{"floor":32,"key":"REST"},{"data":"Recycle","floor":41,"key":"SMITH"},{"data":"Defragment","floor":44,"key":"SMITH"},{"floor":49,"key":"REST"}],"neow_cost":"TEN_PERCENT_HP_LOSS","seed_source_timestamp":18510853519441,"circlet_count":0,"master_deck":["Defend_B+1","Defend_B+1","Defend_B+1","Zap+1","Dualcast","Cold Snap","Ball Lightning","White Noise","Stack","Consume+1","Defragment+1","Sweeping Beam","Seek+1","Leap+1","Necronomicurse","Melter","Coolheaded","Gash","Streamline+1","Gash","All For One","Recycle+1","Seek","Capacitor","Parasite","Stack","Capacitor","Leap+1"],"relics":["Cracked Core","Pear","Golden Idol","Meat on the Bone","Philosopher\u0027s Stone","Necronomicon","Red Mask","Oddly Smooth Stone","Letter Opener","Thread and Needle","White Beast Statue","Pen Nib","Mango"],"potions_floor_usage":[16,21,22,24,24,39,40,40,42,47,48,50,50,50],"damage_taken":[{"damage":0,"enemies":"2 Louse","floor":1,"turns":2},{"damage":1,"enemies":"Jaw Worm","floor":3,"turns":3},{"damage":0,"enemies":"Small Slimes","floor":4,"turns":2},{"damage":6,"enemies":"Looter","floor":10,"turns":3},{"damage":2,"enemies":"Blue Slaver","floor":11,"turns":2},{"damage":3,"enemies":"Exordium Thugs","floor":14,"turns":4},{"damage":23,"enemies":"The Guardian","floor":16,"turns":9},{"damage":15,"enemies":"Shell Parasite","floor":18,"turns":4},{"damage":14,"enemies":"2 Thieves","floor":21,"turns":4},{"damage":23,"enemies":"Masked Bandits","floor":22,"turns":5},{"damage":33,"enemies":"Slavers","floor":24,"turns":4},{"damage":5,"enemies":"Centurion and Healer","floor":25,"turns":8},{"damage":21,"enemies":"Shelled Parasite and Fungi","floor":28,"turns":4},{"damage":0,"enemies":"Snake Plant","floor":31,"turns":3},{"damage":16,"enemies":"Champ","floor":33,"turns":22},{"damage":2,"enemies":"Orb Walker","floor":35,"turns":3},{"damage":5,"enemies":"3 Shapes","floor":37,"turns":3},{"damage":7,"enemies":"Jaw Worm Horde","floor":39,"turns":2},{"damage":24,"enemies":"Giant Head","floor":40,"turns":8},{"damage":0,"enemies":"Transient","floor":42,"turns":5},{"damage":0,"enemies":"Maw","floor":45,"turns":8},{"damage":32,"enemies":"Writhing Mass","floor":46,"turns":5},{"damage":0,"enemies":"Spire Growth","floor":47,"turns":4},{"damage":0,"enemies":"Sphere and 2 Shapes","floor":48,"turns":3},{"damage":14,"enemies":"Time Eater","floor":50,"turns":12}],"seed_played":"5739771704839688647","potions_obtained":[{"floor":3,"key":"Dexterity Potion"},{"floor":11,"key":"PowerPotion"},{"floor":16,"key":"EssenceOfSteel"},{"floor":21,"key":"SpeedPotion"},{"floor":22,"key":"Explosive Potion"},{"floor":25,"key":"Weak Potion"},{"floor":35,"key":"Weak Potion"},{"floor":37,"key":"Dexterity Potion"},{"floor":39,"key":"Energy Potion"},{"floor":40,"key":"GamblersBrew"},{"floor":42,"key":"Regen Potion"},{"floor":45,"key":"AttackPotion"},{"floor":47,"key":"LiquidBronze"},{"floor":48,"key":"Fire Potion"}],"is_trial":false,"path_per_floor":["M","?","M","M","?","R","?","?","T","M","M","$","?","M","R","B",null,"M","?","?","M","?","R","E","M","T","?","M","R","$","M","R","B",null,"M","$","M","?","M","E","R","M","T","R","M","M","M","M","R","B",null],"character_chosen":"DEFECT","items_purchased":["Defragment","Thread and Needle"],"campfire_rested":3,"item_purchase_floors":[12,30],"current_hp_per_floor":[68,75,74,74,79,79,68,68,68,62,60,60,60,57,57,46,77,62,46,46,44,33,56,35,42,42,42,33,33,33,45,68,52,77,75,75,70,70,63,39,39,39,53,53,53,33,57,57,84,70],"gold":331,"neow_bonus":"REMOVE_TWO","is_prod":false,"is_daily":false,"chose_seed":false,"campfire_upgraded":5,"win_rate":0,"timestamp":1550513447,"path_taken":["M","?","M","M","?","R","?","?","T","M","M","$","?","M","R","BOSS","M","?","?","M","?","R","E","M","T","?","?","R","?","M","R","BOSS","M","$","M","?","M","E","R","M","T","R","M","M","?","M","R","BOSS"],"build_version":"2019-01-23","purchased_purges":3,"victory":true,"max_hp_per_floor":[68,78,78,78,83,83,83,77,77,77,77,77,77,77,77,77,77,77,77,77,77,77,77,77,77,77,77,77,77,77,77,77,77,77,77,77,77,77,77,77,77,77,91,91,91,91,91,91,91,91],"card_choices":[{"not_picked":["Coolheaded","Conserve Battery"],"picked":"Cold Snap","floor":1},{"not_picked":["Go for the Eyes","Steam"],"picked":"Ball Lightning","floor":3},{"not_picked":["Lockon","Redo"],"picked":"White Noise","floor":4},{"not_picked":["Hyperbeam","Gash"],"picked":"Stack","floor":10},{"not_picked":["Redo","Auto Shields"],"picked":"Consume","floor":11},{"not_picked":["Rebound","Rip and Tear"],"picked":"Sweeping Beam","floor":14},{"not_picked":["Electrodynamics","Reboot"],"picked":"Seek","floor":16},{"not_picked":["Rebound+1","Hello World"],"picked":"Leap+1","floor":18},{"not_picked":["Conserve Battery","Darkness"],"picked":"Melter","floor":21},{"not_picked":["Rip and Tear+1","Heatsinks"],"picked":"Coolheaded","floor":22},{"not_picked":["Compile Driver","Echo Form"],"picked":"Gash","floor":24},{"not_picked":["Ball Lightning","Leap"],"picked":"Streamline+1","floor":25},{"not_picked":["Compile Driver+1","Tempest","Aggregate"],"picked":"SKIP","floor":28},{"not_picked":["Hologram","Compile Driver+1"],"picked":"Gash","floor":31},{"not_picked":["Thunder Strike","Fission"],"picked":"All For One","floor":33},{"not_picked":["Beam Cell","Ball Lightning+1","Storm"],"picked":"SKIP","floor":35},{"not_picked":["FTL","Stack","Redo"],"picked":"SKIP","floor":37},{"not_picked":["Ball Lightning+1","Steam+1"],"picked":"Recycle","floor":39},{"not_picked":["Conserve Battery","Rebound+1","Steam Power"],"picked":"SKIP","floor":40},{"not_picked":["Compile Driver","Beam Cell"],"picked":"Seek","floor":42},{"not_picked":["Genetic Algorithm","Chaos"],"picked":"Capacitor","floor":45},{"not_picked":["Sweeping Beam+1","Compile Driver+1"],"picked":"Stack","floor":46},{"not_picked":["Self Repair","Doom and Gloom"],"picked":"Capacitor","floor":47},{"not_picked":["Blizzard+1","Compile Driver+1"],"picked":"Leap+1","floor":48}],"player_experience":476333,"relics_obtained":[{"floor":9,"key":"Meat on the Bone"},{"floor":19,"key":"Necronomicon"},{"floor":22,"key":"Red Mask"},{"floor":24,"key":"Oddly Smooth Stone"},{"floor":26,"key":"Letter Opener"},{"floor":40,"key":"Pen Nib"},{"floor":43,"key":"Mango"}],"event_choices":[{"damage_healed":0,"gold_gain":0,"player_choice":"Success","damage_taken":3,"relics_obtained":["Pear"],"max_hp_gain":0,"max_hp_loss":0,"event_name":"Scrap Ooze","floor":2,"gold_loss":0},{"damage_healed":0,"gold_gain":0,"player_choice":"Donut","damage_taken":0,"max_hp_gain":5,"max_hp_loss":0,"event_name":"Big Fish","floor":5,"gold_loss":0},{"damage_healed":0,"gold_gain":75,"player_choice":"Gather Gold","damage_taken":11,"max_hp_gain":0,"max_hp_loss":0,"event_name":"World of Goop","floor":7,"gold_loss":0},{"damage_healed":0,"gold_gain":0,"player_choice":"Lose Max HP","damage_taken":0,"relics_obtained":["Golden Idol"],"max_hp_gain":0,"max_hp_loss":6,"event_name":"Golden Idol","floor":8,"gold_loss":0},{"damage_healed":0,"gold_gain":0,"player_choice":"Ignored","damage_taken":0,"max_hp_gain":0,"max_hp_loss":0,"event_name":"Liars Game","floor":13,"gold_loss":0},{"damage_healed":0,"gold_gain":0,"player_choice":"Obtained Book","damage_taken":16,"max_hp_gain":0,"max_hp_loss":0,"event_name":"Cursed Tome","floor":19,"gold_loss":0},{"damage_healed":0,"gold_gain":0,"player_choice":"Ignored","damage_taken":0,"max_hp_gain":0,"max_hp_loss":0,"event_name":"Vampires","floor":20,"gold_loss":0},{"damage_healed":0,"gold_gain":0,"player_choice":"Fought Bandits","damage_taken":0,"max_hp_gain":0,"max_hp_loss":0,"event_name":"Masked Bandits","floor":22,"gold_loss":0},{"damage_healed":0,"gold_gain":0,"player_choice":"Simplicity","damage_taken":0,"max_hp_gain":0,"max_hp_loss":0,"event_name":"Back to Basics","floor":27,"gold_loss":0,"cards_upgraded":["Strike_B","Strike_B","Defend_B","Defend_B","Defend_B"]},{"damage_healed":0,"gold_gain":100,"player_choice":"Pray","damage_taken":0,"max_hp_gain":0,"max_hp_loss":0,"event_name":"Golden Shrine","floor":38,"gold_loss":0}],"is_beta":false,"boss_relics":[{"not_picked":["Pandora\u0027s Box","Runic Dome"],"picked":"Philosopher\u0027s Stone"},{"not_picked":["Coffee Dripper","Lizard Tail"],"picked":"White Beast Statue"}],"items_purged_floors":[12,30,36],"is_endless":false,"potions_floor_spawned":[3,11,16,21,22,25,35,37,39,40,42,45,46,47,48],"ascension_level":0}