{"gold_per_floor":[112,31,31,43,62,62,62,62,62,62,80,90,15,34,34,139,139,158,170,70,82,95,95,105,105,129,141,152,172,172,247,247,349,349,363,64,64,28,44,44,55,55,81,81,135,135],"floor_reached":46,"playtime":3199,"items_purged":["Pain","Doubt","Dualcast"],"score":538,"play_id":"0916b275-5af7-40a5-b9e8-92036cfbd7d1","local_time":"20190219223324","is_ascension_mode":true,"campfire_choices":[{"data":"Zap","floor":6,"key":"SMITH"},{"data":"Tempest","floor":10,"key":"SMITH"},{"floor":15,"key":"REST"},{"floor":23,"key":"REST"},{"floor":25,"key":"REST"},{"floor":30,"key":"REST"},{"floor":32,"key":"REST"},{"floor":40,"key":"REST"},{"floor":42,"key":"REST"}],"neow_cost":"CURSE","seed_source_timestamp":0,"circlet_count":0,"master_deck":["Strike_B","Strike_B","Strike_B","Strike_B","Defend_B","Defend_B","Defend_B","Defend_B","Zap+1","Tempest+1","Madness","Streamline","Defragment","Seek","Loop+1","Chill+1","BootSequence","Glacier","Conserve Battery","Electrodynamics","Reinforced Body","Seek","Master of Strategy","Capacitor","Madness","Madness"],"special_seed":0,"relics":["FrozenCore","Thread and Needle","WarpedTongs","Du-Vu Doll","Ancient Tea Set","Lizard Tail","StoneCalendar"],"potions_floor_usage":[16,22,22,22,33,45,45,45,46],"damage_taken":[{"damage":0,"enemies":"Jaw Worm","floor":1,"turns":5},{"damage":0,"enemies":"2 Louse","floor":4,"turns":3},{"damage":1,"enemies":"Cultist","floor":5,"turns":4},{"damage":15,"enemies":"Lots of Slimes","floor":11,"turns":4},{"damage":22,"enemies":"Gremlin Gang","floor":12,"turns":4},{"damage":0,"enemies":"Looter","floor":14,"turns":3},{"damage":38,"enemies":"Hexaghost","floor":16,"turns":9},{"damage":5,"enemies":"Spheric Guardian","floor":18,"turns":4},{"damage":3,"enemies":"Shell Parasite","floor":19,"turns":6},{"damage":28,"enemies":"Centurion and Healer","floor":21,"turns":6},{"damage":17,"enemies":"Snecko","floor":22,"turns":6},{"damage":7,"enemies":"Shelled Parasite and Fungi","floor":24,"turns":8},{"damage":8,"enemies":"Snake Plant","floor":27,"turns":5},{"damage":11,"enemies":"Snecko","floor":28,"turns":9},{"damage":8,"enemies":"Centurion and Healer","floor":29,"turns":5},{"damage":69,"enemies":"Champ","floor":33,"turns":14},{"damage":6,"enemies":"Orb Walker","floor":35,"turns":5},{"damage":2,"enemies":"3 Shapes","floor":39,"turns":4},{"damage":24,"enemies":"Jaw Worm Horde","floor":41,"turns":4},{"damage":62,"enemies":"2 Orb Walkers","floor":45,"turns":6},{"damage":67,"enemies":"Giant Head","floor":46,"turns":7}],"seed_played":"-471025801152103422","potions_obtained":[{"floor":4,"key":"SpeedPotion"},{"floor":14,"key":"Swift Potion"},{"floor":16,"key":"Explosive Potion"},{"floor":19,"key":"LiquidBronze"},{"floor":28,"key":"FairyPotion"},{"floor":29,"key":"EntropicBrew"},{"floor":45,"key":"Ancient Potion"}],"is_trial":false,"path_per_floor":["M","$","?","M","M","R","?","$","T","R","M","M","$","M","R","B",null,"M","M","$","M","M","R","M","R","T","M","M","M","R","?","R","B",null,"M","$","?","$","M","R","M","R","T","?","?","E"],"character_chosen":"DEFECT","items_purchased":["Madness","Master of Strategy","Capacitor"],"campfire_rested":7,"item_purchase_floors":[2,36,38],"current_hp_per_floor":[68,68,73,73,72,72,72,72,72,72,57,35,35,35,59,21,65,60,57,57,29,12,36,29,53,53,45,34,26,50,42,66,8,62,56,56,56,56,54,78,54,78,78,68,6,0],"gold":135,"neow_bonus":"ONE_RARE_RELIC","is_prod":false,"is_daily":false,"chose_seed":false,"campfire_upgraded":2,"win_rate":0,"timestamp":1550637204,"path_taken":["M","$","?","M","M","R","?","$","T","R","?","M","?","M","R","BOSS","M","?","$","M","?","R","M","R","T","M","M","M","R","?","R","BOSS","M","$","?","$","M","R","M","R","T","?","?","E"],"build_version":"2019-01-23","purchased_purges":3,"victory":false,"max_hp_per_floor":[75,75,80,80,80,80,80,80,80,80,80,80,80,80,80,80,80,80,80,80,80,80,80,80,80,80,80,80,80,80,80,80,80,80,80,80,80,80,80,80,80,80,80,80,80,80],"card_choices":[{"not_picked":["Turbo","Gash"],"picked":"Tempest","floor":1},{"not_picked":["Rip and Tear","Go for the Eyes","Beam Cell"],"picked":"SKIP","floor":4},{"not_picked":["Chaos","Sweeping Beam"],"picked":"Streamline","floor":5},{"not_picked":["Redo","Conserve Battery"],"picked":"Defragment","floor":11},{"not_picked":["Steam","Compile Driver","Heatsinks"],"picked":"SKIP","floor":12},{"not_picked":["Melter","Barrage","Compile Driver"],"picked":"SKIP","floor":14},{"not_picked":["Hyperbeam","Biased Cognition"],"picked":"Seek","floor":16},{"not_picked":["Go for the Eyes+1","Stack"],"picked":"Loop+1","floor":18},{"not_picked":["Barrage","Double Energy"],"picked":"Chill+1","floor":19},{"not_picked":["Recycle","Cold Snap"],"picked":"BootSequence","floor":21},{"not_picked":["Hologram","Storm"],"picked":"Glacier","floor":22},{"not_picked":["Barrage","Turbo+1","Chaos"],"picked":"SKIP","floor":24},{"not_picked":["Sweeping Beam+1","Steam"],"picked":"Conserve Battery","floor":27},{"not_picked":["Coolheaded","Ball Lightning"],"picked":"Electrodynamics","floor":28},{"not_picked":["Auto Shields","Steam Power"],"picked":"Reinforced Body","floor":29},{"not_picked":["Core Surge","Electrodynamics"],"picked":"Seek","floor":33},{"not_picked":["Hologram","Turbo","Barrage+1"],"picked":"SKIP","floor":35},{"not_picked":["Rebound+1","Melter","Reprogram"],"picked":"SKIP","floor":39},{"not_picked":["Rebound","Sweeping Beam+1","Tempest+1"],"picked":"SKIP","floor":41}],"player_experience":1465764,"relics_obtained":[{"floor":9,"key":"Du-Vu Doll"},{"floor":26,"key":"Ancient Tea Set"},{"floor":45,"key":"StoneCalendar"}],"event_choices":[{"damage_healed":0,"gold_gain":0,"player_choice":"Donut","damage_taken":0,"max_hp_gain":5,"max_hp_loss":0,"event_name":"Big Fish","floor":3,"gold_loss":0},{"damage_healed":0,"gold_gain":0,"player_choice":"Rummage","damage_taken":0,"relics_obtained":["WarpedTongs"],"max_hp_gain":0,"max_hp_loss":0,"event_name":"Accursed Blacksmith","floor":7,"gold_loss":0,"cards_obtained":["Pain"]},{"damage_healed":0,"gold_gain":75,"player_choice":"Touch","damage_taken":8,"max_hp_gain":0,"max_hp_loss":0,"event_name":"FaceTrader","floor":31,"gold_loss":0},{"damage_healed":0,"gold_gain":0,"player_choice":"Memory 1","damage_taken":0,"max_hp_gain":0,"max_hp_loss":0,"event_name":"SensoryStone","floor":37,"gold_loss":0},{"damage_healed":0,"gold_gain":0,"player_choice":"Embrace Madness","damage_taken":10,"max_hp_gain":0,"max_hp_loss":0,"event_name":"Winding Halls","floor":44,"gold_loss":0,"cards_obtained":["Madness","Madness"]},{"damage_healed":0,"gold_gain":0,"player_choice":"Fight","damage_taken":0,"max_hp_gain":0,"max_hp_loss":0,"event_name":"Mysterious Sphere","floor":45,"gold_loss":0}],"is_beta":false,"boss_relics":[{"not_picked":["Snecko Eye","Ectoplasm"],"picked":"FrozenCore"},{"not_picked":["Velvet Choker","Inserter"],"picked":"Lizard Tail"}],"items_purged_floors":[13,20,36],"is_endless":false,"potions_floor_spawned":[4,14,16,19,28,29,45],"killed_by":"Giant Head","ascension_level":6}