{"gold_per_floor":[113,113,113,131,142,142,158,170,195,195,195,209,284,173,173,293,293,307,328,344,357,357,357,382,382,435,435,435,450,450,473,473,473],"floor_reached":33,"playtime":47322,"items_purged":["Defend_R"],"score":289,"play_id":"2182ad58-b701-46d9-864c-380cc9c29484","local_time":"20181223081310","is_ascension_mode":true,"campfire_choices":[{"floor":6,"key":"REST"},{"floor":10,"key":"RECALL"},{"floor":15,"key":"REST"},{"floor":23,"key":"REST"},{"floor":25,"key":"REST"},{"floor":27,"key":"REST"},{"floor":30,"key":"REST"},{"floor":32,"key":"REST"}],"neow_cost":"NONE","seed_source_timestamp":218731278348327,"circlet_count":0,"master_deck":["Strike_R","Strike_R","Strike_R","Defend_R","Defend_R+1","Defend_R","Bash+1","Metallicize","Battle Trance","Inflame","Impervious","Uppercut","Inflame"],"relics":["Fusion Hammer","Red Skull","Golden Idol","Busted Crown"],"potions_floor_usage":[16,16,33,33,33],"damage_taken":[{"damage":9,"enemies":"2 Louse","floor":1,"turns":2},{"damage":0,"enemies":"Small Slimes","floor":4,"turns":4},{"damage":0,"enemies":"Jaw Worm","floor":5,"turns":3},{"damage":5,"enemies":"Blue Slaver","floor":7,"turns":4},{"damage":0,"enemies":"Exordium Wildlife","floor":8,"turns":4},{"damage":0,"enemies":"Looter","floor":12,"turns":3},{"damage":44,"enemies":"Hexaghost","floor":16,"turns":11},{"damage":19,"enemies":"2 Thieves","floor":18,"turns":5},{"damage":0,"enemies":"Chosen","floor":19,"turns":3},{"damage":11,"enemies":"Centurion and Healer","floor":20,"turns":8},{"damage":6,"enemies":"Snake Plant","floor":21,"turns":4},{"damage":15,"enemies":"Snecko","floor":24,"turns":4},{"damage":36,"enemies":"Cultist and Chosen","floor":29,"turns":7},{"damage":2,"enemies":"Chosen and Byrds","floor":31,"turns":8},{"damage":93,"enemies":"Champ","floor":33,"turns":10}],"seed_played":"6474346248875857119","potions_obtained":[{"floor":1,"key":"FearPotion"},{"floor":5,"key":"Weak Potion"},{"floor":7,"key":"Dexterity Potion"},{"floor":8,"key":"Poison Potion"},{"floor":19,"key":"SteroidPotion"},{"floor":20,"key":"AttackPotion"},{"floor":21,"key":"Poison Potion"}],"is_trial":false,"path_per_floor":["M","?","?","M","M","R","M","M","T","R","?","M","?","$","R","B",null,"M","M","M","M","?","R","M","R","T","R","?","M","R","M","R","B"],"character_chosen":"IRONCLAD","items_purchased":["Inflame"],"campfire_rested":7,"item_purchase_floors":[14],"current_hp_per_floor":[71,55,55,55,55,79,74,74,74,74,54,54,43,43,67,23,80,61,61,50,44,44,68,53,77,77,80,80,44,68,66,80,0],"gold":473,"neow_bonus":"BOSS_RELIC","is_prod":false,"is_daily":false,"chose_seed":false,"campfire_upgraded":0,"win_rate":0,"timestamp":1545574390,"path_taken":["M","?","?","M","M","R","M","M","T","R","?","M","?","$","R","BOSS","M","M","M","M","?","R","M","R","T","R","?","M","R","?","R","BOSS"],"build_version":"2018-12-20","purchased_purges":1,"victory":false,"max_hp_per_floor":[80,80,80,80,80,80,80,80,80,80,80,80,80,80,80,80,80,80,80,80,80,80,80,80,80,80,80,80,80,80,80,80,80],"card_choices":[{"not_picked":["Burning Pact","Warcry","Clash"],"picked":"SKIP","floor":1},{"not_picked":["Perfected Strike","Burning Pact","Dual Wield"],"picked":"SKIP","floor":4},{"not_picked":["Disarm","Anger"],"picked":"Metallicize","floor":5},{"not_picked":["True Grit","Pommel Strike","Reckless Charge"],"picked":"SKIP","floor":7},{"not_picked":["Iron Wave","Searing Blow"],"picked":"Battle Trance","floor":8},{"not_picked":["Seeing Red","Cleave","Corruption"],"picked":"SKIP","floor":12},{"not_picked":["Dark Embrace","Reaper"],"picked":"Impervious","floor":16},{"not_picked":["Heavy Blade"],"picked":"SKIP","floor":18},{"not_picked":[],"picked":"Uppercut","floor":19},{"not_picked":["Spot Weakness"],"picked":"SKIP","floor":20},{"not_picked":["Twin Strike"],"picked":"SKIP","floor":21},{"not_picked":["Sword Boomerang"],"picked":"SKIP","floor":24},{"not_picked":["Combust"],"picked":"SKIP","floor":29},{"not_picked":[],"picked":"Inflame","floor":31}],"player_experience":835980,"relics_obtained":[{"floor":9,"key":"Red Skull"}],"event_choices":[{"damage_healed":0,"gold_gain":0,"player_choice":"Entered Light","damage_taken":16,"max_hp_gain":0,"max_hp_loss":0,"event_name":"Shining Light","floor":2,"gold_loss":0,"cards_upgraded":["Defend_R","Bash"]},{"cards_removed":["Strike_R"],"damage_healed":0,"gold_gain":0,"player_choice":"Forget","damage_taken":0,"max_hp_gain":0,"max_hp_loss":0,"event_name":"Living Wall","floor":3,"gold_loss":0},{"damage_healed":0,"gold_gain":0,"player_choice":"Take Damage","damage_taken":20,"relics_obtained":["Golden Idol"],"max_hp_gain":0,"max_hp_loss":0,"event_name":"Golden Idol","floor":11,"gold_loss":0},{"damage_healed":0,"gold_gain":75,"player_choice":"Gather Gold","damage_taken":11,"max_hp_gain":0,"max_hp_loss":0,"event_name":"World of Goop","floor":13,"gold_loss":0},{"cards_removed":["Strike_R"],"damage_healed":0,"gold_gain":0,"player_choice":"Elegance","damage_taken":0,"max_hp_gain":0,"max_hp_loss":0,"event_name":"Back to Basics","floor":22,"gold_loss":0},{"damage_healed":0,"gold_gain":0,"player_choice":"Ignored","damage_taken":0,"max_hp_gain":0,"max_hp_loss":0,"event_name":"Vampires","floor":28,"gold_loss":0}],"is_beta":false,"boss_relics":[{"not_picked":["Empty Cage","Astrolabe"],"picked":"Busted Crown"}],"items_purged_floors":[14],"is_endless":false,"potions_floor_spawned":[1,5,7,8,19,20,21],"killed_by":"Champ","ascension_level":4}