{"gold_per_floor":[118,138,154,173,187,218,231,231],"floor_reached":8,"playtime":634,"items_purged":[],"score":78,"play_id":"81abfdf5-85a5-4033-ab8d-03c2b4eeb91a","local_time":"20180927062653","is_ascension_mode":true,"campfire_choices":[],"neow_cost":"NONE","seed_source_timestamp":773450598803282,"circlet_count":0,"master_deck":["Defend_G","Defend_G","Defend_G","Defend_G","Defend_G","Strike_G","Strike_G","Strike_G","Strike_G","Strike_G","Survivor","Neutralize","Dagger Spray","Footwork","Crippling Poison","Cloak And Dagger","Backflip","Heel Hook","Dagger Throw"],"special_seed":0,"relics":["Eternal Feather","Bottled Tornado"],"potions_floor_usage":[6,6],"damage_taken":[{"damage":8,"enemies":"Small Slimes","floor":1,"turns":5},{"damage":6,"enemies":"2 Louse","floor":2,"turns":2},{"damage":0,"enemies":"Cultist","floor":3,"turns":4},{"damage":10,"enemies":"Red Slaver","floor":4,"turns":4},{"damage":5,"enemies":"3 Louse","floor":5,"turns":3},{"damage":13,"enemies":"Gremlin Nob","floor":6,"turns":5},{"damage":2,"enemies":"Gremlin Gang","floor":7,"turns":8},{"damage":36,"enemies":"Lagavulin","floor":8,"turns":6}],"seed_played":"3110334810618262255","potions_obtained":[{"floor":2,"key":"SkillPotion"},{"floor":4,"key":"GhostInAJar"},{"floor":6,"key":"FearPotion"}],"is_trial":false,"path_per_floor":["M","M","M","M","M","E","M"],"character_chosen":"THE_SILENT","items_purchased":[],"campfire_rested":0,"item_purchase_floors":[],"current_hp_per_floor":[62,56,56,46,41,28,26,0],"gold":231,"neow_bonus":"BOSS_RELIC","is_prod":false,"is_daily":false,"chose_seed":false,"campfire_upgraded":0,"win_rate":0,"timestamp":1538004413,"path_taken":["M","M","M","M","M","E","M","E"],"build_version":"2018-09-20","purchased_purges":0,"victory":false,"max_hp_per_floor":[70,70,70,70,70,70,70,70],"card_choices":[{"not_picked":["All Out Attack","Accuracy"],"picked":"Dagger Spray","floor":1},{"not_picked":["PiercingWail","Dodge and Roll"],"picked":"Footwork","floor":2},{"not_picked":["Reflex","Predator"],"picked":"Crippling Poison","floor":3},{"not_picked":["Backflip","Deadly Poison"],"picked":"Cloak And Dagger","floor":4},{"not_picked":["Dagger Spray","Deadly Poison"],"picked":"Backflip","floor":5},{"not_picked":["Bane","Expertise"],"picked":"Heel Hook","floor":6},{"not_picked":["Prepared","Wraith Form v2"],"picked":"Dagger Throw","floor":7}],"player_experience":197188,"relics_obtained":[{"floor":6,"key":"Bottled Tornado"}],"event_choices":[],"is_beta":false,"boss_relics":[],"items_purged_floors":[],"is_endless":false,"potions_floor_spawned":[2,4,6],"killed_by":"Lagavulin","ascension_level":5}