{"gold_per_floor":[14,34,52,52,65,65,77,77,77,77,77,93,93,120,120,217,217,217,217,73,0,0,0,0,0,0,0,0,0,0,0,0,0],"floor_reached":33,"playtime":4551,"items_purged":["Shame"],"score":323,"play_id":"db4c92af-ca39-4d97-a03c-86eaf5f02406","local_time":"20180924000451","is_ascension_mode":true,"campfire_choices":[{"floor":6.0,"key":"REST"},{"data":"Buffer","floor":8,"key":"SMITH"},{"data":"Leap","floor":13,"key":"SMITH"},{"data":"Go for the Eyes","floor":15,"key":"SMITH"},{"data":"Electrodynamics","floor":23,"key":"SMITH"},{"floor":29,"key":"REST"},{"data":"Reinforced Body","floor":32,"key":"SMITH"}],"neow_cost":"NO_GOLD","seed_source_timestamp":446509997468843,"circlet_count":0,"master_deck":["Strike_B","Strike_B","Strike_B","Defend_B","Defend_B","Defend_B","Defend_B","Zap","Dualcast","Buffer+1","Ball Lightning","Coolheaded","Go for the Eyes+1","Leap+1","Reprogram","Reinforced Body+1","Reboot","Redo","Coolheaded","Electrodynamics+1","Ball Lightning","Conserve Battery+1"],"special_seed":0,"relics":["Cracked Core","Regal Pillow","Pear","Girya","Ectoplasm","Anchor","Bag of Marbles"],"potions_floor_usage":[7,16,18,24,27,33],"damage_taken":[{"damage":2.0,"enemies":"Jaw Worm","floor":1.0,"turns":4.0},{"damage":9.0,"enemies":"2 Louse","floor":2.0,"turns":3.0},{"damage":0.0,"enemies":"Cultist","floor":3.0,"turns":3.0},{"damage":15.0,"enemies":"3 Louse","floor":5.0,"turns":4.0},{"damage":11,"enemies":"Exordium Thugs","floor":7,"turns":4},{"damage":3,"enemies":"2 Fungi Beasts","floor":12,"turns":5},{"damage":0,"enemies":"Lagavulin","floor":14,"turns":7},{"damage":51,"enemies":"Hexaghost","floor":16,"turns":18},{"damage":0,"enemies":"Chosen","floor":18,"turns":6},{"damage":12,"enemies":"Shell Parasite","floor":22,"turns":9},{"damage":0,"enemies":"3 Cultists","floor":24,"turns":3},{"damage":18,"enemies":"Gremlin Leader","floor":25,"turns":8},{"damage":7,"enemies":"Chosen and Byrds","floor":27,"turns":5},{"damage":3,"enemies":"Centurion and Healer","floor":28,"turns":5},{"damage":7,"enemies":"Snake Plant","floor":31,"turns":5},{"damage":91,"enemies":"Automaton","floor":33,"turns":16}],"seed_played":"5086307649333535452","potions_obtained":[{"floor":2.0,"key":"GamblersBrew"},{"floor":5.0,"key":"FocusPotion"},{"floor":12,"key":"Swift Potion"},{"floor":16,"key":"AttackPotion"},{"floor":22,"key":"GamblersBrew"},{"floor":25,"key":"SkillPotion"},{"floor":31,"key":"Regen Potion"}],"is_trial":false,"path_per_floor":["M","M","M","?","M","R","M","R","T","?","?","M","R","E","R","B",null,"M","?","$","?","M","R","M","E","T","M","M","R","$","M","R"],"character_chosen":"DEFECT","items_purchased":["Electrodynamics"],"campfire_rested":2,"item_purchase_floors":[20],"current_hp_per_floor":[73,64,64,61,46,75,64,64,74,74,74,71,71,71,71,20,85,85,85,85,85,73,73,73,55,55,48,45,85,85,78,78,0],"gold":0,"neow_bonus":"THREE_RARE_CARDS","is_prod":false,"is_daily":false,"chose_seed":false,"campfire_upgraded":5,"win_rate":0,"timestamp":1537772691,"path_taken":["M","M","M","?","M","R","M","R","T","?","?","?","R","E","R","BOSS","M","?","$","?","M","R","M","E","T","M","M","R","?","?","R","BOSS"],"build_version":"2018-09-20","purchased_purges":1,"victory":false,"max_hp_per_floor":[75,75,75,75,75,75,75,75,85,85,85,85,85,85,85,85,85,85,85,85,85,85,85,85,85,85,85,85,85,85,85,85,85],"card_choices":[{"not_picked":["Electrodynamics","Rainbow"],"picked":"Buffer","floor":0.0},{"not_picked":["Barrage","Sweeping Beam"],"picked":"Ball Lightning","floor":1.0},{"not_picked":["Rebound","Double Energy"],"picked":"Coolheaded","floor":2.0},{"not_picked":["Beam Cell","Skim","Compile Driver"],"picked":"SKIP","floor":3.0},{"not_picked":["Multi-Cast","Turbo"],"picked":"Go for the Eyes","floor":5.0},{"not_picked":["Sweeping Beam","Doom and Gloom"],"picked":"Leap","floor":7},{"not_picked":["Compile Driver","Gash","Coolheaded"],"picked":"SKIP","floor":12},{"not_picked":["Thunder Strike","Turbo"],"picked":"Reinforced Body","floor":14},{"not_picked":["Machine Learning","Hyperbeam"],"picked":"Reboot","floor":16},{"not_picked":["Gash","Cold Snap+1"],"picked":"Redo","floor":18},{"not_picked":["Go for the Eyes","Coolheaded","Hologram"],"picked":"SKIP","floor":22},{"not_picked":["Redo+1","Fusion","Beam Cell"],"picked":"SKIP","floor":24},{"not_picked":["Coolheaded","Leap"],"picked":"Ball Lightning","floor":25},{"not_picked":["Doom and Gloom","Double Energy+1","Ball Lightning"],"picked":"SKIP","floor":27},{"not_picked":["Turbo","Meteor Strike","Capacitor"],"picked":"SKIP","floor":28},{"not_picked":["Beam Cell","Recycle"],"picked":"Conserve Battery+1","floor":31}],"player_experience":233992,"relics_obtained":[{"floor":9,"key":"Pear"},{"floor":14,"key":"Girya"},{"floor":25,"key":"Anchor"},{"floor":26,"key":"Bag of Marbles"}],"event_choices":[{"event_name":"Scrap Ooze","player_choice":"success","floor":4.0,"damage_taken":3.0},{"event_name":"The Woman in Blue","player_choice":"Bought 0 Potions","floor":10,"damage_taken":0},{"event_name":"Transmorgrifier","player_choice":"Transform","floor":11,"damage_taken":0},{"event_name":"Match and Keep!","player_choice":"2 cards matched","floor":19,"damage_taken":0},{"event_name":"Masked Bandits","player_choice":"Paid Fearfully","floor":21,"damage_taken":0}],"is_beta":false,"boss_relics":[{"not_picked":["Calling Bell","Snecko Eye"],"picked":"Ectoplasm"}],"items_purged_floors":[20],"is_endless":false,"potions_floor_spawned":[2,5,12,16,22,25,31],"killed_by":"Automaton","ascension_level":2}