{"gold_per_floor":[111,121,0,18,34,34,62,73,98,108,143,143,218,251,251,351,351,365,365,464,464,482,482,220,237,287,287],"floor_reached":27,"playtime":1766,"items_purged":["Strike_R"],"score":322,"play_id":"969947a9-3700-4235-848e-266216d93511","local_time":"20190228155758","is_ascension_mode":true,"campfire_choices":[{"data":"Hemokinesis","floor":6,"key":"SMITH"},{"data":"Fiend Fire","floor":12,"key":"SMITH"},{"data":"Entrench","floor":15,"key":"SMITH"},{"data":"Rupture","floor":23,"key":"SMITH"}],"neow_cost":"NONE","seed_source_timestamp":354780351432268,"circlet_count":0,"master_deck":["Defend_R","Defend_R","Defend_R","Defend_R","Bash+1","Flame Barrier","Hemokinesis+1","True Grit","Anger","Fiend Fire+1","Evolve","Rupture+1","Inflame","Shrug It Off","Entrench+1","Offering+1","Body Slam+1","Bite","Bite","Bite","Bite","Bite","Limit Break","Combust","Armaments"],"relics":["Burning Blood","Bottled Flame","Centennial Puzzle","PreservedInsect","Omamori","Eternal Feather","Vajra"],"potions_floor_usage":[5,11,16,16,16],"damage_taken":[{"damage":1,"enemies":"Cultist","floor":1,"turns":3},{"damage":2,"enemies":"2 Louse","floor":2,"turns":3},{"damage":10,"enemies":"Jaw Worm","floor":4,"turns":2},{"damage":10,"enemies":"Large Slime","floor":5,"turns":5},{"damage":17,"enemies":"Lagavulin","floor":7,"turns":5},{"damage":18,"enemies":"Red Slaver","floor":8,"turns":3},{"damage":11,"enemies":"Looter","floor":10,"turns":2},{"damage":11,"enemies":"3 Sentries","floor":11,"turns":6},{"damage":2,"enemies":"Gremlin Nob","floor":14,"turns":2},{"damage":19,"enemies":"The Guardian","floor":16,"turns":12},{"damage":30,"enemies":"Spheric Guardian","floor":18,"turns":4},{"damage":30,"enemies":"2 Thieves","floor":22,"turns":2},{"damage":47,"enemies":"Centurion and Healer","floor":25,"turns":5},{"damage":21,"enemies":"Book of Stabbing","floor":27,"turns":1}],"seed_played":"8779633301081236432","potions_obtained":[{"floor":2,"key":"BloodPotion"},{"floor":7,"key":"EssenceOfSteel"},{"floor":8,"key":"Weak Potion"},{"floor":11,"key":"EssenceOfSteel"},{"floor":14,"key":"BloodPotion"},{"floor":22,"key":"Energy Potion"}],"is_trial":false,"path_per_floor":["M","M","$","M","M","R","E","M","T","M","E","R","?","E","R","B",null,"M","?","?","?","M","R","$","M","T","E"],"character_chosen":"IRONCLAD","items_purchased":["True Grit","Limit Break","Combust","Armaments"],"campfire_rested":0,"item_purchase_floors":[3,24,24,24],"current_hp_per_floor":[80,80,80,76,80,80,69,57,57,52,47,47,39,43,43,38,80,56,56,56,56,36,48,48,17,17,0],"gold":287,"neow_bonus":"UPGRADE_CARD","is_prod":false,"is_daily":false,"chose_seed":false,"campfire_upgraded":4,"win_rate":0,"timestamp":1551391078,"path_taken":["M","M","$","M","?","R","E","M","T","M","E","R","?","E","R","BOSS","M","?","?","?","M","R","$","M","T","E"],"build_version":"2019-01-23","purchased_purges":1,"victory":false,"max_hp_per_floor":[80,80,80,80,80,80,80,80,80,80,80,80,80,80,80,80,80,80,56,56,56,56,56,56,56,56,56],"card_choices":[{"not_picked":["True Grit","Anger"],"picked":"Flame Barrier","floor":1},{"not_picked":["Warcry","Twin Strike"],"picked":"Hemokinesis","floor":2},{"not_picked":["Warcry","Perfected Strike"],"picked":"Anger","floor":4},{"not_picked":["Clothesline","Sentinel"],"picked":"Fiend Fire","floor":5},{"not_picked":["Seeing Red","Sword Boomerang"],"picked":"Evolve","floor":7},{"not_picked":["Sentinel","Body Slam"],"picked":"Rupture","floor":8},{"not_picked":["Sentinel","Seeing Red"],"picked":"Inflame","floor":10},{"not_picked":["Reckless Charge","Rage"],"picked":"Shrug It Off","floor":11},{"not_picked":["Evolve","Twin Strike"],"picked":"Entrench","floor":14},{"not_picked":["Fiend Fire","Impervious"],"picked":"Offering","floor":16},{"not_picked":["Warcry","Rupture+1"],"picked":"Body Slam+1","floor":18},{"not_picked":["Clash","Hemokinesis","Sever Soul+1"],"picked":"SKIP","floor":22},{"not_picked":["Warcry+1","Pummel","Wild Strike"],"picked":"SKIP","floor":25}],"player_experience":219497,"relics_obtained":[{"floor":7,"key":"Bottled Flame"},{"floor":9,"key":"Centennial Puzzle"},{"floor":11,"key":"PreservedInsect"},{"floor":14,"key":"Omamori"},{"floor":26,"key":"Vajra"}],"event_choices":[{"damage_healed":0,"gold_gain":75,"player_choice":"Touch","damage_taken":8,"max_hp_gain":0,"max_hp_loss":0,"event_name":"FaceTrader","floor":13,"gold_loss":0},{"damage_healed":0,"gold_gain":0,"player_choice":"Became a vampire","damage_taken":0,"max_hp_gain":0,"max_hp_loss":24,"event_name":"Vampires","floor":19,"gold_loss":0,"cards_obtained":["Bite","Bite","Bite","Bite","Bite"]},{"damage_healed":0,"gold_gain":99,"player_choice":"Stole From Cult","damage_taken":0,"max_hp_gain":0,"max_hp_loss":0,"event_name":"Nest","floor":20,"gold_loss":0},{"damage_healed":0,"gold_gain":0,"player_choice":"Forge","damage_taken":0,"max_hp_gain":0,"max_hp_loss":0,"event_name":"Accursed Blacksmith","floor":21,"gold_loss":0,"cards_upgraded":["Offering"]}],"is_beta":false,"boss_relics":[{"not_picked":["Snecko Eye","White Beast Statue"],"picked":"Eternal Feather"}],"items_purged_floors":[3],"is_endless":false,"potions_floor_spawned":[2,7,8,11,14,22],"killed_by":"Book of Stabbing","ascension_level":3}