{"gold_per_floor":[118,118,118,118,137,137,151,151,151,177,177,223,223,55,55,154,154,167,0,17,27,27],"floor_reached":22,"playtime":1613,"items_purged":[],"score":182,"play_id":"c9365117-f228-401a-9d8a-c87f57f45681","local_time":"20190202193445","is_ascension_mode":false,"campfire_choices":[{"floor":6,"key":"REST"},{"data":"Turbo","floor":8,"key":"SMITH"},{"floor":13,"key":"REST"},{"floor":15,"key":"REST"}],"neow_cost":"NONE","seed_source_timestamp":1317472470613110,"circlet_count":0,"master_deck":["Strike_B","Strike_B","Strike_B","Defend_B","Defend_B","Defend_B","Defend_B","Zap","Force Field","Force Field","Darkness","Turbo+1","Hologram","Doom and Gloom","Genetic Algorithm+1","Hologram+1","Storm","Reboot+1","Secret Technique+1","Darkness+1"],"relics":["Cracked Core","Happy Flower","Toxic Egg 2","Darkstone Periapt","Pen Nib","Busted Crown"],"potions_floor_usage":[10],"damage_taken":[{"damage":2,"enemies":"Jaw Worm","floor":1,"turns":5},{"damage":0,"enemies":"Small Slimes","floor":5,"turns":3},{"damage":0,"enemies":"2 Louse","floor":7,"turns":3},{"damage":74,"enemies":"Gremlin Nob","floor":10,"turns":7},{"damage":45,"enemies":"The Guardian","floor":16,"turns":14},{"damage":15,"enemies":"Spheric Guardian","floor":18,"turns":4},{"damage":3,"enemies":"Shell Parasite","floor":20,"turns":12},{"damage":21,"enemies":"Shelled Parasite and Fungi","floor":21,"turns":10},{"damage":37,"enemies":"Cultist and Chosen","floor":22,"turns":6}],"seed_played":"6782412001054239672","potions_obtained":[{"floor":7,"key":"Fire Potion"},{"floor":10,"key":"Strength Potion"},{"floor":18,"key":"PowerPotion"}],"is_trial":false,"path_per_floor":["?","?","?","?","T","M"],"character_chosen":"DEFECT","items_purchased":["Genetic Algorithm+1","Hologram+1","Storm","Secret Technique+1"],"campfire_rested":3,"item_purchase_floors":[14,14,14,19],"current_hp_per_floor":[73,55,55,55,55,75,75,75,75,1,26,26,48,48,70,25,75,60,60,57,36,0],"gold":27,"neow_bonus":"TRANSFORM_CARD","is_prod":false,"is_daily":false,"chose_seed":false,"campfire_upgraded":1,"win_rate":0.0,"timestamp":1549132485,"path_taken":["M","?","?","?","M","R","M","R","T","E","?","?","R","$","R","BOSS","M","$","?","M","M"],"build_version":"2019-01-23","purchased_purges":0,"victory":false,"max_hp_per_floor":[75,75,75,75,75,75,75,75,75,75,75,75,75,75,75,75,75,75,75,75,75,75],"card_choices":[{"not_picked":["Cold Snap","Go for the Eyes"],"picked":"Force Field","floor":1},{"not_picked":["Fusion","Barrage"],"picked":"Turbo","floor":5},{"not_picked":["Ball Lightning","Go for the Eyes"],"picked":"Hologram","floor":7},{"not_picked":["Ball Lightning","Streamline"],"picked":"Doom and Gloom","floor":10},{"not_picked":["Meteor Strike","Thunder Strike"],"picked":"Reboot+1","floor":16},{"not_picked":["Barrage"],"picked":"SKIP","floor":18},{"not_picked":["Sweeping Beam"],"picked":"SKIP","floor":20},{"not_picked":[],"picked":"Darkness+1","floor":21}],"player_experience":80111,"relics_obtained":[{"floor":9,"key":"Toxic Egg 2"},{"floor":10,"key":"Darkstone Periapt"},{"floor":12,"key":"Pen Nib"}],"event_choices":[{"damage_healed":0,"gold_gain":0,"player_choice":"Success","damage_taken":18,"relics_obtained":["Happy Flower"],"max_hp_gain":0,"max_hp_loss":0,"event_name":"Scrap Ooze","floor":2,"gold_loss":0},{"damage_healed":0,"gold_gain":0,"player_choice":"Ignored","damage_taken":0,"max_hp_gain":0,"max_hp_loss":0,"event_name":"Golden Wing","floor":3,"gold_loss":0},{"damage_healed":0,"gold_gain":0,"cards_transformed":["Strike_B"],"player_choice":"Change","damage_taken":0,"max_hp_gain":0,"max_hp_loss":0,"event_name":"Living Wall","floor":4,"gold_loss":0,"cards_obtained":["Darkness"]},{"damage_healed":25,"gold_gain":0,"player_choice":"Banana","damage_taken":0,"max_hp_gain":0,"max_hp_loss":0,"event_name":"Big Fish","floor":11,"gold_loss":0}],"is_beta":false,"boss_relics":[{"not_picked":["Empty Cage","Runic Dome"],"picked":"Busted Crown"}],"items_purged_floors":[],"is_endless":false,"potions_floor_spawned":[7,10,18],"killed_by":"Cultist and Chosen","ascension_level":0}