{"path_per_floor":["M","M","M","?","?","E","R","M","T","M","M","M","?","$","R","B",null,"M","M","M","M","M","E","M","R","T","R","M","M","?","M","R","B",null,"M","M","M","M","M","R","M","R","T","$","M","M","$","M","R","B"],"character_chosen":"IRONCLAD","items_purchased":["Bronze Scales","Armaments","Barricade","Bird Faced Urn","Paper Frog"],"gold_per_floor":[114,129,144,144,144,174,174,189,189,204,219,234,234,30,30,130,130,145,160,175,190,205,235,250,250,250,250,265,280,280,295,295,395,395,410,425,440,455,470,470,485,485,485,185,200,215,15,30,30,30],"floor_reached":51,"campfire_rested":0,"playtime":2371,"current_hp_per_floor":[80,80,80,80,86,68,68,68,74,67,66,65,47,47,47,66,98,95,102,87,64,58,55,66,66,66,66,55,59,59,66,66,66,108,108,107,106,99,82,82,75,75,81,81,84,95,95,108,108,68],"items_purged":[],"gold":30,"score":910,"play_id":"ef3ad01c-95df-446d-a9ec-79684e2d05a5","local_time":"20180314112043","daily_mods":["Diverse","Cursed Run","Vintage"],"is_prod":false,"is_daily":true,"is_ascension_mode":false,"campfire_upgraded":0,"timestamp":1520994043,"path_taken":["M","M","M","?","?","E","R","M","T","M","M","M","?","$","R","BOSS","M","M","M","M","M","E","M","R","T","R","M","M","?","M","R","BOSS","M","M","M","M","M","R","M","R","T","$","M","M","$","M","R","BOSS"],"build_version":"2018-03-09","purchased_purges":0,"victory":true,"master_deck":["Strike_R","Strike_R","Strike_R","Defend_R","Defend_R+1","Defend_R+1","Bash","Poisoned Stab","Blur","Regret","Armaments+1","Regret","Armaments+1","Pain","Demon Form","Immolate+1","Evolve+1","Rupture+1","Dual Wield+1","Warcry+1","Juggernaut","Dual Wield+1","True Grit+1","Body Slam+1","Disarm+1","Wild Strike+1","Parasite","Body Slam","Barricade+1","Parasite"],"max_hp_per_floor":[80,80,80,80,86,86,86,86,92,92,92,92,92,92,92,98,98,98,108,108,108,108,108,108,108,108,108,108,108,108,108,108,108,108,108,108,108,108,108,108,108,108,114,114,114,114,114,114,114,120],"relics":["Cursed Key","Darkstone Periapt","Du-Vu Doll","Toxic Egg 2","Oddly Smooth Stone","Champion Belt","Shovel","Blue Candle","Anchor","Toolbox","Prayer Wheel","Kunai","Mercury Hourglass","Girya","Pen Nib","Bronze Scales","Omamori","Astrolabe","Meat on the Bone","Pear","War Paint","Charon\u0027s Ashes","Thread and Needle","Vajra","Bottled Tornado","Matryoshka","Sundial","Shuriken","Juzu Bracelet","Ice Cream","Mummified Hand","The Courier","Orrery","Gambling Chip","Bottled Flame","Frozen Egg 2","Singing Bowl","Pantograph","Self Forming Clay","Centennial Puzzle","Letter Opener","Dream Catcher","Dead Branch","Bird Faced Urn","Molten Egg 2","Bag of Marbles","Paper Frog","Happy Flower","Regal Pillow"],"card_choices":[{"not_picked":["Seeing Red","Battle Trance"],"picked":"Armaments"},{"not_picked":["Double Tap","Offering"],"picked":"Demon Form"},{"not_picked":["Pommel Strike","Sword Boomerang"],"picked":"Dual Wield"},{"not_picked":["Body Slam","Headbutt"],"picked":"Warcry"},{"not_picked":["Exhume","Impervious"],"picked":"Juggernaut"},{"not_picked":["Headbutt","Anger"],"picked":"Dual Wield"},{"not_picked":["Flex","Heavy Blade"],"picked":"True Grit"},{"not_picked":["Flex","Searing Blow"],"picked":"Body Slam"},{"not_picked":["Body Slam","Rupture"],"picked":"Disarm"},{"not_picked":["Combust","Twin Strike"],"picked":"Wild Strike"},{"not_picked":["Anger","Flex"],"picked":"Body Slam"}],"player_experience":608146,"potions_floor_usage":[16,20,22,23,39,50,50,50],"damage_taken":[{"damage":0,"enemies":"2 Louse","floor":1,"turns":2},{"damage":0,"enemies":"Small Slimes","floor":2,"turns":3},{"damage":0,"enemies":"Jaw Worm","floor":3,"turns":3},{"damage":18,"enemies":"3 Sentries","floor":6,"turns":9},{"damage":0,"enemies":"Looter","floor":8,"turns":3},{"damage":7,"enemies":"Large Slime","floor":10,"turns":6},{"damage":1,"enemies":"Blue Slaver","floor":11,"turns":3},{"damage":1,"enemies":"Exordium Wildlife","floor":12,"turns":1},{"damage":2,"enemies":"Slime Boss","floor":16,"turns":8},{"damage":3,"enemies":"3 Byrds","floor":18,"turns":2},{"damage":3,"enemies":"Spheric Guardian","floor":19,"turns":2},{"damage":15,"enemies":"Centurion and Healer","floor":20,"turns":3},{"damage":23,"enemies":"Sentry and Sphere","floor":21,"turns":6},{"damage":6,"enemies":"Snecko","floor":22,"turns":4},{"damage":21,"enemies":"Slavers","floor":23,"turns":4},{"damage":1,"enemies":"Snake Plant","floor":24,"turns":2},{"damage":11,"enemies":"Slaver and Parasite","floor":28,"turns":4},{"damage":8,"enemies":"Cultist and Chosen","floor":29,"turns":5},{"damage":5,"enemies":"Centurion and Healer","floor":31,"turns":5},{"damage":12,"enemies":"Automaton","floor":33,"turns":7},{"damage":0,"enemies":"Orb Walker","floor":35,"turns":3},{"damage":1,"enemies":"3 Shapes","floor":36,"turns":3},{"damage":1,"enemies":"3 Darklings","floor":37,"turns":3},{"damage":7,"enemies":"Maw","floor":38,"turns":5},{"damage":17,"enemies":"4 Shapes","floor":39,"turns":3},{"damage":7,"enemies":"3 Darklings","floor":41,"turns":3},{"damage":7,"enemies":"Sphere and 2 Shapes","floor":45,"turns":2},{"damage":3,"enemies":"4 Shapes","floor":46,"turns":3},{"damage":7,"enemies":"Maw","floor":48,"turns":6},{"damage":58,"enemies":"Awakened One","floor":50,"turns":4}],"event_choices":[{"event_name":"The Cleric","player_choice":"Leave","floor":4,"damage_taken":0},{"event_name":"Big Fish","player_choice":"Box","floor":5,"damage_taken":0},{"event_name":"Scrap Ooze","player_choice":"success","floor":13,"damage_taken":18},{"event_name":"The Mausoleum","player_choice":"Yes","floor":30,"damage_taken":0}],"boss_relics":[{"not_picked":["Runic Dome","Sozu"],"picked":"Astrolabe"},{"not_picked":["Tiny House","Black Star"],"picked":"Orrery"}],"potions_floor_spawned":[1,6,8,12,18,20,22,28,37,45,48],"seed_played":"2308081983426786839","ascension_level":0,"is_trial":false}