{"path_per_floor":["M","?","M","?","?","E","M","R","T","M","R","M","M","M","R","B",null,"M","?","$","M","?","R","M","?","T","R","$","M","?","M","R"],"character_chosen":"DEFECT","items_purchased":["Scrape","Static Discharge","Tempest"],"gold_per_floor":[15,15,26,101,101,134,151,151,151,165,165,175,191,201,201,304,304,316,316,161,180,280,280,300,300,300,300,55,74,74,87,87,87],"floor_reached":33,"campfire_rested":4,"playtime":1498,"current_hp_per_floor":[75,75,75,64,64,30,30,30,30,29,29,21,9,1,23,1,75,55,41,41,10,10,34,21,21,21,45,45,40,40,11,35,0],"items_purged":["Darkness","Blizzard"],"gold":87,"score":249,"play_id":"d8a7b9fa-add5-42ef-a247-89f67e1adbf2","local_time":"20180515203746","is_prod":false,"is_daily":false,"chose_seed":false,"is_ascension_mode":false,"campfire_upgraded":1,"timestamp":1526387866,"path_taken":["M","?","M","?","?","E","M","R","T","M","R","M","?","M","R","BOSS","M","?","?","M","?","R","M","?","T","R","?","?","?","M","R","BOSS"],"build_version":"2018-05-14v2","seed_source_timestamp":240035370089605,"purchased_purges":2,"victory":false,"master_deck":["Defend_B","Defend_B+1","Zap+1","Dualcast+1","Beam Cell+1","Electrodynamics+1","Double Energy","Rebound","Ball Lightning","Cold Snap","Electrodynamics","Defragment+1","Scrape","Hologram+1","Turbo","Static Discharge","Tempest","Redo","Leap"],"max_hp_per_floor":[75,75,75,75,75,75,75,75,75,75,75,75,75,75,75,75,75,75,80,80,80,80,80,80,80,80,80,80,80,80,80,80,80],"relics":["Cracked Core","Ice Cream","Peace Pipe","Astrolabe","War Paint","Lantern"],"card_choices":[{"not_picked":["Stack","Leap"],"picked":"Beam Cell","floor":1},{"not_picked":["Aggregate","Chill"],"picked":"Blizzard","floor":3},{"not_picked":["Capacitor","Cold Snap"],"picked":"Electrodynamics","floor":6},{"not_picked":["Streamline","Beam Cell"],"picked":"Double Energy","floor":7},{"not_picked":["Undo","Leap"],"picked":"Rebound","floor":10},{"not_picked":["Skim","Hologram"],"picked":"Ball Lightning","floor":12},{"not_picked":["Rebound","Beam Cell","Capacitor"],"picked":"SKIP","floor":13},{"not_picked":["Sunder","Turbo"],"picked":"Cold Snap","floor":14},{"not_picked":["Fusion","Meteor Strike"],"picked":"Electrodynamics","floor":16},{"not_picked":["FTL+1","Capacitor","Doom and Gloom"],"picked":"SKIP","floor":18},{"not_picked":["Consume","Genetic Algorithm+1"],"picked":"Hologram+1","floor":21},{"not_picked":["Axe Kick","Conserve Battery","Recycle"],"picked":"SKIP","floor":24},{"not_picked":["Axe Kick","Conserve Battery","Recycle"],"picked":"SKIP","floor":24},{"not_picked":["Doom and Gloom+1","Beam Cell"],"picked":"Redo","floor":29},{"not_picked":["Coolheaded","Steam"],"picked":"Leap","floor":31}],"player_experience":35579,"potions_floor_usage":[18,31,33,33],"damage_taken":[{"damage":0,"enemies":"Small Slimes","floor":1,"turns":2},{"damage":0,"enemies":"Cultist","floor":3,"turns":2},{"damage":34,"enemies":"Gremlin Nob","floor":6,"turns":4},{"damage":0,"enemies":"2 Louse","floor":7,"turns":1},{"damage":1,"enemies":"2 Fungi Beasts","floor":10,"turns":3},{"damage":8,"enemies":"Exordium Wildlife","floor":12,"turns":3},{"damage":12,"enemies":"Blue Slaver","floor":13,"turns":2},{"damage":8,"enemies":"Red Slaver","floor":14,"turns":2},{"damage":22,"enemies":"Slime Boss","floor":16,"turns":8},{"damage":20,"enemies":"2 Thieves","floor":18,"turns":2},{"damage":31,"enemies":"Shell Parasite","floor":21,"turns":4},{"damage":13,"enemies":"Centurion and Healer","floor":24,"turns":7},{"damage":5,"enemies":"Cultist and Chosen","floor":29,"turns":4},{"damage":29,"enemies":"Snake Plant","floor":31,"turns":3},{"damage":40,"enemies":"Champ","floor":33,"turns":6}],"relics_obtained":[{"floor":6,"key":"Ice Cream"},{"floor":9,"key":"Peace Pipe"},{"floor":26,"key":"War Paint"}],"event_choices":[{"event_name":"Accursed Blacksmith","player_choice":"Forge","floor":2,"damage_taken":0},{"event_name":"World of Goop","player_choice":"Gather Gold","floor":4,"damage_taken":0},{"event_name":"Upgrade Shrine","player_choice":"Upgraded","floor":5,"damage_taken":0},{"event_name":"Forgotten Altar","player_choice":"Shed Blood","floor":19,"damage_taken":0},{"event_name":"Golden Shrine","player_choice":"Pray","floor":22,"damage_taken":0},{"event_name":"Transmorgrifier","player_choice":"Transform","floor":25,"damage_taken":0},{"event_name":"The Mausoleum","player_choice":"Yes","floor":30,"damage_taken":0}],"boss_relics":[{"not_picked":["Black Star","Runic Dome"],"picked":"Astrolabe"}],"potions_floor_spawned":[10,12,13,16,21,24],"seed_played":"-6413612740246081549","killed_by":"Champ","ascension_level":0,"potions_obtained":[{"floor":10,"key":"GamblersBrew"},{"floor":12,"key":"Swift Potion"},{"floor":13,"key":"Strength Potion"},{"floor":16,"key":"PowerPotion"},{"floor":21,"key":"GamblersBrew"}],"is_trial":false}