{"gold_per_floor":[116,191,191,64,83,83,112,112,112,112,177,196,215,242,242,242],"floor_reached":16,"playtime":733,"items_purged":["Strike_R"],"score":133,"play_id":"2464fac1-ea46-44b6-9604-54ca48ab6764","local_time":"20190223042922","is_ascension_mode":false,"campfire_choices":[{"data":"Bash","floor":6,"key":"SMITH"},{"data":"Shrug It Off","floor":8,"key":"SMITH"},{"data":"Defend_R","floor":10,"key":"SMITH"},{"data":"True Grit","floor":15,"key":"SMITH"}],"neow_cost":"NONE","seed_source_timestamp":23868697124667,"circlet_count":0,"master_deck":["Strike_R+1","Strike_R","Strike_R","Strike_R","Defend_R","Defend_R","Defend_R","Defend_R+1","Bash+1","Body Slam+1","Shrug It Off+1","Cleave","Feel No Pain","True Grit+1"],"relics":["Burning Blood","NeowsBlessing","Darkstone Periapt","Kunai","Bag of Preparation","Bottled Flame"],"potions_floor_usage":[11,16,16],"damage_taken":[{"damage":0,"enemies":"2 Louse","floor":1,"turns":1},{"damage":0,"enemies":"Small Slimes","floor":5,"turns":1},{"damage":0,"enemies":"3 Sentries","floor":7,"turns":1},{"damage":22,"enemies":"3 Sentries","floor":11,"turns":10},{"damage":0,"enemies":"Cultist","floor":12,"turns":3},{"damage":0,"enemies":"Red Slaver","floor":13,"turns":3},{"damage":15,"enemies":"Lagavulin","floor":14,"turns":8},{"damage":68,"enemies":"Hexaghost","floor":16,"turns":16}],"seed_played":"7531804972374514067","potions_obtained":[{"floor":7,"key":"Regen Potion"},{"floor":12,"key":"EssenceOfSteel"},{"floor":14,"key":"FearPotion"}],"is_trial":false,"path_per_floor":["M","?","?","$","M","R","E","R","T","R","?","M","M","E","R","B"],"character_chosen":"IRONCLAD","items_purchased":["Shrug It Off"],"campfire_rested":0,"item_purchase_floors":[4],"current_hp_per_floor":[80,69,53,53,59,59,65,65,65,65,64,70,76,67,67,0],"gold":242,"neow_bonus":"THREE_ENEMY_KILL","is_prod":false,"is_daily":false,"chose_seed":false,"campfire_upgraded":4,"win_rate":0,"timestamp":1550914162,"path_taken":["M","?","?","$","M","R","E","R","T","R","?","M","M","E","R","BOSS"],"build_version":"2019-01-23","purchased_purges":1,"victory":false,"max_hp_per_floor":[80,80,80,80,80,80,80,80,80,80,80,80,80,80,80,80],"card_choices":[{"not_picked":["Clash","Blood for Blood"],"picked":"Body Slam","floor":1},{"not_picked":["Perfected Strike","Combust","Fire Breathing"],"picked":"SKIP","floor":5},{"not_picked":["Rage","Carnage","Hemokinesis"],"picked":"SKIP","floor":7},{"not_picked":["Heavy Blade","Clothesline"],"picked":"Cleave","floor":11},{"not_picked":["Heavy Blade","Flex"],"picked":"Feel No Pain","floor":12},{"not_picked":["Clash","Sever Soul"],"picked":"True Grit","floor":13},{"not_picked":["Heavy Blade","Reckless Charge","Warcry"],"picked":"SKIP","floor":14}],"player_experience":426922,"relics_obtained":[{"floor":7,"key":"Darkstone Periapt"},{"floor":9,"key":"Kunai"},{"floor":11,"key":"Bag of Preparation"},{"floor":14,"key":"Bottled Flame"}],"event_choices":[{"damage_healed":0,"gold_gain":75,"player_choice":"Gather Gold","damage_taken":11,"max_hp_gain":0,"max_hp_loss":0,"event_name":"World of Goop","floor":2,"gold_loss":0},{"damage_healed":0,"gold_gain":0,"player_choice":"Entered Light","damage_taken":16,"max_hp_gain":0,"max_hp_loss":0,"event_name":"Shining Light","floor":3,"gold_loss":0,"cards_upgraded":["Body Slam","Strike_R"]},{"damage_healed":0,"gold_gain":0,"player_choice":"Searched \u00271\u0027 times","damage_taken":0,"max_hp_gain":0,"max_hp_loss":0,"event_name":"Dead Adventurer","floor":11,"gold_loss":0}],"is_beta":false,"boss_relics":[],"items_purged_floors":[4],"is_endless":false,"potions_floor_spawned":[7,12,14],"killed_by":"Hexaghost","ascension_level":0}