{"gold_per_floor":[110,129,204,216,230,230,258,258,336,347,347,347,357,370,370,466,466,485,501,511,511,511,511,522,533,533,533,104,122,172,205,205,303,303,313,313,324,175,190,190,190,205,205,92,103,103,121,121,121,121],"floor_reached":50,"playtime":6767,"items_purged":["Strike_B","Strike_B"],"score":540,"play_id":"1e63b4f7-754c-48f9-9188-92a1b9faf8e7","local_time":"20180923131824","is_ascension_mode":true,"campfire_choices":[{"floor":6,"key":"REST"},{"floor":8,"key":"REST"},{"floor":12,"key":"DIG"},{"data":"Redo","floor":15,"key":"SMITH"},{"floor":23,"key":"REST"},{"floor":27,"key":"REST"},{"floor":32,"key":"REST"},{"floor":40,"key":"REST"},{"floor":46,"key":"REST"},{"floor":49,"key":"REST"}],"neow_cost":"NONE","seed_source_timestamp":405658285125080,"circlet_count":0,"master_deck":["Defend_B","Defend_B","Defend_B","Defend_B","Zap","Dualcast+1","Conserve Battery","Consume+1","Self Repair","Cold Snap","Core Surge","Ball Lightning","Redo+1","Machine Learning","Redo+1","Sunder","Sweeping Beam","Chill","Capacitor","Skim","Conserve Battery","Biased Cognition","Madness","Madness","Redo","BootSequence+1","Hologram+1","Defragment","FTL","Panache"],"relics":["Cracked Core","Shovel","Darkstone Periapt","War Paint","Nuclear Battery","MutagenicStrength","PreservedInsect","Regal Pillow","Singing Bowl","Sozu","Incense Burner","Boot"],"potions_floor_usage":[14,14,16,16,31,31,33],"damage_taken":[{"damage":4,"enemies":"2 Louse","floor":1,"turns":3},{"damage":1,"enemies":"Cultist","floor":2,"turns":3},{"damage":1,"enemies":"Jaw Worm","floor":4,"turns":4},{"damage":24,"enemies":"Exordium Wildlife","floor":5,"turns":8},{"damage":29,"enemies":"3 Sentries","floor":7,"turns":9},{"damage":9,"enemies":"Large Slime","floor":10,"turns":9},{"damage":8,"enemies":"3 Louse","floor":13,"turns":3},{"damage":9,"enemies":"Red Slaver","floor":14,"turns":3},{"damage":29,"enemies":"The Guardian","floor":16,"turns":10},{"damage":20,"enemies":"3 Byrds","floor":18,"turns":5},{"damage":4,"enemies":"Chosen","floor":19,"turns":4},{"damage":14,"enemies":"Centurion and Healer","floor":20,"turns":10},{"damage":29,"enemies":"Snecko","floor":24,"turns":4},{"damage":15,"enemies":"Sentry and Sphere","floor":25,"turns":4},{"damage":36,"enemies":"Snake Plant","floor":29,"turns":4},{"damage":17,"enemies":"Slavers","floor":31,"turns":3},{"damage":62,"enemies":"Automaton","floor":33,"turns":11},{"damage":10,"enemies":"Orb Walker","floor":35,"turns":4},{"damage":16,"enemies":"3 Shapes","floor":37,"turns":4},{"damage":28,"enemies":"3 Darklings","floor":39,"turns":6},{"damage":0,"enemies":"Mind Bloom Boss Battle","floor":41,"turns":5},{"damage":43,"enemies":"Transient","floor":42,"turns":5},{"damage":22,"enemies":"Spire Growth","floor":45,"turns":6},{"damage":17,"enemies":"3 Darklings","floor":47,"turns":8},{"damage":115,"enemies":"Donu and Deca","floor":50,"turns":10}],"seed_played":"-8154754487799873872","potions_obtained":[{"floor":4,"key":"Strength Potion"},{"floor":7,"key":"Regen Potion"},{"floor":10,"key":"Ancient Potion"},{"floor":13,"key":"PowerPotion"},{"floor":14,"key":"LiquidBronze"},{"floor":18,"key":"Strength Potion"},{"floor":24,"key":"Poison Potion"},{"floor":29,"key":"Dexterity Potion"},{"floor":31,"key":"Energy Potion"}],"is_trial":false,"path_per_floor":["M","M","?","M","M","R","E","R","T","M","?","R","M","M","R","B",null,"M","M","M","?","?","R","M","M","T","R","$","M","?","E","R","B",null,"M","?","M","$","M","R","?","M","T","$","M","R","M","?","R"],"character_chosen":"DEFECT","items_purchased":["Capacitor","Skim","Explosive Potion","Regal Pillow","Redo","Defragment","FTL"],"campfire_rested":8,"item_purchase_floors":[28,28,28,28,38,44,44],"current_hp_per_floor":[71,70,59,65,48,70,48,70,70,68,73,73,72,72,72,50,80,67,70,63,63,63,80,58,50,50,74,74,45,45,30,69,14,82,81,70,56,56,35,75,82,48,48,48,35,77,69,69,92,0],"gold":121,"neow_bonus":"TRANSFORM_CARD","is_prod":false,"is_daily":false,"chose_seed":false,"campfire_upgraded":1,"win_rate":0,"timestamp":1537733904,"path_taken":["M","M","?","M","M","R","E","R","T","M","?","R","M","M","R","BOSS","M","M","M","?","?","R","M","M","T","R","$","M","?","E","R","BOSS","M","?","M","$","?","R","?","M","T","?","M","R","M","?","R","BOSS"],"build_version":"2018-09-20","purchased_purges":2,"victory":false,"max_hp_per_floor":[75,75,75,75,75,75,75,75,75,75,80,80,80,80,80,80,80,80,80,80,80,80,80,80,80,80,80,80,80,80,82,82,82,82,84,84,86,86,86,86,86,88,88,88,90,90,92,92,92,92],"card_choices":[{"not_picked":["Cold Snap","Turbo"],"picked":"Consume","floor":1},{"not_picked":["Force Field","Steam Power"],"picked":"Self Repair","floor":2},{"not_picked":["Recycle","Turbo","Steam"],"picked":"SKIP","floor":4},{"not_picked":["Undo","Beam Cell"],"picked":"Cold Snap","floor":5},{"not_picked":["Doom and Gloom","Sweeping Beam"],"picked":"Core Surge","floor":7},{"not_picked":["Recycle","Coolheaded"],"picked":"Ball Lightning","floor":10},{"not_picked":["Barrage","Sweeping Beam","Blizzard"],"picked":"SKIP","floor":13},{"not_picked":["Cold Snap","Sweeping Beam"],"picked":"Redo","floor":14},{"not_picked":["Core Surge","Amplify"],"picked":"Machine Learning","floor":16},{"not_picked":["Leap","Storm"],"picked":"Redo+1","floor":18},{"not_picked":["Barrage","Reprogram+1"],"picked":"Sunder","floor":19},{"not_picked":["Aggregate+1","Beam Cell","Redo"],"picked":"SKIP","floor":20},{"not_picked":["Beam Cell","Meteor Strike"],"picked":"Sweeping Beam","floor":24},{"not_picked":["Auto Shields","Compile Driver"],"picked":"Chill","floor":25},{"not_picked":["Go for the Eyes+1","Hello World+1"],"picked":"Conserve Battery","floor":29},{"not_picked":["Steam","Doom and Gloom","Leap"],"picked":"Singing Bowl","floor":31},{"not_picked":["Multi-Cast","Fission"],"picked":"Biased Cognition","floor":33},{"not_picked":["Recycle","Stack+1","Turbo+1"],"picked":"Singing Bowl","floor":35},{"not_picked":["Compile Driver","Cold Snap+1","Beam Cell"],"picked":"Singing Bowl","floor":37},{"not_picked":["Cold Snap+1","Compile Driver+1"],"picked":"BootSequence+1","floor":39},{"not_picked":["Stack","Machine Learning"],"picked":"Hologram+1","floor":41},{"not_picked":["Aggregate+1","Melter","Conserve Battery"],"picked":"Singing Bowl","floor":42},{"not_picked":["Stack+1","Tempest","Conserve Battery"],"picked":"Singing Bowl","floor":45},{"not_picked":["Turbo+1","Sweeping Beam+1","Stack+1"],"picked":"Singing Bowl","floor":47},{"not_picked":["Bandage Up","Swift Strike"],"picked":"Panache","floor":48}],"player_experience":227225,"relics_obtained":[{"floor":7,"key":"Shovel"},{"floor":9,"key":"Darkstone Periapt"},{"floor":12,"key":"War Paint"},{"floor":26,"key":"PreservedInsect"},{"floor":31,"key":"Singing Bowl"},{"floor":41,"key":"Incense Burner"},{"floor":43,"key":"Boot"}],"event_choices":[{"event_name":"World of Goop","player_choice":"Gather Gold","floor":3,"damage_taken":0},{"event_name":"Big Fish","player_choice":"Donut","floor":11,"damage_taken":0},{"event_name":"Back to Basics","player_choice":"Elegance","floor":21,"damage_taken":0},{"event_name":"Drug Dealer","player_choice":"Inject Mutagens","floor":22,"damage_taken":0},{"event_name":"The Joust","player_choice":"Bet on Murderer","floor":30,"damage_taken":0},{"event_name":"Winding Halls","player_choice":"Embrace Madness","floor":36,"damage_taken":0},{"event_name":"MindBloom","player_choice":"Fight","floor":41,"damage_taken":0},{"event_name":"SensoryStone","player_choice":"Memory 1","floor":48,"damage_taken":0}],"is_beta":false,"boss_relics":[{"not_picked":["Fusion Hammer","Black Star"],"picked":"Nuclear Battery"},{"not_picked":["Astrolabe","Eternal Feather"],"picked":"Sozu"}],"items_purged_floors":[28,38],"is_endless":false,"potions_floor_spawned":[4,7,10,13,14,18,24,29,31,37,39,41,45],"killed_by":"Donu and Deca","ascension_level":2}