{"gold_per_floor":[116,36,53,53,6,31,31,65,113,113,147,161,191,211,211,285,285,305,63,63,78,78,78,110,110,110,123,153,153,169,185,185,258,258,278,278,291,36,61,93,93,120,144,154,154,170,170,270,270,270,270,270,32,65,65],"floor_reached":56,"playtime":3047,"items_purged":["Well Laid Plans"],"score":2181,"play_id":"0d52dfd8-ae1b-4e89-b01e-a5787f1c5690","local_time":"20190116214145","is_ascension_mode":true,"campfire_choices":[{"floor":10,"key":"REST"},{"data":"Cloak And Dagger","floor":15,"key":"SMITH"},{"data":"Noxious Fumes","floor":25,"key":"SMITH"},{"data":"Blade Dance","floor":29,"key":"SMITH"},{"data":"Well Laid Plans","floor":32,"key":"SMITH"},{"data":"Envenom","floor":41,"key":"SMITH"},{"floor":49,"key":"RECALL"},{"data":"Accuracy","floor":52,"key":"SMITH"}],"neow_cost":"NONE","seed_source_timestamp":530711969137100,"circlet_count":0,"master_deck":["AscendersBane","Survivor","Neutralize","Deadly Poison","Well Laid Plans+1","Blade Dance+1","Dagger Spray","Leg Sweep","Acrobatics","Crippling Poison","Cloak And Dagger+1","Venomology","Writhe","Noxious Fumes+1","Calculated Gamble","Skewer","Terror+1","Accuracy+1","After Image","Doppelganger+1","Infinite Blades","Reflex+1","Slice","Envenom+1","Riddle With Holes","A Thousand Cuts","Deflect+1","Escape Plan+1","Concentrate+1","Cloak And Dagger+1","Panache","Accuracy+1","Dark Shackles+1"],"relics":["Ring of the Snake","NeowsBlessing","PreservedInsect","Potion Belt","Snake Skull","Regal Pillow","Dead Branch","Bronze Scales","Busted Crown","Matryoshka","Omamori","Paper Crane","Toxic Egg 2","Shuriken","Strawberry","Pandora\u0027s Box","Ninja Scroll","Pantograph","Ancient Tea Set","Happy Flower","Turnip","Bottled Lightning","Mummified Hand"],"potions_floor_usage":[8,11,13,14,16,16,24,27,28,30,31,33,33,40,42,44,46,48,50,54,55,55,55],"damage_taken":[{"damage":0,"enemies":"Small Slimes","floor":1,"turns":1},{"damage":0,"enemies":"Jaw Worm","floor":3,"turns":1},{"damage":0,"enemies":"Lagavulin","floor":6,"turns":1},{"damage":15,"enemies":"3 Sentries","floor":8,"turns":6},{"damage":7,"enemies":"Lagavulin","floor":11,"turns":6},{"damage":0,"enemies":"Cultist","floor":12,"turns":4},{"damage":4,"enemies":"Gremlin Nob","floor":13,"turns":4},{"damage":0,"enemies":"3 Louse","floor":14,"turns":3},{"damage":0,"enemies":"Hexaghost","floor":16,"turns":11},{"damage":0,"enemies":"3 Byrds","floor":18,"turns":3},{"damage":8,"enemies":"2 Thieves","floor":21,"turns":4},{"damage":0,"enemies":"Gremlin Leader","floor":24,"turns":5},{"damage":6,"enemies":"Snake Plant","floor":27,"turns":5},{"damage":5,"enemies":"Book of Stabbing","floor":28,"turns":5},{"damage":0,"enemies":"Centurion and Healer","floor":30,"turns":3},{"damage":2,"enemies":"Snecko","floor":31,"turns":3},{"damage":29,"enemies":"Champ","floor":33,"turns":7},{"damage":4,"enemies":"3 Darklings","floor":35,"turns":3},{"damage":0,"enemies":"Orb Walker","floor":37,"turns":3},{"damage":0,"enemies":"Giant Head","floor":40,"turns":5},{"damage":7,"enemies":"Nemesis","floor":42,"turns":3},{"damage":0,"enemies":"Maw","floor":44,"turns":4},{"damage":0,"enemies":"Transient","floor":46,"turns":5},{"damage":0,"enemies":"Mind Bloom Boss Battle","floor":48,"turns":3},{"damage":46,"enemies":"Donu and Deca","floor":50,"turns":4},{"damage":28,"enemies":"Shield and Spear","floor":54,"turns":5},{"damage":31,"enemies":"The Heart","floor":55,"turns":5}],"seed_played":"-8914399106218957880","potions_obtained":[{"floor":7,"key":"SkillPotion"},{"floor":7,"key":"SpeedPotion"},{"floor":7,"key":"AttackPotion"},{"floor":8,"key":"Block Potion"},{"floor":11,"key":"Strength Potion"},{"floor":12,"key":"Energy Potion"},{"floor":13,"key":"Fire Potion"},{"floor":14,"key":"AttackPotion"},{"floor":21,"key":"Explosive Potion"},{"floor":40,"key":"AttackPotion"},{"floor":54,"key":"Ancient Potion"}],"is_trial":false,"path_per_floor":["M","$","M","?","$","E","?","E","T","R","E","M","E","M","R","B",null,"M","$","?","M","?","?","E","R","T","M","E","R","M","M","R","B",null,"M","?","M","$","T","E","R","E","T","M","?","M","?","?","R","B",null,"R","$","E","B",null],"character_chosen":"THE_SILENT","items_purchased":["Well Laid Plans","Dagger Spray","Matryoshka","Panache","Bottled Lightning"],"campfire_rested":1,"item_purchase_floors":[2,5,19,38,53],"current_hp_per_floor":[59,59,59,34,34,34,34,19,19,53,46,46,42,42,42,42,60,60,60,60,52,52,52,52,52,52,46,48,48,48,46,46,17,59,55,55,55,55,55,55,55,48,48,48,48,48,48,73,73,27,62,62,62,34,28],"gold":65,"neow_bonus":"THREE_ENEMY_KILL","is_prod":false,"is_daily":false,"chose_seed":false,"campfire_upgraded":6,"win_rate":0,"timestamp":1547646105,"path_taken":["M","$","M","?","$","E","?","E","T","R","E","M","E","?","R","BOSS","M","$","?","M","?","?","E","R","T","M","E","R","?","M","R","BOSS","M","?","?","$","?","E","R","E","T","M","?","?","?","?","R","BOSS","R","$","E","BOSS"],"build_version":"2019-01-10","purchased_purges":1,"victory":true,"max_hp_per_floor":[66,66,66,66,66,66,66,66,66,66,66,66,66,66,66,66,66,66,66,66,66,66,66,66,66,66,66,73,73,73,73,73,73,73,73,73,73,73,73,73,73,73,73,73,73,73,73,73,73,73,73,73,73,73,73],"card_choices":[{"not_picked":["Prepared","Flying Knee"],"picked":"Deadly Poison","floor":1},{"not_picked":["Prepared","Dagger Throw"],"picked":"Blade Dance","floor":3},{"not_picked":["Quick Slash","Poisoned Stab"],"picked":"Leg Sweep","floor":6},{"not_picked":["All Out Attack","Dash","Terror"],"picked":"SKIP","floor":8},{"not_picked":["Deflect","Night Terror"],"picked":"Acrobatics","floor":11},{"not_picked":["Slice","Well Laid Plans","Tactician"],"picked":"SKIP","floor":12},{"not_picked":["Blade Dance","Heel Hook"],"picked":"Crippling Poison","floor":13},{"not_picked":["Dagger Throw","Flechettes"],"picked":"Cloak And Dagger","floor":14},{"not_picked":["Bullet Time","Die Die Die"],"picked":"Venomology","floor":16},{"not_picked":["Poisoned Stab"],"picked":"SKIP","floor":18},{"not_picked":["Acrobatics"],"picked":"SKIP","floor":21},{"not_picked":[],"picked":"Calculated Gamble","floor":24},{"not_picked":[],"picked":"Skewer","floor":27},{"not_picked":[],"picked":"Terror+1","floor":28},{"not_picked":[],"picked":"Accuracy","floor":30},{"not_picked":["Sucker Punch+1"],"picked":"SKIP","floor":31},{"not_picked":[],"picked":"After Image","floor":33},{"not_picked":[],"picked":"Escape Plan+1","floor":35},{"not_picked":[],"picked":"Cloak And Dagger+1","floor":37},{"not_picked":[],"picked":"Accuracy+1","floor":40},{"not_picked":["Flying Knee"],"picked":"SKIP","floor":42},{"not_picked":["Leg Sweep+1"],"picked":"SKIP","floor":44},{"not_picked":["Slice"],"picked":"SKIP","floor":46},{"not_picked":[],"picked":"Dark Shackles+1","floor":47},{"not_picked":["Bane"],"picked":"SKIP","floor":54}],"player_experience":654409,"relics_obtained":[{"floor":6,"key":"Potion Belt"},{"floor":8,"key":"Snake Skull"},{"floor":9,"key":"Regal Pillow"},{"floor":11,"key":"Dead Branch"},{"floor":13,"key":"Bronze Scales"},{"floor":24,"key":"Paper Crane"},{"floor":26,"key":"Toxic Egg 2"},{"floor":26,"key":"Shuriken"},{"floor":28,"key":"Strawberry"},{"floor":39,"key":"Ninja Scroll"},{"floor":40,"key":"Pantograph"},{"floor":42,"key":"Ancient Tea Set"},{"floor":43,"key":"Happy Flower"},{"floor":48,"key":"Turnip"},{"floor":54,"key":"Mummified Hand"}],"event_choices":[{"damage_healed":0,"gold_gain":0,"player_choice":"Success","damage_taken":25,"relics_obtained":["PreservedInsect"],"max_hp_gain":0,"max_hp_loss":0,"event_name":"Scrap Ooze","floor":4,"gold_loss":0},{"damage_healed":0,"gold_gain":0,"player_choice":"Got Potions","damage_taken":0,"max_hp_gain":0,"max_hp_loss":0,"event_name":"Lab","floor":7,"gold_loss":0},{"damage_healed":0,"gold_gain":0,"player_choice":"Ignored","damage_taken":0,"max_hp_gain":0,"max_hp_loss":0,"event_name":"Beggar","floor":20,"gold_loss":0},{"damage_healed":0,"gold_gain":0,"player_choice":"Opened","damage_taken":0,"relics_obtained":["Omamori"],"max_hp_gain":0,"max_hp_loss":0,"event_name":"The Mausoleum","floor":22,"gold_loss":0,"cards_obtained":["Writhe"]},{"damage_healed":0,"gold_gain":0,"player_choice":"Read","damage_taken":0,"max_hp_gain":0,"max_hp_loss":0,"event_name":"The Library","floor":23,"gold_loss":0,"cards_obtained":["Noxious Fumes"]},{"damage_healed":0,"gold_gain":0,"cards_transformed":["Well Laid Plans"],"player_choice":"Transformed","damage_taken":0,"max_hp_gain":0,"max_hp_loss":0,"event_name":"Transmorgrifier","floor":36,"gold_loss":0,"cards_obtained":["Concentrate"]},{"damage_healed":0,"gold_gain":0,"player_choice":"Bought 0 Potions","damage_taken":0,"max_hp_gain":0,"max_hp_loss":0,"event_name":"The Woman in Blue","floor":45,"gold_loss":0},{"damage_healed":0,"gold_gain":0,"player_choice":"Memory 1","damage_taken":0,"max_hp_gain":0,"max_hp_loss":0,"event_name":"SensoryStone","floor":47,"gold_loss":0},{"damage_healed":0,"gold_gain":0,"player_choice":"Fight","damage_taken":0,"max_hp_gain":0,"max_hp_loss":0,"event_name":"MindBloom","floor":48,"gold_loss":0}],"is_beta":false,"boss_relics":[{"not_picked":["White Beast Statue","Eternal Feather"],"picked":"Busted Crown"},{"not_picked":["Velvet Choker","Sozu"],"picked":"Pandora\u0027s Box"}],"items_purged_floors":[38],"is_endless":false,"potions_floor_spawned":[8,11,12,13,14,21,27,35,40,42,54],"ascension_level":14}