{"gold_per_floor":[118,136,61,71,71,71,88,88,157,189,204,222,252,262,262,362,362,377,377,377,23,42,42,55,55],"floor_reached":25,"playtime":1772,"items_purged":["Strike_B","Strike_B"],"score":215,"play_id":"42451a7f-4b1d-4236-b188-8b46ce0ec62d","local_time":"20190210163016","is_ascension_mode":false,"campfire_choices":[{"data":"Zap","floor":6,"key":"SMITH"},{"data":"Self Repair","floor":8,"key":"SMITH"},{"data":"Dualcast","floor":15,"key":"SMITH"},{"data":"Creative AI","floor":23,"key":"SMITH"}],"neow_cost":"NONE","seed_source_timestamp":1997473571554259,"circlet_count":0,"master_deck":["Strike_B","Defend_B","Defend_B","Defend_B","Defend_B","Zap+1","Dualcast+1","FTL","Self Repair+1","Capacitor","Beam Cell","Creative AI+1","Self Repair+1"],"relics":["Cracked Core","Toxic Egg 2","Pen Nib","Unceasing Top","Black Star","Cables"],"potions_floor_usage":[10,13,16,18,22,25],"damage_taken":[{"damage":0,"enemies":"Small Slimes","floor":1,"turns":3},{"damage":1,"enemies":"Jaw Worm","floor":2,"turns":3},{"damage":0,"enemies":"Cultist","floor":4,"turns":5},{"damage":7,"enemies":"Blue Slaver","floor":7,"turns":4},{"damage":26,"enemies":"3 Sentries","floor":10,"turns":9},{"damage":0,"enemies":"Looter","floor":11,"turns":3},{"damage":3,"enemies":"Lots of Slimes","floor":12,"turns":4},{"damage":14,"enemies":"Gremlin Nob","floor":13,"turns":3},{"damage":2,"enemies":"Blue Slaver","floor":14,"turns":4},{"damage":82,"enemies":"The Guardian","floor":16,"turns":13},{"damage":62,"enemies":"3 Byrds","floor":18,"turns":7},{"damage":17,"enemies":"Spheric Guardian","floor":22,"turns":6},{"damage":37,"enemies":"Snake Plant","floor":24,"turns":4},{"damage":21,"enemies":"3 Cultists","floor":25,"turns":4}],"seed_played":"-7647926550888205731","potions_obtained":[{"floor":4,"key":"EssenceOfSteel"},{"floor":11,"key":"AttackPotion"},{"floor":13,"key":"Strength Potion"},{"floor":16,"key":"Energy Potion"},{"floor":18,"key":"Block Potion"},{"floor":24,"key":"SkillPotion"}],"is_trial":false,"path_per_floor":["?","?","?"],"character_chosen":"DEFECT","items_purchased":["Cables"],"campfire_rested":0,"item_purchase_floors":[21],"current_hp_per_floor":[82,81,81,81,86,86,79,79,79,63,73,80,76,84,84,12,87,35,35,35,35,38,38,21,0],"gold":55,"neow_bonus":"TEN_PERCENT_HP_BONUS","is_prod":false,"is_daily":false,"chose_seed":false,"campfire_upgraded":4,"win_rate":0,"timestamp":1549812616,"path_taken":["M","M","$","M","?","R","M","R","T","E","M","M","E","M","R","BOSS","M","?","?","$","M","R","M","M"],"build_version":"2019-01-23","purchased_purges":2,"victory":false,"max_hp_per_floor":[82,82,82,82,87,87,87,87,87,87,87,87,87,87,87,87,87,87,87,87,87,87,87,87,87],"card_choices":[{"not_picked":["Rebound","Steam","Stack"],"picked":"SKIP","floor":1},{"not_picked":["Turbo","Stack","Recycle"],"picked":"SKIP","floor":2},{"not_picked":["Sweeping Beam","Redo"],"picked":"FTL","floor":4},{"not_picked":["Amplify","Leap"],"picked":"Self Repair","floor":7},{"not_picked":["Sweeping Beam","Compile Driver","Hologram+1"],"picked":"SKIP","floor":10},{"not_picked":["Barrage","Sweeping Beam","Genetic Algorithm+1"],"picked":"SKIP","floor":11},{"not_picked":["Hologram+1","Redo+1","Loop"],"picked":"SKIP","floor":12},{"not_picked":["Compile Driver","Blizzard"],"picked":"Capacitor","floor":13},{"not_picked":["Thunder Strike","Go for the Eyes"],"picked":"Beam Cell","floor":14},{"not_picked":["Hyperbeam","Seek+1"],"picked":"Creative AI","floor":16},{"not_picked":["Streamline","Stack+1"],"picked":"Self Repair+1","floor":18},{"not_picked":["Lockon","Sunder","Stack+1"],"picked":"SKIP","floor":22},{"not_picked":["Streamline+1","Static Discharge","Stack+1"],"picked":"SKIP","floor":24}],"player_experience":158303,"relics_obtained":[{"floor":9,"key":"Toxic Egg 2"},{"floor":10,"key":"Pen Nib"},{"floor":13,"key":"Unceasing Top"}],"event_choices":[{"damage_healed":0,"gold_gain":0,"player_choice":"Donut","damage_taken":0,"max_hp_gain":5,"max_hp_loss":0,"event_name":"Big Fish","floor":5,"gold_loss":0},{"damage_healed":0,"gold_gain":0,"player_choice":"Ignored","damage_taken":0,"max_hp_gain":0,"max_hp_loss":0,"event_name":"Cursed Tome","floor":19,"gold_loss":0},{"cards_removed":["Strike_B"],"damage_healed":0,"gold_gain":0,"player_choice":"Purged","damage_taken":0,"max_hp_gain":0,"max_hp_loss":0,"event_name":"Purifier","floor":20,"gold_loss":0}],"is_beta":false,"boss_relics":[{"not_picked":["Lizard Tail","Pandora\u0027s Box"],"picked":"Black Star"}],"items_purged_floors":[3,21],"is_endless":false,"potions_floor_spawned":[4,11,13,16,18,24],"killed_by":"3 Cultists","ascension_level":0}