{"gold_per_floor":[111,111,126,146,100,100,30,46,46,46,60,76,76,76,76,171,221,235,235,165,176,81,81,101,112,135,147,173,185,197,224,236,248],"floor_reached":33,"playtime":2508,"items_purged":[],"score":239,"play_id":"f2ee15ea-0656-472d-8aef-db825cf98db7","local_time":"20190130205158","is_ascension_mode":false,"campfire_choices":[{"data":"Flex","floor":6,"key":"SMITH"},{"data":"Inflame","floor":10,"key":"SMITH"},{"data":"Rage","floor":15,"key":"SMITH"},{"floor":23,"key":"REST"},{"floor":29,"key":"REST"},{"floor":32,"key":"REST"}],"neow_cost":"NONE","seed_source_timestamp":1062004624894500,"circlet_count":0,"master_deck":["Strike_R+1","Strike_R+1","Strike_R+1","Strike_R+1","Strike_R+1","Defend_R+1","Defend_R+1","Defend_R+1","Defend_R+1","Bash+1","Rampage+1","Heavy Blade","Rage+1","Flex+1","Inflame+1","Cleave","Flex+1","Warcry","Juggernaut","Headbutt","Pommel Strike","Rampage","Blood for Blood","PanicButton","Bloodletting+1","Shrug It Off","Spot Weakness","Berserk","Sword Boomerang","Carnage","Pummel"],"relics":["Burning Blood","Dream Catcher","Bronze Scales","Tiny House","MawBank"],"potions_floor_usage":[25,31,33,33],"damage_taken":[{"damage":1,"enemies":"2 Louse","floor":1,"turns":3},{"damage":1,"enemies":"Cultist","floor":3,"turns":3},{"damage":5,"enemies":"Small Slimes","floor":4,"turns":4},{"damage":4,"enemies":"Blue Slaver","floor":8,"turns":3},{"damage":13,"enemies":"Red Slaver","floor":11,"turns":2},{"damage":10,"enemies":"3 Louse","floor":12,"turns":2},{"damage":18,"enemies":"Slime Boss","floor":16,"turns":8},{"damage":29,"enemies":"Shell Parasite","floor":18,"turns":4},{"damage":15,"enemies":"3 Byrds","floor":21,"turns":3},{"damage":25,"enemies":"Snecko","floor":24,"turns":3},{"damage":22,"enemies":"Sentry and Sphere","floor":25,"turns":6},{"damage":27,"enemies":"Snake Plant","floor":28,"turns":4},{"damage":18,"enemies":"Centurion and Healer","floor":31,"turns":7},{"damage":70,"enemies":"Champ","floor":33,"turns":8}],"seed_played":"988124619968566012","potions_obtained":[{"floor":3,"key":"FearPotion"},{"floor":4,"key":"GamblersBrew"},{"floor":11,"key":"Swift Potion"},{"floor":24,"key":"Energy Potion"},{"floor":25,"key":"Poison Potion"}],"is_trial":false,"path_per_floor":["?","M","$","?","?","?","M","?","?"],"character_chosen":"IRONCLAD","items_purchased":["Flex","Inflame","Rampage","PanicButton"],"campfire_rested":3,"item_purchase_floors":[5,7,20,22],"current_hp_per_floor":[80,80,80,80,80,80,80,80,80,80,73,69,69,69,69,57,85,62,62,62,53,53,78,59,43,43,43,22,47,47,35,60,0],"gold":248,"neow_bonus":"RANDOM_COMMON_RELIC","is_prod":false,"is_daily":false,"chose_seed":false,"campfire_upgraded":3,"win_rate":0,"timestamp":1548877918,"path_taken":["M","?","?","M","$","R","?","M","T","R","M","M","?","?","R","BOSS","M","?","$","M","$","R","M","?","T","?","M","R","?","M","R","BOSS"],"build_version":"2019-01-23","purchased_purges":0,"victory":false,"max_hp_per_floor":[80,80,80,80,80,80,80,80,80,80,80,80,80,80,80,80,85,85,85,85,85,85,85,85,85,85,85,85,85,85,85,85,85],"card_choices":[{"not_picked":["True Grit","Iron Wave"],"picked":"Rampage","floor":1},{"not_picked":["Reckless Charge","Spot Weakness"],"picked":"Heavy Blade","floor":3},{"not_picked":["Feel No Pain","Pommel Strike"],"picked":"Rage","floor":4},{"not_picked":["Hemokinesis","Dark Embrace"],"picked":"Cleave","floor":8},{"not_picked":["True Grit","Perfected Strike"],"picked":"Flex","floor":11},{"not_picked":["Iron Wave","Heavy Blade"],"picked":"Warcry","floor":12},{"not_picked":["Dark Embrace","Fiend Fire"],"picked":"Juggernaut","floor":16},{"not_picked":["Twin Strike","Hemokinesis"],"picked":"Headbutt","floor":17},{"not_picked":["Corruption","Reckless Charge"],"picked":"Pommel Strike","floor":18},{"not_picked":["Sword Boomerang+1","Uppercut+1"],"picked":"Blood for Blood","floor":21},{"not_picked":["Metallicize","Body Slam"],"picked":"Bloodletting+1","floor":23},{"not_picked":["Headbutt","Sever Soul+1"],"picked":"Shrug It Off","floor":24},{"not_picked":["Pummel","Flex"],"picked":"Spot Weakness","floor":25},{"not_picked":["Cleave","Clash+1"],"picked":"Berserk","floor":28},{"not_picked":["Sever Soul","Fire Breathing"],"picked":"Sword Boomerang","floor":29},{"not_picked":["Cleave","Armaments"],"picked":"Carnage","floor":31},{"not_picked":["Thunderclap","Shrug It Off+1"],"picked":"Pummel","floor":32}],"player_experience":19249,"relics_obtained":[{"floor":9,"key":"Bronze Scales"},{"floor":26,"key":"MawBank"}],"event_choices":[{"damage_healed":0,"gold_gain":0,"player_choice":"Forge","damage_taken":0,"max_hp_gain":0,"max_hp_loss":0,"event_name":"Accursed Blacksmith","floor":2,"gold_loss":0,"cards_upgraded":["Rampage"]},{"damage_healed":0,"gold_gain":0,"player_choice":"Grow","damage_taken":0,"max_hp_gain":0,"max_hp_loss":0,"event_name":"Living Wall","floor":13,"gold_loss":0,"cards_upgraded":["Flex"]},{"damage_healed":0,"gold_gain":0,"player_choice":"Ignored","damage_taken":0,"max_hp_gain":0,"max_hp_loss":0,"event_name":"Shining Light","floor":14,"gold_loss":0},{"damage_healed":0,"gold_gain":0,"player_choice":"Leave","damage_taken":0,"max_hp_gain":0,"max_hp_loss":0,"event_name":"FaceTrader","floor":19,"gold_loss":0},{"damage_healed":0,"gold_gain":0,"player_choice":"Ignored","damage_taken":0,"max_hp_gain":0,"max_hp_loss":0,"event_name":"Vampires","floor":27,"gold_loss":0},{"damage_healed":0,"gold_gain":0,"player_choice":"Simplicity","damage_taken":0,"max_hp_gain":0,"max_hp_loss":0,"event_name":"Back to Basics","floor":30,"gold_loss":0,"cards_upgraded":["Strike_R","Strike_R","Strike_R","Strike_R","Strike_R","Defend_R","Defend_R","Defend_R","Defend_R"]}],"is_beta":false,"boss_relics":[{"not_picked":["Coffee Dripper","Fusion Hammer"],"picked":"Tiny House"}],"items_purged_floors":[],"is_endless":false,"potions_floor_spawned":[3,4,11,24,25],"killed_by":"Champ","ascension_level":0}