{"gold_per_floor":[111,36,56,56,73,73,108,108,108,141,41,41,41,61,61,192,192,181,181,181,56,72,72,86,86,160,160,175,194,219,242,242,363,363,386,266,266,285,285,285,285],"floor_reached":41,"playtime":28210,"items_purged":["Dualcast","Strike_B","Writhe","Strike_B"],"score":441,"play_id":"5095706f-5306-4e11-b228-9f5e60345f10","local_time":"20181114062247","is_ascension_mode":false,"campfire_choices":[{"data":"Zap","floor":6,"key":"SMITH"},{"floor":15,"key":"REST"},{"data":"Buffer","floor":23,"key":"SMITH"},{"data":"Loop","floor":25,"key":"SMITH"},{"data":"Defend_B","floor":27,"key":"SMITH"},{"data":"Strike_B","floor":32,"key":"SMITH"},{"data":"Glacier","floor":40,"key":"SMITH"}],"neow_cost":"NONE","seed_source_timestamp":3021351371197342,"circlet_count":0,"master_deck":["Strike_B+1","Defend_B+1","Defend_B+1","Defend_B+1","Defend_B+1","Zap+1","Loop+1","Buffer+1","Cold Snap+1","Glacier+1"],"relics":["Cracked Core","NeowsBlessing","Mercury Hourglass","Golden Idol","Orichalcum","Odd Mushroom","Busted Crown","Pear","The Courier","Inserter"],"potions_floor_usage":[16,16,16,33,33,33,41,41],"damage_taken":[{"damage":0,"enemies":"Small Slimes","floor":1,"turns":1},{"damage":0,"enemies":"2 Louse","floor":3,"turns":1},{"damage":0,"enemies":"Jaw Worm","floor":5,"turns":1},{"damage":19,"enemies":"Lagavulin","floor":7,"turns":7},{"damage":4,"enemies":"The Mushroom Lair","floor":10,"turns":4},{"damage":0,"enemies":"3 Louse","floor":14,"turns":3},{"damage":40,"enemies":"Hexaghost","floor":16,"turns":12},{"damage":7,"enemies":"2 Thieves","floor":18,"turns":5},{"damage":0,"enemies":"Shell Parasite","floor":22,"turns":7},{"damage":0,"enemies":"Cultist and Chosen","floor":24,"turns":8},{"damage":3,"enemies":"Snake Plant","floor":28,"turns":4},{"damage":0,"enemies":"Centurion and Healer","floor":29,"turns":7},{"damage":2,"enemies":"Shelled Parasite and Fungi","floor":30,"turns":7},{"damage":5,"enemies":"Snake Plant","floor":31,"turns":5},{"damage":0,"enemies":"Champ","floor":33,"turns":15},{"damage":0,"enemies":"Orb Walker","floor":35,"turns":5},{"damage":13,"enemies":"3 Darklings","floor":38,"turns":6},{"damage":79,"enemies":"Giant Head","floor":41,"turns":17}],"seed_played":"-4761529903428853329","potions_obtained":[{"floor":1,"key":"Ancient Potion"},{"floor":5,"key":"Regen Potion"},{"floor":7,"key":"GamblersBrew"},{"floor":18,"key":"FearPotion"},{"floor":24,"key":"AttackPotion"},{"floor":28,"key":"Energy Potion"},{"floor":33,"key":"PowerPotion"},{"floor":38,"key":"PowerPotion"}],"is_trial":false,"path_per_floor":["M","$","M","?","M","R","E","?","T","?","$","?","?","M","R","B",null,"M","?","?","$","M","R","M","R","T","R","M","M","M","M","R","B",null,"M","$","?","M","?","R","E"],"character_chosen":"DEFECT","items_purchased":[],"campfire_rested":1,"item_purchase_floors":[],"current_hp_per_floor":[75,75,75,60,60,60,41,23,23,19,19,19,12,12,34,9,75,68,68,78,78,78,78,78,78,78,78,75,75,73,68,68,68,85,85,85,85,72,72,72,0],"gold":285,"neow_bonus":"THREE_ENEMY_KILL","is_prod":false,"is_daily":false,"chose_seed":false,"campfire_upgraded":6,"win_rate":0.0,"timestamp":1542198167,"path_taken":["M","$","M","?","M","R","E","?","T","?","$","?","?","M","R","BOSS","M","?","?","?","M","R","M","R","T","R","M","M","M","M","R","BOSS","M","$","?","M","?","R","E"],"build_version":"2018-11-08","purchased_purges":4,"victory":false,"max_hp_per_floor":[75,75,75,75,75,75,75,75,75,75,75,75,75,75,75,75,75,75,75,85,85,85,85,85,85,85,85,85,85,85,85,85,85,85,85,85,85,85,85,85,85],"card_choices":[{"not_picked":["Force Field","Ball Lightning","Auto Shields"],"picked":"SKIP","floor":1},{"not_picked":["Ball Lightning","Steam","White Noise"],"picked":"SKIP","floor":3},{"not_picked":["Hologram","Stack","Leap"],"picked":"SKIP","floor":5},{"not_picked":["Blizzard","Consume","Heatsinks"],"picked":"SKIP","floor":7},{"not_picked":["Compile Driver","Turbo"],"picked":"Loop","floor":14},{"not_picked":["All For One","Hyperbeam"],"picked":"Buffer","floor":16},{"not_picked":["Stack+1"],"picked":"SKIP","floor":18},{"not_picked":[],"picked":"Cold Snap+1","floor":22},{"not_picked":["Compile Driver"],"picked":"SKIP","floor":24},{"not_picked":["Coolheaded"],"picked":"SKIP","floor":28},{"not_picked":["Leap"],"picked":"SKIP","floor":29},{"not_picked":["Reprogram+1"],"picked":"SKIP","floor":30},{"not_picked":["Leap+1"],"picked":"SKIP","floor":31},{"not_picked":["Turbo"],"picked":"SKIP","floor":35},{"not_picked":["Steam+1"],"picked":"SKIP","floor":38}],"player_experience":178960,"relics_obtained":[{"floor":7,"key":"Mercury Hourglass"},{"floor":9,"key":"Orichalcum"},{"floor":10,"key":"Odd Mushroom"},{"floor":26,"key":"The Courier"}],"event_choices":[{"damage_healed":0,"gold_gain":0,"player_choice":"Entered Light","damage_taken":15,"max_hp_gain":0,"max_hp_loss":0,"event_name":"Shining Light","floor":4,"gold_loss":0,"cards_upgraded":["Defend_B","Defend_B"]},{"damage_healed":0,"gold_gain":0,"player_choice":"Take Damage","damage_taken":18,"relics_obtained":["Golden Idol"],"max_hp_gain":0,"max_hp_loss":0,"event_name":"Golden Idol","floor":8,"gold_loss":0},{"damage_healed":0,"gold_gain":0,"player_choice":"Fought Mushrooms","damage_taken":0,"max_hp_gain":0,"max_hp_loss":0,"event_name":"Mushrooms","floor":10,"gold_loss":0},{"damage_healed":0,"gold_gain":0,"player_choice":"Grow","damage_taken":0,"max_hp_gain":0,"max_hp_loss":0,"event_name":"Living Wall","floor":12,"gold_loss":0,"cards_upgraded":["Defend_B"]},{"cards_removed":["Strike_B"],"damage_healed":0,"gold_gain":0,"player_choice":"Card Removal","damage_taken":7,"max_hp_gain":0,"max_hp_loss":0,"event_name":"Golden Wing","floor":13,"gold_loss":0},{"damage_healed":0,"gold_gain":0,"player_choice":"Ignored","damage_taken":0,"max_hp_gain":0,"max_hp_loss":0,"event_name":"Ghosts","floor":19,"gold_loss":0},{"damage_healed":0,"gold_gain":0,"player_choice":"Opened","damage_taken":0,"relics_obtained":["Pear"],"max_hp_gain":0,"max_hp_loss":0,"event_name":"The Mausoleum","floor":20,"gold_loss":0,"cards_obtained":["Writhe"]},{"damage_healed":0,"gold_gain":0,"player_choice":"Ignored","damage_taken":0,"max_hp_gain":0,"max_hp_loss":0,"event_name":"Tomb of Lord Red Mask","floor":37,"gold_loss":0},{"damage_healed":0,"gold_gain":0,"player_choice":"1 cards matched","damage_taken":0,"max_hp_gain":0,"max_hp_loss":0,"event_name":"Match and Keep!","floor":39,"gold_loss":0,"cards_obtained":["Glacier"]}],"is_beta":false,"boss_relics":[{"not_picked":["Fusion Hammer","Runic Dome"],"picked":"Busted Crown"},{"not_picked":["Philosopher\u0027s Stone","Empty Cage"],"picked":"Inserter"}],"items_purged_floors":[2,11,21,36],"is_endless":false,"potions_floor_spawned":[1,5,7,18,24,28,33,38],"killed_by":"Giant Head","ascension_level":0}