{"gold_per_floor":[113,40,53,72,72,103,114,114,114,114,147,160,160,178,178,278,278,293,345,363,11,25,25,25],"floor_reached":24,"playtime":1545,"items_purged":["Strike_R"],"score":270,"play_id":"1aa34e70-d2a0-40a5-a594-cec571a6a0bb","local_time":"20190126124149","is_ascension_mode":true,"campfire_choices":[{"data":"Bash","floor":8,"key":"SMITH"},{"data":"Seeing Red","floor":10,"key":"SMITH"},{"data":"Rampage","floor":13,"key":"SMITH"},{"data":"Iron Wave","floor":15,"key":"SMITH"},{"data":"Armaments","floor":23,"key":"SMITH"}],"neow_cost":"NONE","seed_source_timestamp":215748797876858,"circlet_count":0,"master_deck":["Strike_R+1","Strike_R+1","Strike_R","Defend_R","Defend_R","Defend_R","Defend_R","Bash+1","Heavy Blade","Pommel Strike","Burning Pact","Twin Strike","Seeing Red+1","Rampage+1","Battle Trance","Iron Wave+1","Fiend Fire","True Grit","Writhe","Sword Boomerang","Armaments+1"],"relics":["Burning Blood","Whetstone","Orichalcum","Kunai","Cursed Key","Smiling Mask","Sling"],"potions_floor_usage":[6,11,16,20,22],"damage_taken":[{"damage":6,"enemies":"Cultist","floor":1,"turns":3},{"damage":9,"enemies":"Jaw Worm","floor":3,"turns":3},{"damage":4,"enemies":"Small Slimes","floor":4,"turns":4},{"damage":35,"enemies":"Lagavulin","floor":6,"turns":5},{"damage":11,"enemies":"2 Fungi Beasts","floor":7,"turns":3},{"damage":6,"enemies":"Gremlin Nob","floor":11,"turns":3},{"damage":0,"enemies":"Gremlin Gang","floor":12,"turns":4},{"damage":6,"enemies":"3 Louse","floor":14,"turns":4},{"damage":46,"enemies":"The Guardian","floor":16,"turns":11},{"damage":8,"enemies":"Shell Parasite","floor":18,"turns":5},{"damage":13,"enemies":"2 Thieves","floor":20,"turns":4},{"damage":30,"enemies":"Snecko","floor":22,"turns":5},{"damage":49,"enemies":"Gremlin Leader","floor":24,"turns":6}],"seed_played":"-4510903249185387429","potions_obtained":[{"floor":1,"key":"Regen Potion"},{"floor":3,"key":"Fire Potion"},{"floor":7,"key":"EssenceOfSteel"},{"floor":20,"key":"FearPotion"},{"floor":22,"key":"SpeedPotion"}],"is_trial":false,"path_per_floor":["M","$","M","M","?","E","M","R","T","R","E","M","R","M","R","B",null,"M","T","M","$","M","R","E"],"character_chosen":"IRONCLAD","items_purchased":["Pommel Strike","Strength Potion","Armaments","Sling","AttackPotion"],"campfire_rested":0,"item_purchase_floors":[2,2,21,21,21],"current_hp_per_floor":[80,80,77,79,79,50,45,45,45,45,45,51,51,51,51,26,73,71,71,64,64,40,40,0],"gold":25,"neow_bonus":"TEN_PERCENT_HP_BONUS","is_prod":false,"is_daily":false,"chose_seed":false,"campfire_upgraded":5,"win_rate":0,"timestamp":1548535309,"path_taken":["M","$","M","M","?","E","?","R","T","R","E","M","R","M","R","BOSS","M","?","M","$","M","R","E"],"build_version":"2019-01-23","purchased_purges":1,"victory":false,"max_hp_per_floor":[88,88,88,88,88,88,88,88,88,88,88,88,88,88,88,88,88,88,88,88,88,88,88,88],"card_choices":[{"not_picked":["Dual Wield","Body Slam"],"picked":"Heavy Blade","floor":1},{"not_picked":["Cleave","Clash"],"picked":"Burning Pact","floor":3},{"not_picked":["Pommel Strike","Cleave"],"picked":"Twin Strike","floor":4},{"not_picked":["Wild Strike","Immolate"],"picked":"Seeing Red","floor":6},{"not_picked":["Feel No Pain","Dropkick"],"picked":"Rampage","floor":7},{"not_picked":["Second Wind","Sentinel"],"picked":"Battle Trance","floor":11},{"not_picked":["Dropkick","Heavy Blade"],"picked":"Iron Wave","floor":12},{"not_picked":["Wild Strike","Rupture","Twin Strike"],"picked":"SKIP","floor":14},{"not_picked":["Brutality","Dark Embrace"],"picked":"Fiend Fire","floor":16},{"not_picked":["Iron Wave","Battle Trance+1"],"picked":"True Grit","floor":18},{"not_picked":["Pummel+1","Rupture"],"picked":"Sword Boomerang","floor":20},{"not_picked":["Blood for Blood","Rage+1","Clothesline"],"picked":"SKIP","floor":22}],"player_experience":377844,"relics_obtained":[{"floor":6,"key":"Whetstone"},{"floor":9,"key":"Orichalcum"},{"floor":11,"key":"Kunai"},{"floor":19,"key":"Smiling Mask"}],"event_choices":[{"cards_removed":["Strike_R"],"damage_healed":0,"gold_gain":0,"player_choice":"Offered Basic","damage_taken":0,"max_hp_gain":0,"max_hp_loss":0,"event_name":"Bonfire Elementals","floor":5,"gold_loss":0}],"is_beta":false,"boss_relics":[{"not_picked":["Fusion Hammer","Calling Bell"],"picked":"Cursed Key"}],"items_purged_floors":[21],"is_endless":false,"potions_floor_spawned":[1,3,4,7,20,22],"killed_by":"Gremlin Leader","ascension_level":6}