{"gold_per_floor":[111,111,122,140,160,160,170,196,223,223,52,73,88,107,107,231,231,252,266,266,191,191],"floor_reached":22,"playtime":1061,"items_purged":[],"score":209,"play_id":"a1fc9e6c-0d3b-41e7-af64-0980e45de680","local_time":"20190211224543","is_ascension_mode":true,"campfire_choices":[{"data":"Zap","floor":6.0,"key":"SMITH"},{"floor":15.0,"key":"REST"}],"neow_cost":"NONE","seed_source_timestamp":0,"circlet_count":0,"master_deck":["Strike_B","Strike_B","Strike_B","Defend_B","Defend_B","Defend_B","Defend_B","Zap+1","Dualcast","Buffer","Gash","Core Surge","Beam Cell","Panache","Beam Cell","Beam Cell"],"special_seed":0,"relics":["FrozenCore","Du-Vu Doll","Golden Idol","MutagenicStrength"],"potions_floor_usage":[16,19],"damage_taken":[{"damage":0.0,"enemies":"Small Slimes","floor":1.0,"turns":2.0},{"damage":7.0,"enemies":"2 Louse","floor":3.0,"turns":3.0},{"damage":2.0,"enemies":"Jaw Worm","floor":4.0,"turns":3.0},{"damage":0.0,"enemies":"Exordium Wildlife","floor":5.0,"turns":3.0},{"damage":0.0,"enemies":"3 Louse","floor":7.0,"turns":2.0},{"damage":6.0,"enemies":"Gremlin Nob","floor":8.0,"turns":3.0},{"damage":12.0,"enemies":"Looter","floor":12.0,"turns":3.0},{"damage":23.0,"enemies":"Exordium Thugs","floor":13.0,"turns":4.0},{"damage":3.0,"enemies":"3 Louse","floor":14.0,"turns":3.0},{"damage":34,"enemies":"Slime Boss","floor":16,"turns":10},{"damage":13,"enemies":"Chosen","floor":18,"turns":5},{"damage":6,"enemies":"3 Byrds","floor":19,"turns":5},{"damage":50,"enemies":"3 Cultists","floor":22,"turns":5}],"seed_played":"-1468559387874159310","potions_obtained":[{"floor":3.0,"key":"Fire Potion"},{"floor":4.0,"key":"FearPotion"},{"floor":7.0,"key":"Fire Potion"},{"floor":13.0,"key":"Weak Potion"}],"is_trial":false,"path_per_floor":["?","?","M","?","?"],"character_chosen":"DEFECT","items_purchased":["Panache"],"campfire_rested":1,"item_purchase_floors":[11],"current_hp_per_floor":[75,75,68,66,66,66,66,60,60,60,60,48,25,22,42,8,69,56,50,50,50,0],"gold":191,"neow_bonus":"ONE_RANDOM_RARE_CARD","is_prod":false,"is_daily":false,"chose_seed":false,"campfire_upgraded":1,"win_rate":0,"timestamp":1549921543,"path_taken":["M","?","M","M","M","R","M","E","T","?","$","M","?","M","R","BOSS","M","M","?","?","M"],"build_version":"2019-01-23","purchased_purges":0,"victory":false,"max_hp_per_floor":[75,75,75,75,75,75,75,75,75,69,69,69,69,69,69,69,69,69,69,69,69,69],"card_choices":[{"not_picked":["Ball Lightning","Barrage"],"picked":"Gash","floor":1.0},{"not_picked":["Double Energy","Leap","Rebound"],"picked":"SKIP","floor":3.0},{"not_picked":["Ball Lightning","Hologram"],"picked":"Core Surge","floor":4.0},{"not_picked":["Redo","Turbo","Blizzard"],"picked":"SKIP","floor":5.0},{"not_picked":["Coolheaded","Sunder"],"picked":"Beam Cell","floor":7.0},{"not_picked":["Leap","Steam","Conserve Battery"],"picked":"SKIP","floor":8.0},{"not_picked":["Undo","Rebound","Sunder"],"picked":"SKIP","floor":12.0},{"not_picked":["Consume","Glacier","Stack"],"picked":"SKIP","floor":13.0},{"not_picked":["Steam Power","Undo"],"picked":"Beam Cell","floor":14.0},{"not_picked":["Rebound","Steam","Hologram+1"],"picked":"SKIP","floor":18},{"not_picked":["Ball Lightning","Leap"],"picked":"Beam Cell","floor":19}],"player_experience":174356,"relics_obtained":[{"floor":8.0,"key":"Du-Vu Doll"}],"event_choices":[{"damage_healed":0.0,"max_hp_gain":0.0,"max_hp_loss":0.0,"gold_gain":0.0,"event_name":"Liars Game","player_choice":"Ignored","floor":2.0,"gold_loss":0.0,"damage_taken":0.0},{"damage_healed":0.0,"max_hp_gain":0.0,"max_hp_loss":6.0,"gold_gain":0.0,"event_name":"Golden Idol","player_choice":"Lose Max HP","floor":10.0,"gold_loss":0.0,"damage_taken":0.0,"relics_obtained":["Golden Idol"]},{"damage_healed":0,"gold_gain":0,"player_choice":"Inject Mutagens","damage_taken":0,"relics_obtained":["MutagenicStrength"],"max_hp_gain":0,"max_hp_loss":0,"event_name":"Drug Dealer","floor":20,"gold_loss":0},{"cards_removed":["Strike_B"],"damage_healed":0,"gold_gain":0,"player_choice":"Gave Gold","damage_taken":0,"max_hp_gain":0,"max_hp_loss":0,"event_name":"Beggar","floor":21,"gold_loss":75}],"is_beta":false,"boss_relics":[{"not_picked":["Tiny House","Nuclear Battery"],"picked":"FrozenCore"}],"items_purged_floors":[],"is_endless":false,"potions_floor_spawned":[3,4,7,13],"killed_by":"3 Cultists","ascension_level":2}