{"gold_per_floor":[113,130,140,153,171,171,196,196,221,241,255,100,100,130,130,209,209,223,233,233,53,53],"floor_reached":22,"playtime":3805,"items_purged":["Strike_G"],"score":347,"play_id":"f69cc446-4c0f-47b8-8e4e-864ef6d7bf79","local_time":"20190210195817","is_ascension_mode":true,"campfire_choices":[{"data":"Well Laid Plans","floor":6,"key":"SMITH"},{"floor":15,"key":"REST"}],"neow_cost":"NONE","seed_source_timestamp":437429993599100,"circlet_count":0,"master_deck":["AscendersBane","Defend_G","Defend_G","Defend_G","Defend_G","Defend_G","Strike_G","Strike_G","Strike_G","Survivor","Neutralize","Finisher","Blade Dance","Cloak And Dagger","Blade Dance","Well Laid Plans+1","Adrenaline","Deadly Poison","Cloak And Dagger","Accuracy","Prepared","Adrenaline","Dagger Spray","Dagger Throw","Accuracy","Adrenaline"],"relics":["Ring of the Snake","NeowsBlessing","Pen Nib","Strawberry","Centennial Puzzle","White Beast Statue"],"potions_floor_usage":[5,7,16,19,22],"damage_taken":[{"damage":0,"enemies":"Small Slimes","floor":1,"turns":1},{"damage":0,"enemies":"Jaw Worm","floor":2,"turns":1},{"damage":0,"enemies":"2 Louse","floor":3,"turns":1},{"damage":2,"enemies":"2 Fungi Beasts","floor":4,"turns":4},{"damage":0,"enemies":"3 Louse","floor":5,"turns":3},{"damage":34,"enemies":"Lagavulin","floor":7,"turns":7},{"damage":0,"enemies":"Blue Slaver","floor":10,"turns":3},{"damage":3,"enemies":"Looter","floor":11,"turns":3},{"damage":13,"enemies":"3 Sentries","floor":14,"turns":7},{"damage":44,"enemies":"Slime Boss","floor":16,"turns":13},{"damage":16,"enemies":"Shell Parasite","floor":18,"turns":5},{"damage":31,"enemies":"Chosen","floor":19,"turns":5},{"damage":17,"enemies":"Centurion and Healer","floor":22,"turns":1}],"seed_played":"-6628737333913323535","potions_obtained":[{"floor":2,"key":"Fire Potion"},{"floor":4,"key":"FearPotion"},{"floor":5,"key":"Regen Potion"},{"floor":14,"key":"Dexterity Potion"},{"floor":18,"key":"Fire Potion"},{"floor":19,"key":"Swift Potion"}],"is_trial":false,"path_per_floor":["M","M","M","M","M","R","E","?","T","M","M","$","?","E","R","B",null,"M","M","?","$","M"],"character_chosen":"THE_SILENT","items_purchased":["Accuracy","Accuracy","Adrenaline"],"campfire_rested":1,"item_purchase_floors":[12,21,21],"current_hp_per_floor":[59,59,59,57,57,57,37,42,49,49,46,46,39,26,49,5,60,44,13,13,13,0],"gold":53,"neow_bonus":"THREE_ENEMY_KILL","is_prod":false,"is_daily":false,"chose_seed":false,"campfire_upgraded":1,"win_rate":0,"timestamp":1549799897,"path_taken":["M","M","M","M","M","R","E","?","T","M","M","$","?","E","R","BOSS","M","M","?","$","M"],"build_version":"2019-01-23","purchased_purges":1,"victory":false,"max_hp_per_floor":[66,66,66,66,66,66,66,71,78,78,78,78,78,78,78,78,78,78,78,78,78,78],"card_choices":[{"not_picked":["Backflip","Dodge and Roll"],"picked":"Finisher","floor":1},{"not_picked":["Quick Slash","Prepared"],"picked":"Blade Dance","floor":2},{"not_picked":["Predator","Backflip"],"picked":"Cloak And Dagger","floor":3},{"not_picked":["Slice","Distraction"],"picked":"Blade Dance","floor":4},{"not_picked":["Dodge and Roll","Bane"],"picked":"Well Laid Plans","floor":5},{"not_picked":["Caltrops","Cloak And Dagger"],"picked":"Adrenaline","floor":7},{"not_picked":["Bane","Heel Hook"],"picked":"Deadly Poison","floor":10},{"not_picked":["Sucker Punch","Setup"],"picked":"Cloak And Dagger","floor":11},{"not_picked":["Underhanded Strike","Reflex"],"picked":"Prepared","floor":14},{"not_picked":["Grand Finale","Glass Knife"],"picked":"Adrenaline","floor":16},{"not_picked":["Setup","Dagger Throw"],"picked":"Dagger Spray","floor":18},{"not_picked":["Slice","Deflect"],"picked":"Dagger Throw","floor":19}],"player_experience":695856,"relics_obtained":[{"floor":7,"key":"Pen Nib"},{"floor":9,"key":"Strawberry"},{"floor":14,"key":"Centennial Puzzle"}],"event_choices":[{"damage_healed":0,"gold_gain":0,"player_choice":"Donut","damage_taken":0,"max_hp_gain":5,"max_hp_loss":0,"event_name":"Big Fish","floor":8,"gold_loss":0},{"cards_removed":["Strike_G"],"damage_healed":0,"gold_gain":0,"player_choice":"Card Removal","damage_taken":7,"max_hp_gain":0,"max_hp_loss":0,"event_name":"Golden Wing","floor":13,"gold_loss":0},{"damage_healed":0,"gold_gain":0,"player_choice":"Ignored","damage_taken":0,"max_hp_gain":0,"max_hp_loss":0,"event_name":"The Mausoleum","floor":20,"gold_loss":0}],"is_beta":false,"boss_relics":[{"not_picked":["Coffee Dripper","Runic Dome"],"picked":"White Beast Statue"}],"items_purged_floors":[12],"is_endless":false,"potions_floor_spawned":[2,4,5,14,18,19],"killed_by":"Centurion and Healer","ascension_level":15}