{"gold_per_floor":[113,132,5,5,22,51,66,66,66,83,117,130,141,194,194,296,296,296,296,251,251,251,251,251,251,251,251,251,251,42,42,42,42,42,42,2,2,2,2,2,2,2,2,2,2,2,2,2,2,2],"floor_reached":51,"playtime":3647,"items_purged":[],"score":915,"play_id":"69ff62e1-f777-4147-9a5d-7a0275aba973","local_time":"20190227175600","is_ascension_mode":true,"campfire_choices":[{"data":"Neutralize","floor":8.0,"key":"SMITH"},{"floor":15.0,"key":"REST"},{"floor":25.0,"key":"REST"},{"data":"Cloak And Dagger","floor":27.0,"key":"SMITH"},{"floor":32.0,"key":"REST"},{"data":"Storm of Steel","floor":40,"key":"SMITH"},{"data":"Blade Dance","floor":44,"key":"SMITH"},{"data":"Cloak And Dagger","floor":49,"key":"SMITH"}],"neow_cost":"NONE","seed_source_timestamp":1093765377763213,"circlet_count":0,"master_deck":["Defend_G","Defend_G","Defend_G","Defend_G","Defend_G","Strike_G","Survivor","Neutralize+1","Dagger Throw+1","Noxious Fumes","Cloak And Dagger+1","Backflip","Predator","Dagger Throw+1","Skewer","Backstab","Caltrops","Dagger Spray","Blade Dance+1","Adrenaline","Poisoned Stab","Deflect+1","Riddle With Holes","Backflip","Accuracy","Noxious Fumes","Endless Agony","Storm of Steel+1","Wraith Form v2+1","Bullet Time+1","Expertise+1","Cloak And Dagger+1","PiercingWail+1"],"special_seed":0,"relics":["Ring of the Snake","Centennial Puzzle","Shuriken","The Courier","Regal Pillow","Ectoplasm","Mercury Hourglass","Enchiridion","Kunai","Red Mask","Bag of Marbles","Astrolabe","Whetstone","Boot"],"potions_floor_usage":[50,50,50],"damage_taken":[{"damage":16.0,"enemies":"Jaw Worm","floor":1.0,"turns":9.0},{"damage":0.0,"enemies":"Cultist","floor":2.0,"turns":4.0},{"damage":0.0,"enemies":"Small Slimes","floor":5.0,"turns":3.0},{"damage":18.0,"enemies":"3 Sentries","floor":6.0,"turns":9.0},{"damage":2.0,"enemies":"Exordium Wildlife","floor":7.0,"turns":4.0},{"damage":3.0,"enemies":"2 Fungi Beasts","floor":10.0,"turns":4.0},{"damage":13.0,"enemies":"Gremlin Nob","floor":11.0,"turns":4.0},{"damage":7.0,"enemies":"Blue Slaver","floor":12.0,"turns":3.0},{"damage":5.0,"enemies":"Lots of Slimes","floor":13.0,"turns":2.0},{"damage":33.0,"enemies":"The Guardian","floor":16.0,"turns":12.0},{"damage":3.0,"enemies":"Chosen","floor":18.0,"turns":4.0},{"damage":2.0,"enemies":"2 Thieves","floor":20.0,"turns":4.0},{"damage":4.0,"enemies":"3 Cultists","floor":21.0,"turns":5.0},{"damage":0.0,"enemies":"Centurion and Healer","floor":22.0,"turns":5.0},{"damage":28.0,"enemies":"Book of Stabbing","floor":23.0,"turns":5.0},{"damage":0.0,"enemies":"Snake Plant","floor":28.0,"turns":4.0},{"damage":0.0,"enemies":"Masked Bandits","floor":29.0,"turns":3.0},{"damage":2.0,"enemies":"3 Cultists","floor":31.0,"turns":4.0},{"damage":14.0,"enemies":"Champ","floor":33.0,"turns":9.0},{"damage":7.0,"enemies":"3 Shapes","floor":35.0,"turns":4.0},{"damage":1,"enemies":"Orb Walker","floor":39,"turns":3},{"damage":3,"enemies":"Jaw Worm Horde","floor":41,"turns":3},{"damage":0,"enemies":"Spire Growth","floor":45,"turns":4},{"damage":7,"enemies":"Sphere and 2 Shapes","floor":46,"turns":5},{"damage":31,"enemies":"Donu and Deca","floor":50,"turns":8}],"seed_played":"1020391434591540893","potions_obtained":[{"floor":6.0,"key":"Ancient Potion"},{"floor":10.0,"key":"LiquidBronze"},{"floor":11.0,"key":"Poison Potion"},{"floor":13.0,"key":"Weak Potion"},{"floor":16.0,"key":"Energy Potion"},{"floor":21.0,"key":"EssenceOfSteel"},{"floor":23.0,"key":"GamblersBrew"},{"floor":28.0,"key":"Dexterity Potion"},{"floor":29.0,"key":"Weak Potion"},{"floor":35.0,"key":"Fire Potion"},{"floor":39,"key":"GhostInAJar"},{"floor":46,"key":"Regen Potion"}],"is_trial":false,"path_per_floor":["M","M","$","?","M","E","M","R","T","M","E","M","M","T","R","B",null,"M","?","M","M","M","E","?","R","T","R","M","?","$","M","R","B",null,"M","$","?","?","M","R","M","T","T","R","M","M","$","?","R","B",null],"character_chosen":"THE_SILENT","items_purchased":["Cloak And Dagger","Backflip","Weak Potion","Noxious Fumes","Endless Agony","Bag of Marbles","Dexterity Potion"],"campfire_rested":3,"item_purchase_floors":[3,3,3,30,30,30,36],"current_hp_per_floor":[54,54,54,54,54,36,34,34,34,31,18,11,6,6,44,11,61,58,58,56,52,52,24,8,46,46,46,46,46,46,44,77,63,74,67,67,67,67,66,66,63,63,63,63,63,56,56,56,56,40],"gold":2,"neow_bonus":"TEN_PERCENT_HP_BONUS","is_prod":false,"is_daily":false,"chose_seed":false,"campfire_upgraded":5,"win_rate":0,"timestamp":1551318960,"path_taken":["M","M","$","?","?","E","M","R","T","M","E","M","M","?","R","BOSS","M","?","M","M","M","E","?","R","T","R","M","?","$","M","R","BOSS","M","$","?","?","M","R","?","?","T","R","?","M","$","?","R","BOSS"],"build_version":"2019-01-23","purchased_purges":0,"victory":true,"max_hp_per_floor":[77,77,77,77,77,77,77,77,77,77,77,77,77,77,77,77,77,77,77,77,77,77,77,77,77,77,77,77,77,77,77,77,77,77,77,77,77,77,77,77,77,77,77,77,77,77,77,77,77,77],"card_choices":[{"not_picked":["Deadly Poison","Sucker Punch"],"picked":"Dagger Throw","floor":1.0},{"not_picked":["Backflip","Tactician"],"picked":"Noxious Fumes","floor":2.0},{"not_picked":["Endless Agony","Concentrate"],"picked":"Predator","floor":5.0},{"not_picked":["Dodge and Roll","Calculated Gamble"],"picked":"Dagger Throw","floor":6.0},{"not_picked":["Tactician","Infinite Blades"],"picked":"Skewer","floor":7.0},{"not_picked":["Dodge and Roll","Well Laid Plans"],"picked":"Backstab","floor":10.0},{"not_picked":["Unload","Outmaneuver"],"picked":"Caltrops","floor":11.0},{"not_picked":["Distraction","Bane"],"picked":"Dagger Spray","floor":12.0},{"not_picked":["Flying Knee","Escape Plan"],"picked":"Blade Dance","floor":13.0},{"not_picked":["Tools of the Trade","Die Die Die"],"picked":"Adrenaline","floor":16.0},{"not_picked":["Distraction","Outmaneuver"],"picked":"Poisoned Stab","floor":18.0},{"not_picked":["Predator","Sucker Punch"],"picked":"Deflect+1","floor":20.0},{"not_picked":["Expertise","Prepared","Bane"],"picked":"SKIP","floor":21.0},{"not_picked":["Dagger Spray","Endless Agony+1"],"picked":"Riddle With Holes","floor":22.0},{"not_picked":["Endless Agony+1","Dagger Throw"],"picked":"Backflip","floor":23.0},{"not_picked":["Blade Dance","Quick Slash","Bane+1"],"picked":"SKIP","floor":28.0},{"not_picked":["Night Terror","Sucker Punch"],"picked":"Accuracy","floor":29.0},{"not_picked":["Eviscerate","Prepared+1","Escape Plan"],"picked":"SKIP","floor":31.0},{"not_picked":["Grand Finale","Adrenaline"],"picked":"Storm of Steel","floor":33.0},{"not_picked":["Deflect","Dodge and Roll"],"picked":"Cloak And Dagger","floor":35.0},{"not_picked":["Concentrate+1","Blade Dance"],"picked":"PiercingWail+1","floor":39},{"not_picked":["Riddle With Holes","Eviscerate+1","Blade Dance"],"picked":"SKIP","floor":41},{"not_picked":["Dagger Spray+1","Deflect+1","Poisoned Stab"],"picked":"SKIP","floor":45},{"not_picked":["Unload","Skewer","Masterful Stab"],"picked":"SKIP","floor":46}],"player_experience":497146,"relics_obtained":[{"floor":6.0,"key":"Centennial Puzzle"},{"floor":9.0,"key":"Shuriken"},{"floor":11.0,"key":"The Courier"},{"floor":14.0,"key":"Regal Pillow"},{"floor":23.0,"key":"Mercury Hourglass"},{"floor":24.0,"key":"Enchiridion"},{"floor":26.0,"key":"Kunai"},{"floor":29.0,"key":"Red Mask"},{"floor":42,"key":"Whetstone"},{"floor":43,"key":"Boot"}],"event_choices":[{"cards_removed":["Strike_G"],"damage_healed":0.0,"max_hp_gain":0.0,"max_hp_loss":0.0,"gold_gain":0.0,"event_name":"Bonfire Elementals","player_choice":"Offered Basic","floor":4.0,"gold_loss":0.0,"damage_taken":0.0},{"damage_healed":0.0,"max_hp_gain":0.0,"max_hp_loss":0.0,"gold_gain":99.0,"event_name":"Nest","player_choice":"Stole From Cult","floor":19.0,"gold_loss":0.0,"damage_taken":0.0},{"damage_healed":0.0,"max_hp_gain":0.0,"max_hp_loss":0.0,"gold_gain":0.0,"event_name":"Cursed Tome","player_choice":"Obtained Book","floor":24.0,"gold_loss":0.0,"damage_taken":16.0},{"damage_healed":0.0,"max_hp_gain":0.0,"max_hp_loss":0.0,"gold_gain":0.0,"event_name":"Masked Bandits","player_choice":"Fought Bandits","floor":29.0,"gold_loss":0.0,"damage_taken":0.0},{"damage_healed":0,"gold_gain":0,"player_choice":"Ignored","damage_taken":0,"max_hp_gain":0,"max_hp_loss":0,"event_name":"Mysterious Sphere","floor":37,"gold_loss":0},{"damage_healed":0,"gold_gain":0,"player_choice":"Got Potions","damage_taken":0,"max_hp_gain":0,"max_hp_loss":0,"event_name":"Lab","floor":38,"gold_loss":0},{"damage_healed":0,"gold_gain":0,"player_choice":"Memory 1","damage_taken":0,"max_hp_gain":0,"max_hp_loss":0,"event_name":"SensoryStone","floor":48,"gold_loss":0}],"is_beta":false,"boss_relics":[{"not_picked":["Runic Pyramid","Velvet Choker"],"picked":"Ectoplasm"},{"not_picked":["Black Star","HoveringKite"],"picked":"Astrolabe"}],"items_purged_floors":[],"is_endless":false,"potions_floor_spawned":[6,10,11,13,16,21,23,28,29,31,35,39,46],"ascension_level":9}