{"gold_per_floor":[219,230,230,243,259,292,292,308,308,49,60,76,76,76,76,171,171,160,170,205,11,11],"floor_reached":22,"playtime":1405,"items_purged":["Dualcast"],"score":254,"play_id":"cda78cf7-c842-4d5c-9986-6e6e88e30571","local_time":"20190226215955","is_ascension_mode":true,"campfire_choices":[{"floor":7,"key":"REST"},{"floor":13,"key":"REST"},{"floor":15,"key":"REST"}],"neow_cost":"NONE","seed_source_timestamp":1207663034850391,"circlet_count":0,"master_deck":["Strike_B","Strike_B+1","Strike_B","Strike_B","Defend_B","Defend_B","Defend_B","Defend_B+1","Zap","Chill","Defragment","Zap","Machine Learning","Storm","Conserve Battery","Loop","The Bomb"],"relics":["Cracked Core","Question Card","Mercury Hourglass","Lantern","Fusion Hammer","Red Mask"],"potions_floor_usage":[6,16,16,16,22],"damage_taken":[{"damage":0,"enemies":"2 Louse","floor":1,"turns":2},{"damage":0,"enemies":"Cultist","floor":2,"turns":3},{"damage":0,"enemies":"Small Slimes","floor":4,"turns":3},{"damage":2,"enemies":"2 Fungi Beasts","floor":5,"turns":4},{"damage":22,"enemies":"3 Sentries","floor":6,"turns":13},{"damage":11,"enemies":"Exordium Wildlife","floor":8,"turns":4},{"damage":7,"enemies":"Exordium Thugs","floor":11,"turns":4},{"damage":7,"enemies":"2 Fungi Beasts","floor":12,"turns":3},{"damage":53,"enemies":"Slime Boss","floor":16,"turns":8},{"damage":19,"enemies":"2 Thieves","floor":18,"turns":4},{"damage":1,"enemies":"Shell Parasite","floor":19,"turns":6},{"damage":33,"enemies":"Masked Bandits","floor":20,"turns":5},{"damage":25,"enemies":"Chosen and Byrds","floor":22,"turns":4}],"seed_played":"-7704359441998511029","potions_obtained":[{"floor":1,"key":"EssenceOfSteel"},{"floor":5,"key":"Poison Potion"},{"floor":6,"key":"Explosive Potion"},{"floor":12,"key":"Fire Potion"},{"floor":16,"key":"Energy Potion"},{"floor":20,"key":"Block Potion"}],"is_trial":false,"path_per_floor":["M","M","?","M","M","E","R","M","T","$","M","M","R","?","R","B",null,"M","M","?","$","M"],"character_chosen":"DEFECT","items_purchased":["Defragment","Lantern","The Bomb"],"campfire_rested":3,"item_purchase_floors":[10,10,21],"current_hp_per_floor":[68,68,53,53,51,29,51,40,40,40,33,26,48,48,70,17,61,42,41,8,8,0],"gold":11,"neow_bonus":"HUNDRED_GOLD","is_prod":false,"is_daily":false,"chose_seed":false,"campfire_upgraded":0,"win_rate":0,"timestamp":1551239995,"path_taken":["M","M","?","M","M","E","R","M","T","$","M","M","R","?","R","BOSS","M","?","?","$","M"],"build_version":"2019-01-23","purchased_purges":1,"victory":false,"max_hp_per_floor":[75,75,75,75,75,75,75,75,75,75,75,75,75,75,75,75,75,75,75,75,75,75],"card_choices":[{"not_picked":["Stack","Chaos"],"picked":"Chill","floor":1},{"not_picked":["Undo","Ball Lightning","Static Discharge"],"picked":"SKIP","floor":2},{"not_picked":["Undo","Force Field","Hello World"],"picked":"SKIP","floor":4},{"not_picked":["Compile Driver","Steam","Ball Lightning"],"picked":"SKIP","floor":5},{"not_picked":["Reinforced Body","Steam","Turbo"],"picked":"SKIP","floor":6},{"not_picked":["Gash","Redo","Coolheaded","Beam Cell"],"picked":"SKIP","floor":8},{"not_picked":["Compile Driver","Creative AI","Turbo","Force Field"],"picked":"SKIP","floor":11},{"not_picked":["Conserve Battery","Darkness","Gash","Sweeping Beam"],"picked":"SKIP","floor":12},{"not_picked":["Meteor Strike","Thunder Strike","Amplify"],"picked":"Machine Learning","floor":16},{"not_picked":["Compile Driver","Rebound","Barrage"],"picked":"Storm","floor":18},{"not_picked":["Darkness","Hologram","Cold Snap"],"picked":"Conserve Battery","floor":19},{"not_picked":["Beam Cell","Streamline","Consume"],"picked":"Loop","floor":20}],"player_experience":1520029,"relics_obtained":[{"floor":6,"key":"Question Card"},{"floor":9,"key":"Mercury Hourglass"},{"floor":20,"key":"Red Mask"}],"event_choices":[{"damage_healed":0,"gold_gain":0,"player_choice":"Entered Light","damage_taken":15,"max_hp_gain":0,"max_hp_loss":0,"event_name":"Shining Light","floor":3,"gold_loss":0,"cards_upgraded":["Defend_B","Strike_B"]},{"damage_healed":0,"gold_gain":0,"player_choice":"1 cards matched","damage_taken":0,"max_hp_gain":0,"max_hp_loss":0,"event_name":"Match and Keep!","floor":14,"gold_loss":0,"cards_obtained":["Zap"]},{"damage_healed":0,"gold_gain":0,"player_choice":"Fought Bandits","damage_taken":0,"max_hp_gain":0,"max_hp_loss":0,"event_name":"Masked Bandits","floor":20,"gold_loss":0}],"is_beta":false,"boss_relics":[{"not_picked":["Runic Pyramid","Calling Bell"],"picked":"Fusion Hammer"}],"items_purged_floors":[10],"is_endless":false,"potions_floor_spawned":[1,5,6,12,16,20],"killed_by":"Chosen and Byrds","ascension_level":7}