{"gold_per_floor":[109,109,109,109,10,43,8,32,32,32,52,69,97,112,112,215,215,235,253,163,49,49,80,80,111,111,111,111,126,126,161,161,256,256,276,295,312,412,412,412],"floor_reached":40,"playtime":1688,"items_purged":[],"score":588,"play_id":"122c4c64-49e0-4134-bfb9-2d8539d29080","local_time":"20180928155144","is_ascension_mode":true,"campfire_choices":[{"data":"Zap","floor":10.0,"key":"SMITH"},{"data":"Storm","floor":15.0,"key":"SMITH"},{"floor":24,"key":"REST"},{"data":"Storm","floor":27,"key":"SMITH"},{"data":"Self Repair","floor":30,"key":"SMITH"},{"data":"Capacitor","floor":32,"key":"SMITH"}],"neow_cost":"NONE","seed_source_timestamp":0,"circlet_count":0,"master_deck":["Defend_B+1","Defend_B","Defend_B+1","Defend_B","Zap+1","Dualcast","Biased Cognition","Self Repair+1","Leap","Conserve Battery","Turbo","Tempest+1","Heatsinks+1","Go for the Eyes","Conserve Battery","Storm+1","Hyperbeam","Storm+1","Conserve Battery","Capacitor+1","Coolheaded","Electrodynamics","Streamline+1","Chill+1","Steam+1","Self Repair","Echo Form","Conserve Battery+1","Auto Shields","Consume+1"],"special_seed":0,"relics":["FrozenCore","PreservedInsect","Pantograph","Happy Flower","Vajra","Lantern","Regal Pillow","Oddly Smooth Stone","Kunai","Pocketwatch","Snecko Eye"],"potions_floor_usage":[16,16,29,33,40],"damage_taken":[{"damage":8.0,"enemies":"Small Slimes","floor":1.0,"turns":3.0},{"damage":8.0,"enemies":"Gremlin Nob","floor":6.0,"turns":3.0},{"damage":0.0,"enemies":"Jaw Worm","floor":11.0,"turns":3.0},{"damage":0.0,"enemies":"Cultist","floor":12.0,"turns":3.0},{"damage":6.0,"enemies":"3 Sentries","floor":13.0,"turns":3.0},{"damage":1.0,"enemies":"2 Fungi Beasts","floor":14.0,"turns":3.0},{"damage":19,"enemies":"The Guardian","floor":16,"turns":12},{"damage":0,"enemies":"Spheric Guardian","floor":18,"turns":4},{"damage":30,"enemies":"2 Thieves","floor":19,"turns":4},{"damage":38,"enemies":"Slavers","floor":23,"turns":4},{"damage":10,"enemies":"Book of Stabbing","floor":25,"turns":4},{"damage":6,"enemies":"Chosen and Byrds","floor":29,"turns":3},{"damage":12,"enemies":"Gremlin Leader","floor":31,"turns":4},{"damage":36,"enemies":"Automaton","floor":33,"turns":9},{"damage":12,"enemies":"3 Darklings","floor":35,"turns":3},{"damage":11,"enemies":"3 Shapes","floor":36,"turns":3},{"damage":30,"enemies":"Transient","floor":37,"turns":5},{"damage":49,"enemies":"2 Orb Walkers","floor":40,"turns":3}],"seed_played":"-1630271556684700790","potions_obtained":[{"floor":1.0,"key":"Explosive Potion"},{"floor":12.0,"key":"AttackPotion"},{"floor":14.0,"key":"AttackPotion"},{"floor":25,"key":"AttackPotion"},{"floor":31,"key":"AttackPotion"},{"floor":37,"key":"LiquidBronze"}],"is_trial":false,"path_per_floor":["M","?","?","?","$","E","$","T","T","R","M","M","E","M","R","B",null,"M","M","?","$","?","E","R","E","T","R","?","M","R","E","R","B",null,"M","M","M","?","?"],"character_chosen":"DEFECT","items_purchased":["Conserve Battery","Turbo","Heatsinks","Capacitor","Coolheaded"],"campfire_rested":1,"item_purchase_floors":[5,5,7,21,21],"current_hp_per_floor":[67,67,52,40,40,39,39,39,39,39,46,53,47,53,53,63,72,75,52,52,52,52,14,51,48,48,48,48,49,49,37,37,43,67,62,58,35,35,35,0],"gold":412,"neow_bonus":"ONE_RANDOM_RARE_CARD","is_prod":false,"is_daily":false,"chose_seed":false,"campfire_upgraded":5,"win_rate":0,"timestamp":1538124704,"path_taken":["M","?","?","?","$","E","?","?","T","R","M","?","E","M","R","BOSS","M","?","?","$","?","E","R","E","T","R","?","M","R","E","R","BOSS","M","?","M","?","?","E"],"build_version":"2018-09-27","purchased_purges":0,"victory":false,"max_hp_per_floor":[75,75,75,75,75,75,75,75,75,75,75,75,75,75,75,75,75,75,75,75,75,75,75,75,75,75,75,75,75,75,75,75,75,75,75,75,75,75,75,75],"card_choices":[{"not_picked":["Redo","Leap"],"picked":"Self Repair","floor":1.0},{"not_picked":["Compile Driver","Melter"],"picked":"Tempest","floor":6.0},{"not_picked":["Aggregate","Barrage"],"picked":"Go for the Eyes","floor":11.0},{"not_picked":["Beam Cell","Skim"],"picked":"Conserve Battery","floor":12.0},{"not_picked":["Thunder Strike","Machine Learning"],"picked":"Storm","floor":13.0},{"not_picked":["Go for the Eyes","Streamline","Barrage"],"picked":"SKIP","floor":14.0},{"not_picked":["Biased Cognition","Core Surge"],"picked":"Hyperbeam","floor":16},{"not_picked":["Leap","Steam Power"],"picked":"Storm","floor":18},{"not_picked":["Barrage","Compile Driver"],"picked":"Conserve Battery","floor":19},{"not_picked":["Force Field","Fusion"],"picked":"Streamline+1","floor":23},{"not_picked":["Consume","Rebound"],"picked":"Chill+1","floor":25},{"not_picked":["Beam Cell","Rip and Tear"],"picked":"Steam+1","floor":29},{"not_picked":["Sweeping Beam","Hyperbeam"],"picked":"Self Repair","floor":31},{"not_picked":["Machine Learning","Core Surge"],"picked":"Echo Form","floor":33},{"not_picked":["Leap+1","Tempest"],"picked":"Conserve Battery+1","floor":35},{"not_picked":["Gash","Ball Lightning+1"],"picked":"Auto Shields","floor":36},{"not_picked":["Leap","Hyperbeam"],"picked":"Consume+1","floor":37}],"player_experience":241261,"relics_obtained":[{"floor":6.0,"key":"Pantograph"},{"floor":8.0,"key":"Happy Flower"},{"floor":9.0,"key":"Vajra"},{"floor":13.0,"key":"Lantern"},{"floor":23,"key":"Regal Pillow"},{"floor":25,"key":"Oddly Smooth Stone"},{"floor":26,"key":"Kunai"},{"floor":31,"key":"Pocketwatch"}],"event_choices":[{"event_name":"Living Wall","player_choice":"Change","floor":2.0,"damage_taken":0.0},{"event_name":"Shining Light","player_choice":"Entered Light","floor":3.0,"damage_taken":0.0},{"event_name":"Scrap Ooze","player_choice":"success","floor":4.0,"damage_taken":12.0},{"event_name":"Designer","player_choice":"Full Service","floor":20,"damage_taken":0},{"event_name":"Transmorgrifier","player_choice":"Transform","floor":22,"damage_taken":0},{"event_name":"Accursed Blacksmith","player_choice":"Forge","floor":28,"damage_taken":0},{"event_name":"Golden Shrine","player_choice":"Pray","floor":38,"damage_taken":0},{"event_name":"Falling","player_choice":"Removed Attack","floor":39,"damage_taken":0}],"is_beta":false,"boss_relics":[{"not_picked":["White Beast Statue","Eternal Feather"],"picked":"FrozenCore"},{"not_picked":["Pandora\u0027s Box","Philosopher\u0027s Stone"],"picked":"Snecko Eye"}],"items_purged_floors":[],"is_endless":false,"potions_floor_spawned":[1,12,14,25,31,37],"killed_by":"2 Orb Walkers","ascension_level":5}