{"gold_per_floor":[113,113,132,21,21,54,54,54,106,181,207,218,73,87,87,187,187,207,207,226,126,141,13,38,38,87,122,139,139,157,176,176,274,274,290,0,0,0,13,47,47,78,132,132,142,158,158,170,170,170],"floor_reached":51,"playtime":3999,"items_purged":["Strike_G","Writhe"],"score":780,"play_id":"165a3bc8-5c0d-468d-b1c4-92fb2240612d","local_time":"20180927085847","is_ascension_mode":false,"campfire_choices":[{"data":"Noxious Fumes","floor":8.0,"key":"SMITH"},{"data":"Catalyst","floor":15.0,"key":"SMITH"},{"floor":25,"key":"REST"},{"floor":29,"key":"REST"},{"floor":32,"key":"REST"},{"floor":44,"key":"DIG"},{"floor":47,"key":"DIG"},{"floor":49,"key":"DIG"}],"neow_cost":"","seed_source_timestamp":0,"circlet_count":0,"master_deck":["Defend_G","Defend_G","Defend_G","Defend_G","Defend_G","Survivor","Neutralize","Leg Sweep","Enlightenment","Noxious Fumes+1","Catalyst+1","Blur","After Image","Blur+1","Cloak And Dagger","Well Laid Plans","Flying Knee+1","Noxious Fumes+1","Deadly Poison+1","Envenom","Acrobatics+1","Heel Hook+1","Masterful Stab+1","Dodge and Roll+1","Leg Sweep","Distraction+1","Night Terror+1","Dash+1","Catalyst"],"special_seed":0,"relics":["Ring of the Snake","Blood Vial","Bronze Scales","Orichalcum","Oddly Smooth Stone","Snake Skull","Fusion Hammer","Strawberry","Blue Candle","PreservedInsect","Kunai","Astrolabe","Red Mask","Shovel","Vajra","Turnip","Tiny Chest","Shuriken","Art of War","Juzu Bracelet"],"potions_floor_usage":[27,31,33,35,48],"damage_taken":[{"damage":0.0,"enemies":"2 Louse","floor":1.0,"turns":2.0},{"damage":0.0,"enemies":"Cultist","floor":3.0,"turns":6.0},{"damage":17.0,"enemies":"Lagavulin","floor":6.0,"turns":11.0},{"damage":13.0,"enemies":"3 Sentries","floor":11.0,"turns":8.0},{"damage":0.0,"enemies":"Small Slimes","floor":12.0,"turns":4.0},{"damage":0.0,"enemies":"Exordium Wildlife","floor":14.0,"turns":5.0},{"damage":4.0,"enemies":"Slime Boss","floor":16.0,"turns":13.0},{"damage":0.0,"enemies":"Chosen","floor":18.0,"turns":5.0},{"damage":5.0,"enemies":"Spheric Guardian","floor":20.0,"turns":5.0},{"damage":5.0,"enemies":"Shelled Parasite and Fungi","floor":22.0,"turns":5.0},{"damage":9.0,"enemies":"Gremlin Leader","floor":24.0,"turns":7.0},{"damage":0,"enemies":"Book of Stabbing","floor":27,"turns":5},{"damage":0,"enemies":"Centurion and Healer","floor":28,"turns":7},{"damage":0,"enemies":"Sentry and Sphere","floor":30,"turns":5},{"damage":0,"enemies":"Snake Plant","floor":31,"turns":5},{"damage":8,"enemies":"Collector","floor":33,"turns":7},{"damage":0,"enemies":"Orb Walker","floor":35,"turns":4},{"damage":0,"enemies":"Mind Bloom Boss Battle","floor":38,"turns":7},{"damage":0,"enemies":"3 Darklings","floor":39,"turns":6},{"damage":3,"enemies":"Giant Head","floor":40,"turns":7},{"damage":27,"enemies":"Nemesis","floor":42,"turns":7},{"damage":0,"enemies":"Sphere and 2 Shapes","floor":45,"turns":4},{"damage":0,"enemies":"Maw","floor":46,"turns":5},{"damage":0,"enemies":"Transient","floor":48,"turns":4},{"damage":40,"enemies":"Donu and Deca","floor":50,"turns":8}],"seed_played":"1958156209169731592","potions_obtained":[{"floor":6.0,"key":"EssenceOfSteel"},{"floor":11.0,"key":"GamblersBrew"},{"floor":14.0,"key":"Energy Potion"},{"floor":16.0,"key":"AttackPotion"},{"floor":18.0,"key":"Dexterity Potion"},{"floor":22.0,"key":"FearPotion"},{"floor":24.0,"key":"FearPotion"},{"floor":30,"key":"Dexterity Potion"},{"floor":35,"key":"Fruit Juice"},{"floor":39,"key":"FearPotion"},{"floor":40,"key":"Ancient Potion"},{"floor":48,"key":"Fruit Juice"}],"is_trial":false,"path_per_floor":["M","?","M","$","?","E","?","R","T","?","E","M","$","M","R","B",null,"M","?","M","$","M","$","E","R","T","E","M","R","M","M","R","B",null,"M","?","$","?","M","E","?","E","T","R","M","M","R","M","R","B"],"character_chosen":"THE_SILENT","items_purchased":["Catalyst","Snake Skull","Cloak And Dagger","Well Laid Plans"],"campfire_rested":3,"item_purchase_floors":[4,13,23,23],"current_hp_per_floor":[70,70,70,70,70,53,53,53,53,42,31,33,33,35,35,33,70,70,77,72,72,69,69,62,77,77,77,77,77,77,77,77,69,77,82,82,82,82,82,79,79,54,54,54,56,58,58,65,65,27],"gold":170,"neow_bonus":"","is_prod":false,"is_daily":false,"chose_seed":false,"campfire_upgraded":2,"win_rate":0,"timestamp":1538013527,"path_taken":["M","?","M","$","?","E","?","R","T","?","E","M","$","M","R","BOSS","M","?","M","$","?","$","E","R","T","E","M","R","M","M","R","BOSS","M","?","?","?","M","E","?","E","T","R","M","M","R","M","R","BOSS"],"build_version":"2018-09-20","purchased_purges":2,"victory":true,"max_hp_per_floor":[70,70,70,70,70,70,70,70,70,70,70,70,70,70,70,70,70,70,77,77,77,77,77,77,77,77,77,77,77,77,77,77,77,77,82,82,82,82,82,82,82,82,82,82,82,82,82,87,87,87],"card_choices":[{"not_picked":["Dodge and Roll","Cloak And Dagger"],"picked":"Leg Sweep","floor":1.0},{"not_picked":["Skewer","All Out Attack"],"picked":"Noxious Fumes","floor":3.0},{"not_picked":["Poisoned Stab","Acrobatics","Caltrops"],"picked":"SKIP","floor":6.0},{"not_picked":["All Out Attack","Tactician","Terror"],"picked":"SKIP","floor":11.0},{"not_picked":["Deadly Poison","Flying Knee"],"picked":"Blur","floor":12.0},{"not_picked":["Skewer","Setup","Outmaneuver"],"picked":"SKIP","floor":14.0},{"not_picked":["Die Die Die","Grand Finale"],"picked":"After Image","floor":16.0},{"not_picked":["Quick Slash","Dagger Throw","Prepared"],"picked":"SKIP","floor":18.0},{"not_picked":["Outmaneuver","Dodge and Roll","Prepared"],"picked":"SKIP","floor":20.0},{"not_picked":["Prepared","Phantasmal Killer"],"picked":"Blur+1","floor":22.0},{"not_picked":["Underhanded Strike","Dodge and Roll"],"picked":"Flying Knee+1","floor":24.0},{"not_picked":["Acrobatics","Slice","Riddle With Holes"],"picked":"SKIP","floor":27},{"not_picked":["Bane","Acrobatics"],"picked":"Noxious Fumes+1","floor":28},{"not_picked":["Sucker Punch","Well Laid Plans","Blade Dance"],"picked":"SKIP","floor":30},{"not_picked":["Cloak And Dagger","Phantasmal Killer"],"picked":"Deadly Poison+1","floor":31},{"not_picked":["Bullet Time","Unload"],"picked":"Envenom","floor":33},{"not_picked":["Caltrops+1","Cloak And Dagger+1"],"picked":"Dodge and Roll+1","floor":35},{"not_picked":["Finisher+1","Blade Dance"],"picked":"Leg Sweep","floor":38},{"not_picked":["Prepared+1","Flying Knee"],"picked":"Distraction+1","floor":39},{"not_picked":["Calculated Gamble+1","Predator+1"],"picked":"Night Terror","floor":40},{"not_picked":["Flechettes","Dagger Spray"],"picked":"Dash+1","floor":42},{"not_picked":["Choke","Masterful Stab","Skewer+1"],"picked":"SKIP","floor":45},{"not_picked":["Backflip","Quick Slash","Dodge and Roll"],"picked":"SKIP","floor":46},{"not_picked":["Riddle With Holes+1","Dagger Spray"],"picked":"Catalyst","floor":48}],"player_experience":202029,"relics_obtained":[{"floor":6.0,"key":"Bronze Scales"},{"floor":9.0,"key":"Orichalcum"},{"floor":11.0,"key":"Oddly Smooth Stone"},{"floor":24.0,"key":"Blue Candle"},{"floor":26,"key":"PreservedInsect"},{"floor":27,"key":"Kunai"},{"floor":38,"key":"Shovel"},{"floor":40,"key":"Vajra"},{"floor":42,"key":"Turnip"},{"floor":43,"key":"Tiny Chest"},{"floor":44,"key":"Shuriken"},{"floor":47,"key":"Art of War"},{"floor":49,"key":"Juzu Bracelet"}],"event_choices":[{"event_name":"Match and Keep!","player_choice":"2 cards matched","floor":2.0,"damage_taken":0.0},{"event_name":"Match and Keep!","player_choice":"2 cards matched","floor":2.0,"damage_taken":0.0},{"event_name":"WeMeetAgain","player_choice":"Card","floor":5.0,"damage_taken":0.0},{"event_name":"Purifier","player_choice":"One Purge","floor":7.0,"damage_taken":0.0},{"event_name":"World of Goop","player_choice":"Gather Gold","floor":10.0,"damage_taken":0.0},{"event_name":"The Mausoleum","player_choice":"Yes","floor":19.0,"damage_taken":0.0},{"event_name":"Tomb of Lord Red Mask","player_choice":"Paid","floor":36,"damage_taken":0},{"event_name":"MindBloom","player_choice":"Fight","floor":38,"damage_taken":0},{"event_name":"Accursed Blacksmith","player_choice":"Forge","floor":41,"damage_taken":0}],"is_beta":false,"boss_relics":[{"not_picked":["Orrery","WristBlade"],"picked":"Fusion Hammer"},{"not_picked":["Busted Crown","Sozu"],"picked":"Astrolabe"}],"items_purged_floors":[4,21],"is_endless":false,"potions_floor_spawned":[6,11,14,16,18,22,24,30,35,39,40,48],"ascension_level":0}