{"gold_per_floor":[116,116,116,126,140,140,150,150,173,173,208,148,160,176,176,280,330,343,343,332,252,265,300,300,300,300,313,330,330,342,352,352,454,454,471,471,486,386,404,404,456,180,180,180,192,192,192,192,192,192],"floor_reached":51,"playtime":3842,"items_purged":["Defend_G","Strike_G","Defend_G","Strike_G"],"score":669,"play_id":"e18dcf8a-39e5-4312-9802-97abf77da23c","local_time":"20181111213045","is_ascension_mode":false,"campfire_choices":[{"data":"Die Die Die","floor":6,"key":"SMITH"},{"data":"Survivor","floor":10,"key":"SMITH"},{"floor":15,"key":"REST"},{"floor":24,"key":"REST"},{"data":"Footwork","floor":29,"key":"SMITH"},{"floor":32,"key":"REST"},{"data":"Backstab","floor":40,"key":"SMITH"},{"floor":44,"key":"REST"},{"floor":47,"key":"REST"},{"data":"Apotheosis","floor":49,"key":"SMITH"}],"neow_cost":"PERCENT_DAMAGE","seed_source_timestamp":2841129392297907,"circlet_count":0,"master_deck":["Defend_G","Defend_G","Strike_G","Strike_G+1","Survivor+1","Neutralize+1","Die Die Die+1","After Image+1","Noxious Fumes","Backstab","Backstab+1","Footwork+1","Cloak And Dagger+1","Adrenaline+1","Blur","Apotheosis+1","Dramatic Entrance"],"relics":["Ring of the Snake","Blood Vial","The Courier","Tiny House","Nloth\u0027s Gift","Ancient Tea Set","Shuriken","Busted Crown","Incense Burner","Singing Bowl"],"potions_floor_usage":[16,16,23,23,33,33,41,41,41],"damage_taken":[{"damage":0,"enemies":"Cultist","floor":1,"turns":4},{"damage":1,"enemies":"Jaw Worm","floor":4,"turns":6},{"damage":0,"enemies":"2 Louse","floor":5,"turns":1},{"damage":0,"enemies":"Exordium Wildlife","floor":7,"turns":3},{"damage":28,"enemies":"Lagavulin","floor":11,"turns":9},{"damage":22,"enemies":"Gremlin Gang","floor":13,"turns":2},{"damage":0,"enemies":"Large Slime","floor":14,"turns":7},{"damage":35,"enemies":"The Guardian","floor":16,"turns":23},{"damage":3,"enemies":"Spheric Guardian","floor":18,"turns":9},{"damage":26,"enemies":"2 Thieves","floor":20,"turns":5},{"damage":7,"enemies":"Snake Plant","floor":22,"turns":6},{"damage":40,"enemies":"Gremlin Leader","floor":23,"turns":9},{"damage":2,"enemies":"3 Cultists","floor":27,"turns":7},{"damage":5,"enemies":"Chosen and Byrds","floor":28,"turns":7},{"damage":9,"enemies":"Centurion and Healer","floor":30,"turns":6},{"damage":6,"enemies":"Cultist and Chosen","floor":31,"turns":8},{"damage":1,"enemies":"Automaton","floor":33,"turns":12},{"damage":4,"enemies":"3 Darklings","floor":35,"turns":4},{"damage":5,"enemies":"3 Shapes","floor":37,"turns":4},{"damage":0,"enemies":"Sphere and 2 Shapes","floor":39,"turns":4},{"damage":53,"enemies":"2 Orb Walkers","floor":41,"turns":8},{"damage":0,"enemies":"Transient","floor":45,"turns":5},{"damage":0,"enemies":"Awakened One","floor":50,"turns":20}],"seed_played":"2640397728358182322","potions_obtained":[{"floor":4,"key":"Dexterity Potion"},{"floor":7,"key":"Ancient Potion"},{"floor":16,"key":"Energy Potion"},{"floor":17,"key":"SmokeBomb"},{"floor":18,"key":"Fire Potion"},{"floor":22,"key":"Fire Potion"},{"floor":28,"key":"Block Potion"},{"floor":30,"key":"Explosive Potion"},{"floor":35,"key":"Ancient Potion"},{"floor":37,"key":"GhostInAJar"}],"is_trial":false,"path_per_floor":["M","T","?","M","M","R","M","?","T","R","E","$","M","M","R","B",null,"M","?","M","$","M","E","R","?","T","M","M","R","M","M","R","B",null,"M","?","M","$","M","R","?","$","T","R","M","?","R","?","R","B",null],"character_chosen":"THE_SILENT","items_purchased":["Apotheosis"],"campfire_rested":5,"item_purchase_floors":[42],"current_hp_per_floor":[49,49,49,50,52,52,54,59,59,59,33,33,13,15,37,4,80,77,77,53,53,48,10,34,60,60,60,57,57,50,46,70,71,80,76,76,73,73,75,75,24,24,24,48,52,52,76,76,76,78],"gold":192,"neow_bonus":"TRANSFORM_TWO_CARDS","is_prod":false,"is_daily":false,"chose_seed":false,"campfire_upgraded":5,"win_rate":0.0,"timestamp":1541993445,"path_taken":["M","?","?","M","?","R","M","?","T","R","E","$","M","M","R","BOSS","M","?","?","$","M","E","R","?","T","M","M","R","M","M","R","BOSS","M","?","?","$","M","R","?","?","T","R","M","?","R","?","R","BOSS"],"build_version":"2018-11-08","purchased_purges":4,"victory":true,"max_hp_per_floor":[70,70,70,70,70,70,70,75,75,75,75,75,75,75,75,75,80,80,80,80,80,80,80,80,80,80,80,80,80,80,80,80,80,80,80,80,80,80,80,80,80,80,80,80,82,82,82,78,78,78],"card_choices":[{"not_picked":["Prepared","Flying Knee","Bane"],"picked":"SKIP","floor":1},{"not_picked":["Sucker Punch","Eviscerate","Dodge and Roll"],"picked":"SKIP","floor":4},{"not_picked":["Sucker Punch","Dagger Throw","Backflip"],"picked":"SKIP","floor":5},{"not_picked":["Flechettes","Backflip","Crippling Poison"],"picked":"SKIP","floor":7},{"not_picked":["Poisoned Stab","Sucker Punch","Acrobatics"],"picked":"SKIP","floor":11},{"not_picked":["Poisoned Stab","Sucker Punch","Acrobatics"],"picked":"SKIP","floor":11},{"not_picked":["Dagger Spray","Flying Knee","Tools of the Trade"],"picked":"SKIP","floor":13},{"not_picked":["Tactician","Dagger Spray","Dodge and Roll"],"picked":"SKIP","floor":14},{"not_picked":["Burst","Wraith Form v2"],"picked":"After Image","floor":16},{"not_picked":["Underhanded Strike","Backstab"],"picked":"Noxious Fumes","floor":17},{"not_picked":["Choke","Masterful Stab","All Out Attack"],"picked":"SKIP","floor":18},{"not_picked":["Outmaneuver+1","Sucker Punch+1"],"picked":"Backstab","floor":20},{"not_picked":["Storm of Steel","Blur"],"picked":"Backstab","floor":22},{"not_picked":["Outmaneuver","Bane","Caltrops"],"picked":"SKIP","floor":23},{"not_picked":["Flying Knee","Slice+1","Expertise"],"picked":"SKIP","floor":27},{"not_picked":["Deadly Poison","Blade Dance"],"picked":"Footwork","floor":28},{"not_picked":["Deflect","Underhanded Strike","Slice"],"picked":"SKIP","floor":30},{"not_picked":["Choke","Outmaneuver"],"picked":"Cloak And Dagger+1","floor":31},{"not_picked":["Tools of the Trade","Venomology"],"picked":"Adrenaline","floor":33},{"not_picked":["Dagger Spray"],"picked":"SKIP","floor":35},{"not_picked":["Flying Knee+1"],"picked":"SKIP","floor":37},{"not_picked":["Eviscerate+1"],"picked":"SKIP","floor":39},{"not_picked":[],"picked":"Blur","floor":41},{"not_picked":["Poisoned Stab"],"picked":"Singing Bowl","floor":45},{"not_picked":[],"picked":"Dramatic Entrance","floor":46}],"player_experience":151502,"relics_obtained":[{"floor":2,"key":"Blood Vial"},{"floor":9,"key":"Whetstone"},{"floor":11,"key":"The Courier"},{"floor":23,"key":"Ancient Tea Set"},{"floor":26,"key":"Shuriken"},{"floor":41,"key":"Incense Burner"},{"floor":43,"key":"Singing Bowl"}],"event_choices":[{"cards_removed":["Reflex"],"damage_healed":0,"gold_gain":0,"player_choice":"Purged","damage_taken":0,"max_hp_gain":0,"max_hp_loss":0,"event_name":"Purifier","floor":3,"gold_loss":0},{"damage_healed":0,"gold_gain":0,"player_choice":"Donut","damage_taken":0,"max_hp_gain":5,"max_hp_loss":0,"event_name":"Big Fish","floor":8,"gold_loss":0},{"damage_healed":0,"gold_gain":0,"player_choice":"Traded Relic","damage_taken":0,"relics_obtained":["Nloth\u0027s Gift"],"max_hp_gain":0,"max_hp_loss":0,"event_name":"N\u0027loth","floor":19,"relics_lost":["Whetstone"],"gold_loss":0},{"damage_healed":26,"gold_gain":0,"player_choice":"Heal","damage_taken":0,"max_hp_gain":0,"max_hp_loss":0,"event_name":"The Library","floor":25,"gold_loss":0},{"damage_healed":0,"gold_gain":0,"player_choice":"Upgraded","damage_taken":0,"max_hp_gain":0,"max_hp_loss":0,"event_name":"Upgrade Shrine","floor":36,"gold_loss":0,"cards_upgraded":["Adrenaline"]},{"damage_healed":0,"gold_gain":0,"player_choice":"Fight","damage_taken":0,"max_hp_gain":0,"max_hp_loss":0,"event_name":"Mysterious Sphere","floor":41,"gold_loss":0},{"damage_healed":0,"gold_gain":0,"player_choice":"Memory 1","damage_taken":0,"max_hp_gain":0,"max_hp_loss":0,"event_name":"SensoryStone","floor":46,"gold_loss":0},{"damage_healed":0,"gold_gain":0,"player_choice":"Max HP","damage_taken":0,"max_hp_gain":0,"max_hp_loss":4,"event_name":"Winding Halls","floor":48,"gold_loss":0}],"is_beta":false,"boss_relics":[{"not_picked":["Philosopher\u0027s Stone","Cursed Key"],"picked":"Tiny House"},{"not_picked":["Snecko Eye","Eternal Feather"],"picked":"Busted Crown"}],"items_purged_floors":[12,21,38,42],"is_endless":false,"potions_floor_spawned":[4,7,16,18,22,28,30,35,37],"ascension_level":0}