{"gold_per_floor":[112,112,123,142,74,74,102,27,52,52,79,59,69,89,89,191,191,210,210,13,33,45,45],"floor_reached":23,"playtime":1810,"items_purged":["Strike_R"],"score":221,"play_id":"861fbf9f-0dff-44e9-b72e-6d8619f1ae17","local_time":"20181106001805","is_ascension_mode":true,"campfire_choices":[{"data":"Armaments","floor":6,"key":"SMITH"},{"data":"Bash","floor":10,"key":"SMITH"},{"floor":15,"key":"REST"}],"neow_cost":"PERCENT_DAMAGE","seed_source_timestamp":9966366888572,"circlet_count":0,"master_deck":["Strike_R","Strike_R","Strike_R","Defend_R","Defend_R","Defend_R","Defend_R","Bash+1","Headbutt","Clothesline","Armaments+1","Inflame","Spot Weakness","Pommel Strike","Heavy Blade","Pummel","Pummel","Shrug It Off","Heavy Blade+1","Warcry+1"],"relics":["Burning Blood","Mango","Regal Pillow","Pen Nib","Du-Vu Doll","Mark of Pain","Boot"],"potions_floor_usage":[14,16,18,21,23],"damage_taken":[{"damage":7,"enemies":"Small Slimes","floor":1,"turns":3},{"damage":1,"enemies":"Cultist","floor":3,"turns":3},{"damage":10,"enemies":"2 Louse","floor":4,"turns":3},{"damage":26,"enemies":"3 Sentries","floor":7,"turns":8},{"damage":38,"enemies":"Lagavulin","floor":11,"turns":8},{"damage":11,"enemies":"Lots of Slimes","floor":13,"turns":6},{"damage":2,"enemies":"Looter","floor":14,"turns":3},{"damage":20,"enemies":"Hexaghost","floor":16,"turns":7},{"damage":42,"enemies":"3 Byrds","floor":18,"turns":5},{"damage":11,"enemies":"Shell Parasite","floor":21,"turns":4},{"damage":18,"enemies":"Cultist and Chosen","floor":22,"turns":4},{"damage":41,"enemies":"Gremlin Leader","floor":23,"turns":4}],"seed_played":"-7176084589008878050","potions_obtained":[{"floor":4,"key":"Weak Potion"},{"floor":7,"key":"Weak Potion"},{"floor":12,"key":"Poison Potion"},{"floor":14,"key":"PowerPotion"},{"floor":16,"key":"Block Potion"}],"is_trial":false,"path_per_floor":["M","?","M","M","$","R","E","$","T","R","E","?","M","M","R","B",null,"M","?","$","M","M","E"],"character_chosen":"IRONCLAD","items_purchased":["Inflame","Boot","Shrug It Off"],"campfire_rested":1,"item_purchase_floors":[5,20,20],"current_hp_per_floor":[69,69,74,70,70,70,50,50,50,50,18,18,13,17,60,46,94,58,58,58,53,41,0],"gold":45,"neow_bonus":"ONE_RARE_RELIC","is_prod":false,"is_daily":false,"chose_seed":false,"campfire_upgraded":2,"win_rate":0,"timestamp":1541492285,"path_taken":["M","?","?","M","$","R","E","?","T","R","E","?","M","?","R","BOSS","M","?","$","M","M","E"],"build_version":"2018-11-01","purchased_purges":1,"victory":false,"max_hp_per_floor":[94,94,94,94,94,94,94,94,94,94,94,94,94,94,94,94,94,94,94,94,94,94,94],"card_choices":[{"not_picked":["Burning Pact","Perfected Strike"],"picked":"Headbutt","floor":1},{"not_picked":["Cleave","Intimidate"],"picked":"Clothesline","floor":3},{"not_picked":["Wild Strike","Berserk"],"picked":"Armaments","floor":4},{"not_picked":["Dropkick","Clash"],"picked":"Spot Weakness","floor":7},{"not_picked":["Armaments","Clash"],"picked":"Pommel Strike","floor":11},{"not_picked":["Clothesline","Wild Strike"],"picked":"Heavy Blade","floor":13},{"not_picked":["Burning Pact","Thunderclap"],"picked":"Pummel","floor":14},{"not_picked":["Sentinel","Sword Boomerang"],"picked":"Pummel","floor":18},{"not_picked":["Evolve","Blood for Blood"],"picked":"Heavy Blade+1","floor":21},{"not_picked":["Feel No Pain","Rupture"],"picked":"Warcry+1","floor":22}],"player_experience":166671,"relics_obtained":[{"floor":7,"key":"Regal Pillow"},{"floor":9,"key":"Pen Nib"},{"floor":11,"key":"Du-Vu Doll"}],"event_choices":[{"cards_removed":["Strike_R"],"damage_healed":0,"gold_gain":0,"player_choice":"Purged","damage_taken":0,"max_hp_gain":0,"max_hp_loss":0,"event_name":"Purifier","floor":2,"gold_loss":0},{"damage_healed":0,"gold_gain":0,"player_choice":"Bought 1 Potion","damage_taken":0,"max_hp_gain":0,"max_hp_loss":0,"event_name":"The Woman in Blue","floor":12,"gold_loss":0},{"damage_healed":0,"gold_gain":0,"player_choice":"Ignored","damage_taken":0,"max_hp_gain":0,"max_hp_loss":0,"event_name":"The Mausoleum","floor":19,"gold_loss":0}],"is_beta":false,"boss_relics":[{"not_picked":["Astrolabe","Pandora\u0027s Box"],"picked":"Mark of Pain"}],"items_purged_floors":[8],"is_endless":false,"potions_floor_spawned":[4,7,13,14,16],"killed_by":"Gremlin Leader","ascension_level":2}