{"gold_per_floor":[111,41,41,60,9,33,33,33,58,58,78,99,99,99,99,222,222,238,238,261,261,286,286,310,326,326,326,326,349,363,384,384,512,512,535,535,554,575,61,61,0,0,0,24,24,44,65,65],"floor_reached":48,"playtime":4300,"items_purged":[],"score":546,"play_id":"740c1f75-7ab4-4f39-84e8-9f0cb227438c","local_time":"20190202234945","is_ascension_mode":true,"campfire_choices":[{"data":"Noxious Fumes","floor":7,"key":"SMITH"},{"data":"Prepared","floor":10,"key":"SMITH"},{"floor":15,"key":"REST"},{"floor":23,"key":"REST"},{"floor":27,"key":"REST"},{"floor":32,"key":"REST"},{"floor":40,"key":"REST"}],"neow_cost":"NONE","seed_source_timestamp":1330089412459365,"circlet_count":0,"master_deck":["Defend_G","Defend_G","Defend_G","Defend_G","Defend_G","Strike_G","Strike_G","Strike_G","Strike_G","Survivor","Neutralize","Noxious Fumes+1","Injury","Prepared+1","Deadly Poison","Leg Sweep","Burst","Crippling Poison","Footwork","Catalyst","Backflip","Noxious Fumes","Noxious Fumes","Corpse Explosion","Prepared+1","Regret","Prepared+1","Prepared+1","Wraith Form v2"],"relics":["Ring of the Serpent","Golden Idol","Mummified Hand","PreservedInsect","Mercury Hourglass","MutagenicStrength","Kunai","Velvet Choker","TwistedFunnel","Regal Pillow","Red Mask","Gambling Chip"],"potions_floor_usage":[24,25,35,38,38],"damage_taken":[{"damage":0,"enemies":"Jaw Worm","floor":1,"turns":5},{"damage":0,"enemies":"Small Slimes","floor":4,"turns":4},{"damage":0,"enemies":"2 Louse","floor":6,"turns":5},{"damage":12,"enemies":"Exordium Thugs","floor":11,"turns":6},{"damage":4,"enemies":"Blue Slaver","floor":12,"turns":4},{"damage":15,"enemies":"The Guardian","floor":16,"turns":11},{"damage":30,"enemies":"Spheric Guardian","floor":18,"turns":6},{"damage":2,"enemies":"Shell Parasite","floor":20,"turns":7},{"damage":15,"enemies":"Snake Plant","floor":22,"turns":6},{"damage":0,"enemies":"3 Cultists","floor":24,"turns":4},{"damage":6,"enemies":"Centurion and Healer","floor":25,"turns":7},{"damage":17,"enemies":"Snecko","floor":29,"turns":7},{"damage":11,"enemies":"Snake Plant","floor":30,"turns":5},{"damage":12,"enemies":"Centurion and Healer","floor":31,"turns":7},{"damage":23,"enemies":"Automaton","floor":33,"turns":7},{"damage":1,"enemies":"3 Darklings","floor":35,"turns":4},{"damage":25,"enemies":"3 Shapes","floor":37,"turns":3},{"damage":29,"enemies":"Transient","floor":38,"turns":5},{"damage":8,"enemies":"3 Darklings","floor":44,"turns":4},{"damage":22,"enemies":"Spire Growth","floor":46,"turns":5},{"damage":5,"enemies":"Sphere and 2 Shapes","floor":47,"turns":3},{"damage":21,"enemies":"3 Darklings","floor":48,"turns":2}],"seed_played":"7113467215016518562","potions_obtained":[{"floor":6,"key":"Energy Potion"},{"floor":12,"key":"Energy Potion"},{"floor":20,"key":"Strength Potion"},{"floor":22,"key":"EssenceOfSteel"},{"floor":24,"key":"SkillPotion"},{"floor":31,"key":"Energy Potion"},{"floor":35,"key":"EssenceOfSteel"},{"floor":46,"key":"Strength Potion"}],"is_trial":false,"path_per_floor":["?","?","?","?","?","?","?","M","?","M","$","?","$","M"],"character_chosen":"THE_SILENT","items_purchased":["Noxious Fumes","Deadly Poison","TwistedFunnel","Regal Pillow","Wraith Form v2"],"campfire_rested":5,"item_purchase_floors":[2,5,39,39,39],"current_hp_per_floor":[70,70,70,70,70,70,70,67,67,67,55,51,51,51,70,55,70,40,40,38,38,23,44,44,38,38,59,64,47,36,24,45,22,70,69,69,44,15,15,51,51,51,51,43,43,21,16,0],"gold":65,"neow_bonus":"REMOVE_CARD","is_prod":false,"is_daily":false,"chose_seed":false,"campfire_upgraded":2,"win_rate":0,"timestamp":1549147785,"path_taken":["M","$","?","M","$","M","R","?","T","R","M","M","?","?","R","BOSS","M","?","M","?","M","R","M","M","T","R","?","?","M","M","R","BOSS","M","?","M","?","?","R","?","?","T","?","$","M","M","M"],"build_version":"2019-01-23","purchased_purges":0,"victory":false,"max_hp_per_floor":[70,70,70,70,70,70,70,70,70,70,70,70,70,70,70,70,70,70,70,70,70,70,70,70,70,70,70,70,70,70,70,70,70,70,70,70,70,70,70,70,70,70,70,70,70,70,70,70],"card_choices":[{"not_picked":["Dagger Spray","Dagger Throw"],"picked":"Acrobatics","floor":1},{"not_picked":["Flying Knee","PiercingWail"],"picked":"Prepared","floor":4},{"not_picked":["Quick Slash","Slice","Acrobatics"],"picked":"SKIP","floor":6},{"not_picked":["Quick Slash","Slice","Acrobatics"],"picked":"SKIP","floor":6},{"not_picked":["Dodge and Roll","Skewer"],"picked":"Leg Sweep","floor":11},{"not_picked":["Heel Hook","Dodge and Roll","Predator"],"picked":"SKIP","floor":12},{"not_picked":["Night Terror","Storm of Steel"],"picked":"Burst","floor":16},{"not_picked":["Acrobatics","Outmaneuver+1"],"picked":"Crippling Poison","floor":18},{"not_picked":["Finisher","Cloak And Dagger"],"picked":"Footwork","floor":20},{"not_picked":["Expertise","Bouncing Flask+1"],"picked":"Catalyst","floor":22},{"not_picked":["Flying Knee","Blade Dance"],"picked":"Backflip","floor":24},{"not_picked":["Bane","PiercingWail+1","Outmaneuver"],"picked":"SKIP","floor":25},{"not_picked":["Dodge and Roll+1","Reflex","Bane+1"],"picked":"SKIP","floor":29},{"not_picked":["Tactician","Dodge and Roll"],"picked":"Noxious Fumes","floor":30},{"not_picked":["Flying Knee","Dodge and Roll"],"picked":"Noxious Fumes","floor":31},{"not_picked":["Unload","A Thousand Cuts"],"picked":"Corpse Explosion","floor":33},{"not_picked":["Backstab","Caltrops+1"],"picked":"Prepared+1","floor":35},{"not_picked":["Terror+1","Slice"],"picked":"Prepared+1","floor":37},{"not_picked":["Deadly Poison","Choke+1"],"picked":"Prepared+1","floor":38},{"not_picked":["Infinite Blades+1","Outmaneuver+1","Cloak And Dagger+1"],"picked":"SKIP","floor":44},{"not_picked":["Leg Sweep","Outmaneuver","Poisoned Stab"],"picked":"SKIP","floor":46},{"not_picked":["Endless Agony","Slice","Dagger Spray+1"],"picked":"SKIP","floor":47}],"player_experience":86881,"relics_obtained":[{"floor":9,"key":"PreservedInsect"},{"floor":26,"key":"Kunai"},{"floor":43,"key":"Gambling Chip"}],"event_choices":[{"damage_healed":0,"gold_gain":0,"player_choice":"Take Wound","damage_taken":0,"relics_obtained":["Golden Idol"],"max_hp_gain":0,"max_hp_loss":0,"event_name":"Golden Idol","floor":3,"gold_loss":0,"cards_obtained":["Injury"]},{"damage_healed":0,"gold_gain":0,"player_choice":"Success","damage_taken":3,"relics_obtained":["Mummified Hand"],"max_hp_gain":0,"max_hp_loss":0,"event_name":"Scrap Ooze","floor":8,"gold_loss":0},{"damage_healed":0,"gold_gain":0,"player_choice":"Ignored","damage_taken":0,"max_hp_gain":0,"max_hp_loss":0,"event_name":"Liars Game","floor":13,"gold_loss":0},{"damage_healed":0,"gold_gain":0,"player_choice":"Gave Potion","damage_taken":0,"relics_obtained":["Mercury Hourglass"],"max_hp_gain":0,"max_hp_loss":0,"event_name":"WeMeetAgain","floor":14,"gold_loss":0},{"damage_healed":0,"gold_gain":0,"player_choice":"Inject Mutagens","damage_taken":0,"relics_obtained":["MutagenicStrength"],"max_hp_gain":0,"max_hp_loss":0,"event_name":"Drug Dealer","floor":19,"gold_loss":0},{"damage_healed":0,"gold_gain":0,"player_choice":"Ignored","damage_taken":0,"max_hp_gain":0,"max_hp_loss":0,"event_name":"Vampires","floor":21,"gold_loss":0},{"cards_removed":["Acrobatics"],"damage_healed":5,"gold_gain":0,"player_choice":"Offered Common","damage_taken":0,"max_hp_gain":0,"max_hp_loss":0,"event_name":"Bonfire Elementals","floor":28,"gold_loss":0},{"cards_removed":["Acrobatics"],"damage_healed":5,"gold_gain":0,"player_choice":"Offered Special","damage_taken":0,"max_hp_gain":0,"max_hp_loss":0,"event_name":"Bonfire Elementals","floor":28,"gold_loss":0},{"damage_healed":0,"gold_gain":0,"player_choice":"1 cards matched","damage_taken":0,"max_hp_gain":0,"max_hp_loss":0,"event_name":"Match and Keep!","floor":36,"gold_loss":0,"cards_obtained":["Regret"]},{"damage_healed":0,"gold_gain":0,"player_choice":"Paid","damage_taken":0,"relics_obtained":["Red Mask"],"max_hp_gain":0,"max_hp_loss":0,"event_name":"Tomb of Lord Red Mask","floor":41,"gold_loss":61}],"is_beta":false,"boss_relics":[{"not_picked":["Calling Bell","HoveringKite"],"picked":"Ring of the Serpent"},{"not_picked":["Orrery","Snecko Eye"],"picked":"Velvet Choker"}],"items_purged_floors":[],"is_endless":false,"potions_floor_spawned":[6,12,20,22,24,31,35,46],"killed_by":"3 Darklings","ascension_level":3}