{"gold_per_floor":[144,144,189,189,189,287,362,411,461,461,510,194,243,292,292,617,617,666,266,315,15,15,15,15,64,114,114,212,261,310,10,10,335,335,384,196,245,294,343,343,676,109,109,109,109,199,244,289,289,289],"floor_reached":51,"playtime":3960,"items_purged":["Injury"],"score":799,"play_id":"8894402c-00f7-49e4-b26a-199c5023f164","local_time":"20190301123958","daily_mods":["Insanity","Diverse","Midas"],"is_ascension_mode":false,"campfire_choices":[{"floor":15,"key":"REST"},{"floor":32,"key":"DIG"},{"floor":40,"key":"DIG"},{"floor":45,"key":"DIG"},{"floor":49,"key":"REST"}],"neow_cost":"","seed_source_timestamp":0,"circlet_count":0,"master_deck":["Sword Boomerang","Noxious Fumes","Flex","Footwork","BootSequence","Redo","Caltrops","Sunder","Scrape","Heavy Blade","Wild Strike","Streamline","True Grit","Go for the Eyes","Body Slam","Hello World","Skewer","Headbutt","Sever Soul","Beam Cell","Sword Boomerang","Ball Lightning","Headbutt","Dagger Throw","Go for the Eyes","Sucker Punch","Outmaneuver","Heavy Blade","Dodge and Roll","Streamline","Stack","Iron Wave","Warcry","Twin Strike","Whirlwind","Chill","Poisoned Stab","Dual Wield","Twin Strike","Wild Strike","Slice","Deflect","Armaments","Chaos","Distraction","Endless Agony","Dagger Spray","Armaments","Endless Agony","Headbutt","Dash","Adrenaline","Lockon","Entrench","Secret Technique","Conserve Battery","Stack","Immolate","Rebound","Skim","Deflect","Caltrops+1","Double Energy+1","Machine Learning","Apotheosis","Steam Power+1","Self Repair","Flex","Leap"],"special_seed":17956,"relics":["Burning Blood","Gremlin Horn","Smiling Mask","Pen Nib","Mark of Pain","Brimstone","Happy Flower","Thread and Needle","MutagenicStrength","Enchiridion","PreservedInsect","Centennial Puzzle","Shovel","Oddly Smooth Stone","Busted Crown","Dream Catcher","Chemical X","Dodecahedron","Sundial","Nunchaku","Ornamental Fan"],"potions_floor_usage":[16,33,33,50],"damage_taken":[{"damage":4,"enemies":"Jaw Worm","floor":1,"turns":3},{"damage":0,"enemies":"Small Slimes","floor":3,"turns":2},{"damage":4,"enemies":"3 Sentries","floor":6,"turns":4},{"damage":0,"enemies":"2 Louse","floor":8,"turns":1},{"damage":0,"enemies":"Lots of Slimes","floor":11,"turns":1},{"damage":0,"enemies":"Looter","floor":13,"turns":2},{"damage":0,"enemies":"Large Slime","floor":14,"turns":3},{"damage":61,"enemies":"The Guardian","floor":16,"turns":11},{"damage":13,"enemies":"2 Thieves","floor":18,"turns":3},{"damage":0,"enemies":"Shell Parasite","floor":20,"turns":2},{"damage":0,"enemies":"Chosen and Byrds","floor":25,"turns":3},{"damage":0,"enemies":"Slavers","floor":28,"turns":1},{"damage":0,"enemies":"3 Cultists","floor":29,"turns":2},{"damage":9,"enemies":"Centurion and Healer","floor":30,"turns":2},{"damage":29,"enemies":"Collector","floor":33,"turns":6},{"damage":0,"enemies":"3 Shapes","floor":35,"turns":1},{"damage":0,"enemies":"Orb Walker","floor":37,"turns":3},{"damage":6,"enemies":"Spire Growth","floor":38,"turns":3},{"damage":19,"enemies":"4 Shapes","floor":39,"turns":1},{"damage":20,"enemies":"Reptomancer","floor":46,"turns":3},{"damage":16,"enemies":"Maw","floor":47,"turns":5},{"damage":17,"enemies":"3 Darklings","floor":48,"turns":2},{"damage":81,"enemies":"Time Eater","floor":50,"turns":7}],"seed_played":"8353618742473353149","potions_obtained":[{"floor":8,"key":"SteroidPotion"},{"floor":11,"key":"FairyPotion"},{"floor":18,"key":"Explosive Potion"},{"floor":25,"key":"PowerPotion"},{"floor":29,"key":"LiquidBronze"},{"floor":35,"key":"SpeedPotion"},{"floor":39,"key":"SmokeBomb"},{"floor":48,"key":"Explosive Potion"}],"is_trial":false,"path_per_floor":["M","$","M","?","$","E","?","M","T","?","M","$","M","M","R","B",null,"M","$","M","$","?","?","$","M","T","?","E","M","M","$","R","B",null,"M","$","M","M","M","R","?","$","T","?","R","E","M","M","R","B",null],"character_chosen":"IRONCLAD","items_purchased":["Pen Nib","Secret Technique","Brimstone","Happy Flower","Thread and Needle","Shovel","Apotheosis","Chemical X","Self Repair","Flex","Dodecahedron"],"campfire_rested":2,"item_purchase_floors":[12,12,19,19,21,31,36,42,42,42,42],"current_hp_per_floor":[80,80,80,80,80,80,69,75,75,75,80,80,80,80,80,25,80,73,73,79,79,79,63,63,69,69,69,75,80,77,77,77,54,80,80,80,80,80,67,67,67,67,67,67,67,53,53,49,73,14],"gold":289,"neow_bonus":"","is_prod":false,"is_daily":true,"chose_seed":false,"campfire_upgraded":0,"win_rate":0,"timestamp":1551465598,"path_taken":["M","$","M","?","$","E","?","M","T","?","M","$","M","M","R","BOSS","M","?","M","$","?","?","?","?","T","?","E","M","M","$","R","BOSS","M","$","M","M","M","R","?","$","T","?","R","E","M","M","R","BOSS"],"build_version":"2019-01-23","purchased_purges":1,"victory":true,"max_hp_per_floor":[80,80,80,80,80,80,80,80,80,80,80,80,80,80,80,80,80,80,80,80,80,80,80,80,80,80,80,80,80,80,80,80,80,80,80,80,80,80,80,80,80,80,80,80,80,80,80,80,80,80],"card_choices":[{"not_picked":["Wild Strike","Barrage","Shrug It Off"],"picked":"SKIP","floor":1},{"not_picked":["Clash","Bludgeon"],"picked":"Headbutt","floor":3},{"not_picked":["Pommel Strike","Havoc"],"picked":"Dash","floor":6},{"not_picked":["Hologram","Clash"],"picked":"Adrenaline","floor":8},{"not_picked":["Barrage","Bane"],"picked":"Entrench","floor":11},{"not_picked":["Setup","Barrage"],"picked":"Conserve Battery","floor":13},{"not_picked":["Gash","Havoc"],"picked":"Stack","floor":14},{"not_picked":["Storm of Steel","Feed"],"picked":"Immolate","floor":16},{"not_picked":["Burning Pact","Cold Snap"],"picked":"Rebound","floor":18},{"not_picked":["Flechettes+1","Tempest+1"],"picked":"Skim","floor":20},{"not_picked":["Cloak And Dagger","Eviscerate+1"],"picked":"Deflect","floor":25},{"not_picked":["Dodge and Roll","Gash"],"picked":"Caltrops+1","floor":28},{"not_picked":["Combust","Bloodletting","Auto Shields"],"picked":"SKIP","floor":29},{"not_picked":["Barrage","Go for the Eyes"],"picked":"Double Energy+1","floor":30},{"not_picked":["Fiend Fire","Demon Form"],"picked":"Machine Learning","floor":33},{"not_picked":["Havoc+1"],"picked":"SKIP","floor":35},{"not_picked":[],"picked":"Steam Power+1","floor":37},{"not_picked":["Dodge and Roll+1"],"picked":"SKIP","floor":38},{"not_picked":["Underhanded Strike+1"],"picked":"SKIP","floor":39},{"not_picked":["Havoc"],"picked":"SKIP","floor":46},{"not_picked":["Havoc"],"picked":"SKIP","floor":47},{"not_picked":["Iron Wave"],"picked":"SKIP","floor":48},{"not_picked":[],"picked":"Leap","floor":49}],"player_experience":226448,"relics_obtained":[{"floor":6,"key":"Gremlin Horn"},{"floor":9,"key":"Smiling Mask"},{"floor":23,"key":"Enchiridion"},{"floor":26,"key":"PreservedInsect"},{"floor":28,"key":"Centennial Puzzle"},{"floor":32,"key":"Oddly Smooth Stone"},{"floor":40,"key":"Dream Catcher"},{"floor":43,"key":"Sundial"},{"floor":45,"key":"Nunchaku"},{"floor":46,"key":"Ornamental Fan"}],"event_choices":[{"damage_healed":0,"gold_gain":0,"player_choice":"Take Wound","damage_taken":0,"relics_obtained":["Golden Idol"],"max_hp_gain":0,"max_hp_loss":0,"event_name":"Golden Idol","floor":4,"gold_loss":0,"cards_obtained":["Injury"]},{"damage_healed":0,"gold_gain":75,"player_choice":"Gather Gold","damage_taken":11,"max_hp_gain":0,"max_hp_loss":0,"event_name":"World of Goop","floor":7,"gold_loss":0},{"damage_healed":0,"gold_gain":0,"cards_transformed":["Twin Strike"],"player_choice":"Transformed","damage_taken":0,"max_hp_gain":0,"max_hp_loss":0,"event_name":"Transmorgrifier","floor":10,"gold_loss":0,"cards_obtained":["Lockon"]},{"damage_healed":0,"gold_gain":0,"player_choice":"Inject Mutagens","damage_taken":0,"relics_obtained":["MutagenicStrength"],"max_hp_gain":0,"max_hp_loss":0,"event_name":"Drug Dealer","floor":22,"gold_loss":0},{"damage_healed":0,"gold_gain":0,"player_choice":"Obtained Book","damage_taken":16,"max_hp_gain":0,"max_hp_loss":0,"event_name":"Cursed Tome","floor":23,"gold_loss":0},{"damage_healed":0,"gold_gain":0,"player_choice":"Ignored","damage_taken":0,"max_hp_gain":0,"max_hp_loss":0,"event_name":"Vampires","floor":27,"gold_loss":0},{"damage_healed":0,"gold_gain":333,"player_choice":"Gave Idol","damage_taken":0,"max_hp_gain":0,"max_hp_loss":0,"event_name":"The Moai Head","floor":41,"relics_lost":["Golden Idol"],"gold_loss":0},{"damage_healed":0,"gold_gain":0,"player_choice":"Bought 0 Potions","damage_taken":0,"max_hp_gain":0,"max_hp_loss":0,"event_name":"The Woman in Blue","floor":44,"gold_loss":0}],"is_beta":false,"boss_relics":[{"not_picked":["Runic Dome","Velvet Choker"],"picked":"Mark of Pain"},{"not_picked":["Astrolabe","Calling Bell"],"picked":"Busted Crown"}],"items_purged_floors":[19],"is_endless":false,"potions_floor_spawned":[8,11,18,25,29,35,39,48],"ascension_level":0}