{"gold_per_floor":[114,138,156,167,187,187,205,205,205,230,250,129,304,321,321,421,421,438,424,523,539,550,550,569,569,569,569,587,606,621,43,43,145,145,163,1162,1180,1193,321,321],"floor_reached":40,"playtime":1848,"items_purged":["Strike_B","Normality"],"score":461,"play_id":"280ea090-a3cd-4590-a175-bfe7a38f0c98","local_time":"20190226121351","is_ascension_mode":false,"campfire_choices":[{"data":"Hologram","floor":6.0,"key":"SMITH"},{"data":"Dualcast","floor":8.0,"key":"SMITH"},{"data":"Conserve Battery","floor":15.0,"key":"SMITH"},{"floor":23.0,"key":"REST"},{"floor":25.0,"key":"REST"},{"data":"Creative AI","floor":27.0,"key":"SMITH"},{"floor":32,"key":"REST"}],"neow_cost":"NONE","seed_source_timestamp":925608812689,"circlet_count":0,"master_deck":["Strike_B","Strike_B","Strike_B","Defend_B","Defend_B","Defend_B","Defend_B","Zap+1","Dualcast+1","Conserve Battery+1","Hologram+1","Echo Form","Glacier","Conserve Battery","Ball Lightning","Doubt","Creative AI+1","Hello World","Beam Cell","BootSequence","Leap","Capacitor+1","Go for the Eyes","Stack+1","Leap","Core Surge","Fission","Stack","Normality","Barrage","BootSequence+1","All For One","Master of Strategy"],"special_seed":0,"relics":["Cracked Core","Happy Flower","Odd Mushroom","Inserter","Calipers","Bag of Preparation","Runic Capacitor","Fusion Hammer","Chemical X","Shuriken"],"potions_floor_usage":[28,29,31,33,37],"damage_taken":[{"damage":0.0,"enemies":"Cultist","floor":1.0,"turns":3.0},{"damage":1.0,"enemies":"2 Louse","floor":3.0,"turns":2.0},{"damage":0.0,"enemies":"Jaw Worm","floor":4.0,"turns":3.0},{"damage":0.0,"enemies":"Looter","floor":5.0,"turns":4.0},{"damage":9.0,"enemies":"Exordium Thugs","floor":7.0,"turns":5.0},{"damage":8.0,"enemies":"The Mushroom Lair","floor":10.0,"turns":4.0},{"damage":0.0,"enemies":"2 Fungi Beasts","floor":11.0,"turns":3.0},{"damage":0.0,"enemies":"Large Slime","floor":14.0,"turns":5.0},{"damage":0.0,"enemies":"The Guardian","floor":16.0,"turns":11.0},{"damage":0.0,"enemies":"Shell Parasite","floor":18.0,"turns":8.0},{"damage":17.0,"enemies":"2 Thieves","floor":19.0,"turns":4.0},{"damage":29.0,"enemies":"Sentry and Sphere","floor":21.0,"turns":8.0},{"damage":28.0,"enemies":"3 Cultists","floor":22.0,"turns":5.0},{"damage":9.0,"enemies":"Snake Plant","floor":24.0,"turns":5.0},{"damage":14,"enemies":"Cultist and Chosen","floor":28,"turns":10},{"damage":8,"enemies":"Snecko","floor":29,"turns":6},{"damage":12,"enemies":"Snake Plant","floor":30,"turns":7},{"damage":15,"enemies":"Champ","floor":33,"turns":12},{"damage":7,"enemies":"3 Shapes","floor":35,"turns":5},{"damage":16,"enemies":"Orb Walker","floor":37,"turns":7},{"damage":24,"enemies":"Sphere and 2 Shapes","floor":38,"turns":12},{"damage":48,"enemies":"Reptomancer","floor":40,"turns":3}],"seed_played":"-6352060338891859628","potions_obtained":[{"floor":3.0,"key":"Weak Potion"},{"floor":4.0,"key":"FairyPotion"},{"floor":14.0,"key":"GamblersBrew"},{"floor":16.0,"key":"FearPotion"},{"floor":22.0,"key":"Poison Potion"},{"floor":24.0,"key":"AttackPotion"},{"floor":30,"key":"SteroidPotion"},{"floor":33,"key":"Poison Potion"},{"floor":35,"key":"LiquidBronze"},{"floor":38,"key":"SteroidPotion"}],"is_trial":false,"path_per_floor":["M","T","M","M","M","R","M","R","T","?","M","$","?","M","R","B",null,"M","M","?","M","M","R","M","R","T","R","M","M","M","$","R","B",null,"M","?","M","M","$","E"],"character_chosen":"DEFECT","items_purchased":["Ball Lightning","Fruit Juice","Bag of Preparation","Core Surge","Runic Capacitor","Chemical X","Shuriken","All For One","Master of Strategy"],"campfire_rested":3,"item_purchase_floors":[12,31,31,31,31,39,39,39,39],"current_hp_per_floor":[75,75,74,74,74,74,65,65,65,57,57,57,57,57,57,57,75,75,58,58,29,1,23,14,36,36,36,22,14,2,7,31,16,80,73,73,57,33,33,0],"gold":321,"neow_bonus":"UPGRADE_CARD","is_prod":false,"is_daily":false,"chose_seed":false,"campfire_upgraded":4,"win_rate":0,"timestamp":1551204831,"path_taken":["M","?","?","M","M","R","M","R","T","?","M","$","?","M","R","BOSS","M","M","?","M","M","R","M","R","T","R","M","M","M","$","R","BOSS","M","?","M","M","$","E"],"build_version":"2019-01-23","purchased_purges":2,"victory":false,"max_hp_per_floor":[75,75,75,75,75,75,75,75,75,75,75,75,75,75,75,75,75,75,75,75,75,75,75,75,75,75,75,75,75,75,80,80,80,80,80,80,80,80,80,80],"card_choices":[{"not_picked":["Redo","Sunder"],"picked":"Conserve Battery","floor":1.0},{"not_picked":["Sweeping Beam","Rebound"],"picked":"Hologram","floor":3.0},{"not_picked":["Redo","Leap"],"picked":"Echo Form","floor":4.0},{"not_picked":["Hologram","Lockon","Gash"],"picked":"SKIP","floor":5.0},{"not_picked":["Stack","Chill"],"picked":"Glacier","floor":7.0},{"not_picked":["Rebound","Melter"],"picked":"Conserve Battery","floor":11.0},{"not_picked":["FTL","Turbo","Gash"],"picked":"SKIP","floor":14.0},{"not_picked":["Core Surge","Meteor Strike"],"picked":"Creative AI","floor":16.0},{"not_picked":["Static Discharge","Hologram"],"picked":"Hello World","floor":18.0},{"not_picked":["Streamline","Compile Driver"],"picked":"Beam Cell","floor":19.0},{"not_picked":["Redo","Compile Driver"],"picked":"BootSequence","floor":21.0},{"not_picked":["Turbo","Skim"],"picked":"Leap","floor":22.0},{"not_picked":["Aggregate","Reinforced Body"],"picked":"Capacitor+1","floor":24.0},{"not_picked":["Steam","Turbo"],"picked":"Go for the Eyes","floor":28},{"not_picked":["Conserve Battery","Barrage"],"picked":"Stack+1","floor":29},{"not_picked":["Coolheaded","Beam Cell"],"picked":"Leap","floor":30},{"not_picked":["Core Surge","All For One"],"picked":"Fission","floor":33},{"not_picked":["Sweeping Beam+1","Cold Snap+1"],"picked":"Stack","floor":35},{"not_picked":["Scrape+1","Turbo+1"],"picked":"Barrage","floor":37},{"not_picked":["Beam Cell+1","Rebound"],"picked":"BootSequence+1","floor":38}],"player_experience":929332,"relics_obtained":[{"floor":2.0,"key":"Happy Flower"},{"floor":10.0,"key":"Odd Mushroom"},{"floor":26.0,"key":"Calipers"}],"event_choices":[{"damage_healed":0.0,"max_hp_gain":0.0,"max_hp_loss":0.0,"gold_gain":0.0,"event_name":"Mushrooms","player_choice":"Fought Mushrooms","floor":10.0,"gold_loss":0.0,"damage_taken":0.0},{"damage_healed":0.0,"max_hp_gain":0.0,"max_hp_loss":0.0,"gold_gain":175.0,"event_name":"Liars Game","player_choice":"AGREE","floor":13.0,"gold_loss":0.0,"damage_taken":0.0,"cards_obtained":["Doubt"]},{"damage_healed":0.0,"max_hp_gain":0.0,"max_hp_loss":0.0,"gold_gain":99.0,"event_name":"Nest","player_choice":"Stole From Cult","floor":20.0,"gold_loss":0.0,"damage_taken":0.0},{"damage_healed":0,"gold_gain":999,"player_choice":"Gold","damage_taken":0,"max_hp_gain":0,"max_hp_loss":0,"event_name":"MindBloom","floor":36,"gold_loss":0,"cards_obtained":["Normality","Normality"]}],"is_beta":false,"boss_relics":[{"not_picked":["Eternal Feather","Orrery"],"picked":"Inserter"},{"not_picked":["Nuclear Battery","Lizard Tail"],"picked":"Fusion Hammer"}],"items_purged_floors":[12,39],"is_endless":false,"potions_floor_spawned":[3,4,14,16,22,24,30,33,35,38],"killed_by":"Reptomancer","ascension_level":0}