{"gold_per_floor":[118,118,130,145,145,145,158,5,29,29,39,39,52,68,68,167,167,177,77,95,95,108,141,141,152,152,152,187,286,314,314,314,314],"floor_reached":33,"playtime":2951,"items_purged":["Strike_B","Strike_B"],"score":299,"play_id":"aa046d94-f198-4638-95a1-69df2b2868f1","local_time":"20180801084757","is_ascension_mode":false,"campfire_choices":[{"data":"Redo","floor":6,"key":"SMITH"},{"data":"Zap","floor":10,"key":"SMITH"},{"data":"Electrodynamics","floor":12,"key":"SMITH"},{"data":"Consume","floor":15,"key":"SMITH"},{"floor":24,"key":"REST"},{"floor":27,"key":"REST"},{"floor":32,"key":"REST"}],"neow_cost":"","seed_source_timestamp":430753977860354,"circlet_count":0,"master_deck":["Strike_B","Defend_B","Defend_B","Defend_B","Defend_B","Zap+1","Dualcast","Redo+1","Self Repair","Conserve Battery","Static Discharge","Electrodynamics+1","Doom and Gloom","Consume","Consume+1","Multi-Cast","Stack+1","Redo+1","Ball Lightning+1","Ball Lightning","Conserve Battery","Steam+1","Redo+1"],"relics":["Cracked Core","Boot","Lizard Tail","Pen Nib","Ancient Tea Set","Frozen Egg 2","Girya"],"potions_floor_usage":[16,16,23,25,31],"damage_taken":[{"damage":7,"enemies":"Small Slimes","floor":1,"turns":3},{"damage":1,"enemies":"Cultist","floor":3,"turns":3},{"damage":2,"enemies":"2 Louse","floor":4,"turns":3},{"damage":15,"enemies":"Large Slime","floor":7,"turns":6},{"damage":4,"enemies":"3 Louse","floor":11,"turns":3},{"damage":7,"enemies":"2 Fungi Beasts","floor":13,"turns":2},{"damage":1,"enemies":"Exordium Thugs","floor":14,"turns":3},{"damage":9,"enemies":"Slime Boss","floor":16,"turns":5},{"damage":10,"enemies":"3 Byrds","floor":18,"turns":2},{"damage":25,"enemies":"Shell Parasite","floor":20,"turns":6},{"damage":25,"enemies":"Snake Plant","floor":22,"turns":4},{"damage":71,"enemies":"Gremlin Leader","floor":23,"turns":6},{"damage":6,"enemies":"Cultist and Chosen","floor":25,"turns":4},{"damage":18,"enemies":"Slavers","floor":28,"turns":2},{"damage":35,"enemies":"Book of Stabbing","floor":30,"turns":5},{"damage":0,"enemies":"Snecko","floor":31,"turns":2},{"damage":53,"enemies":"Automaton","floor":33,"turns":6}],"seed_played":"-2918846444703743062","potions_obtained":[{"floor":7,"key":"Poison Potion"},{"floor":11,"key":"EssenceOfSteel"},{"floor":20,"key":"PowerPotion"},{"floor":23,"key":"Swift Potion"},{"floor":25,"key":"SmokeBomb"}],"is_trial":false,"path_per_floor":["M","?","M","M","?","R","M","$","T","R","M","R","M","M","R","B",null,"M","$","M","?","M","E","R","M","T","R","E","?","E","M","R"],"character_chosen":"DEFECT","items_purchased":["Electrodynamics"],"campfire_rested":3,"item_purchase_floors":[8],"current_hp_per_floor":[68,68,67,72,65,65,57,57,57,57,60,60,60,66,66,64,75,65,65,47,47,29,9,31,32,32,54,36,36,8,15,37,0],"gold":314,"neow_bonus":"","is_prod":false,"is_daily":false,"chose_seed":false,"campfire_upgraded":4,"win_rate":0.0,"timestamp":1533138477,"path_taken":["M","?","M","M","?","R","M","$","T","R","M","R","?","M","R","BOSS","M","$","M","?","M","E","R","?","T","R","E","?","E","M","R","BOSS"],"build_version":"2018-07-26","purchased_purges":2,"victory":false,"max_hp_per_floor":[75,75,75,75,75,75,75,75,75,75,75,75,75,75,75,75,75,75,75,75,75,75,75,75,75,75,75,75,75,75,75,75,75],"card_choices":[{"not_picked":["Sweeping Beam","Reprogram"],"picked":"Redo","floor":1},{"not_picked":["Hologram","Gash"],"picked":"Self Repair","floor":3},{"not_picked":["Cold Snap","Compile Driver"],"picked":"Conserve Battery","floor":4},{"not_picked":["Conserve Battery","Cold Snap"],"picked":"Static Discharge","floor":7},{"not_picked":["Redo","Skim"],"picked":"Doom and Gloom","floor":11},{"not_picked":["Sweeping Beam","Cold Snap"],"picked":"Consume","floor":13},{"not_picked":["Sweeping Beam","White Noise"],"picked":"Consume","floor":14},{"not_picked":["Seek","Electrodynamics"],"picked":"Multi-Cast","floor":16},{"not_picked":["Auto Shields","Doom and Gloom"],"picked":"Stack+1","floor":18},{"not_picked":["Loop","Consume+1"],"picked":"Redo+1","floor":20},{"not_picked":["BootSequence+1","Sweeping Beam"],"picked":"Ball Lightning+1","floor":22},{"not_picked":["Beam Cell+1","Stack"],"picked":"Ball Lightning","floor":23},{"not_picked":["Redo","Leap"],"picked":"Conserve Battery","floor":25},{"not_picked":["Compile Driver","Rip and Tear"],"picked":"Steam+1","floor":28},{"not_picked":["White Noise","Multi-Cast"],"picked":"Redo+1","floor":30}],"player_experience":19281,"relics_obtained":[{"floor":9,"key":"Boot"},{"floor":23,"key":"Pen Nib"},{"floor":26,"key":"Ancient Tea Set"},{"floor":28,"key":"Frozen Egg 2"},{"floor":30,"key":"Girya"}],"event_choices":[{"event_name":"Purifier","player_choice":"One Purge","floor":2,"damage_taken":0},{"event_name":"Scrap Ooze","player_choice":"unsuccessful","floor":5,"damage_taken":7},{"event_name":"Vampires","player_choice":"Ignored","floor":21,"damage_taken":0},{"event_name":"Nest","player_choice":"Stole From Cult","floor":29,"damage_taken":0}],"is_beta":false,"boss_relics":[{"not_picked":["Fusion Hammer","Cursed Key"],"picked":"Lizard Tail"}],"items_purged_floors":[8,19],"is_endless":false,"potions_floor_spawned":[3,7,11,20,23,25],"killed_by":"Automaton","ascension_level":0}