{"gold_per_floor":[119,69,82,95,170,170,170,191,191,191],"floor_reached":10,"playtime":399,"items_purged":[],"score":67,"play_id":"131210ab-35bb-49f4-baac-e762dc65b859","local_time":"20181125135518","is_ascension_mode":true,"campfire_choices":[{"floor":6,"key":"RECALL"}],"neow_cost":"NONE","seed_source_timestamp":76131765279574,"circlet_count":0,"master_deck":["Strike_R","Strike_R","Strike_R","Strike_R","Strike_R","Defend_R","Defend_R","Defend_R","Defend_R","Disarm","Ghostly Armor"],"relics":["Fusion Hammer","Golden Idol"],"potions_floor_usage":[],"damage_taken":[{"damage":4,"enemies":"Small Slimes","floor":1,"turns":3},{"damage":3,"enemies":"Cultist","floor":3,"turns":5},{"damage":5,"enemies":"Jaw Worm","floor":4,"turns":4},{"damage":0,"enemies":"Large Slime","floor":8,"turns":5},{"damage":38,"enemies":"Gremlin Gang","floor":10,"turns":3}],"seed_played":"-3138089446716011471","potions_obtained":[{"floor":1,"key":"PowerPotion"}],"is_trial":false,"path_per_floor":["M","?","M","M","?","R","?","M","T","M"],"character_chosen":"IRONCLAD","items_purchased":[],"campfire_rested":0,"item_purchase_floors":[],"current_hp_per_floor":[76,76,73,68,57,57,37,37,37,0],"gold":191,"neow_bonus":"BOSS_RELIC","is_prod":false,"is_daily":false,"chose_seed":false,"campfire_upgraded":0,"win_rate":0,"timestamp":1543175718,"path_taken":["M","?","M","M","?","R","?","M","T","M"],"build_version":"2018-11-15","purchased_purges":0,"victory":false,"max_hp_per_floor":[80,80,80,80,80,80,80,80,80,80],"card_choices":[{"not_picked":["Inflame","Havoc"],"picked":"Disarm","floor":1},{"not_picked":["Body Slam","Rage","Dual Wield"],"picked":"SKIP","floor":3},{"not_picked":["Headbutt","Thunderclap","Entrench"],"picked":"SKIP","floor":4},{"not_picked":["Wild Strike","Headbutt"],"picked":"Ghostly Armor","floor":8}],"player_experience":480172,"relics_obtained":[],"event_choices":[{"cards_removed":["Bash"],"damage_healed":0,"gold_gain":0,"player_choice":"Card Removal","damage_taken":0,"max_hp_gain":0,"max_hp_loss":0,"event_name":"The Cleric","floor":2,"gold_loss":50},{"damage_healed":0,"gold_gain":75,"player_choice":"Gather Gold","damage_taken":11,"max_hp_gain":0,"max_hp_loss":0,"event_name":"World of Goop","floor":5,"gold_loss":0},{"damage_healed":0,"gold_gain":0,"player_choice":"Take Damage","damage_taken":20,"relics_obtained":["Golden Idol"],"max_hp_gain":0,"max_hp_loss":0,"event_name":"Golden Idol","floor":7,"gold_loss":0}],"is_beta":false,"boss_relics":[],"items_purged_floors":[],"is_endless":false,"potions_floor_spawned":[1],"killed_by":"Gremlin Gang","ascension_level":3}