{"gold_per_floor":[119,394,414,414,430,459,459,475,475,92,121,137,137,157,157,260,260,270,270,131,147,161,194,194,211,211,236,247,267,294,169,169,272,272,290,301,301,319,338,369,369,399,426,443,471,487,516,54,54,54],"floor_reached":51,"playtime":3826,"items_purged":["Regret","Regret","Regret","Normality"],"score":983,"play_id":"178c7ccf-73ab-4fce-b937-90b916cdcb40","local_time":"20180926033745","is_ascension_mode":true,"campfire_choices":[{"data":"Defragment","floor":7.0,"key":"SMITH"},{"data":"Defragment","floor":13.0,"key":"SMITH"},{"data":"Self Repair","floor":15.0,"key":"SMITH"},{"data":"Echo Form","floor":24.0,"key":"SMITH"},{"data":"Force Field","floor":32,"key":"SMITH"},{"data":"Electrodynamics","floor":41,"key":"SMITH"},{"data":"Loop","floor":49,"key":"SMITH"}],"neow_cost":"NONE","seed_source_timestamp":673590111872408,"circlet_count":0,"master_deck":["Strike_B","Strike_B+1","Strike_B","Strike_B+1","Defend_B","Defend_B","Defend_B","Defend_B","Zap","Dualcast","Defragment+1","Cold Snap","Self Repair+1","Go for the Eyes","Heatsinks","Coolheaded","Machine Learning","Defragment+1","Gash","Echo Form+1","Loop+1","Storm","Compile Driver+1","Compile Driver+1","Force Field+1","Coolheaded+1","Self Repair+1","Self Repair","Machine Learning","Ball Lightning+1","Conserve Battery+1","Compile Driver+1","Ball Lightning+1","Electrodynamics+1","Redo+1","Beam Cell+1","Heatsinks","Self Repair+1","Self Repair"],"special_seed":0,"relics":["FrozenCore","NeowsBlessing","Singing Bowl","Mercury Hourglass","Mummified Hand","OrangePellets","Centennial Puzzle","Cursed Key","Gambling Chip","Blue Candle","Bag of Preparation","Incense Burner","Whetstone","Darkstone Periapt","Regal Pillow","Juzu Bracelet","Shuriken","Pen Nib","Vajra"],"potions_floor_usage":[],"damage_taken":[{"damage":0.0,"enemies":"2 Louse","floor":1.0,"turns":1.0},{"damage":0.0,"enemies":"Cultist","floor":3.0,"turns":1.0},{"damage":0.0,"enemies":"Small Slimes","floor":5.0,"turns":1.0},{"damage":37.0,"enemies":"3 Sentries","floor":6.0,"turns":8.0},{"damage":10.0,"enemies":"2 Fungi Beasts","floor":8.0,"turns":3.0},{"damage":19.0,"enemies":"Gremlin Nob","floor":11.0,"turns":4.0},{"damage":15.0,"enemies":"Lots of Slimes","floor":12.0,"turns":2.0},{"damage":12.0,"enemies":"Large Slime","floor":14.0,"turns":4.0},{"damage":7.0,"enemies":"The Guardian","floor":16.0,"turns":12.0},{"damage":11.0,"enemies":"Chosen","floor":18.0,"turns":5.0},{"damage":0.0,"enemies":"Shell Parasite","floor":21.0,"turns":4.0},{"damage":0.0,"enemies":"Snecko","floor":22.0,"turns":3.0},{"damage":1.0,"enemies":"Book of Stabbing","floor":23.0,"turns":3.0},{"damage":1.0,"enemies":"3 Cultists","floor":25.0,"turns":3.0},{"damage":12.0,"enemies":"Gremlin Leader","floor":27.0,"turns":5.0},{"damage":1,"enemies":"Chosen and Byrds","floor":28,"turns":3},{"damage":1,"enemies":"Cultist and Chosen","floor":29,"turns":3},{"damage":23,"enemies":"Slavers","floor":30,"turns":4},{"damage":9,"enemies":"Automaton","floor":33,"turns":7},{"damage":4,"enemies":"3 Shapes","floor":35,"turns":3},{"damage":3,"enemies":"3 Darklings","floor":36,"turns":4},{"damage":34,"enemies":"Reptomancer","floor":38,"turns":6},{"damage":0,"enemies":"Maw","floor":39,"turns":6},{"damage":8,"enemies":"Giant Head","floor":40,"turns":6},{"damage":28,"enemies":"2 Orb Walkers","floor":42,"turns":4},{"damage":2,"enemies":"4 Shapes","floor":44,"turns":4},{"damage":9,"enemies":"Giant Head","floor":45,"turns":7},{"damage":3,"enemies":"Sphere and 2 Shapes","floor":46,"turns":4},{"damage":20,"enemies":"2 Orb Walkers","floor":47,"turns":2},{"damage":14,"enemies":"Time Eater","floor":50,"turns":8}],"seed_played":"-2224265055134147820","potions_obtained":[{"floor":5.0,"key":"SkillPotion"},{"floor":8.0,"key":"GamblersBrew"},{"floor":12.0,"key":"FocusPotion"},{"floor":14.0,"key":"FearPotion"},{"floor":18.0,"key":"Fire Potion"},{"floor":27,"key":"Poison Potion"},{"floor":28,"key":"FearPotion"},{"floor":30,"key":"Fire Potion"}],"is_trial":false,"path_per_floor":["M","?","M","?","M","E","R","M","T","$","E","M","R","M","R","B",null,"M","?","$","M","M","E","R","M","T","E","M","M","E","$","R","B",null,"M","M","?","M","M","E","R","E","T","M","E","M","E","$","R","B"],"character_chosen":"DEFECT","items_purchased":["Heatsinks","OrangePellets","Coolheaded","Storm","Pen Nib","Vajra"],"campfire_rested":0,"item_purchase_floors":[10,10,10,20,48,48],"current_hp_per_floor":[75,75,75,75,75,47,47,44,44,44,32,24,24,19,19,22,77,76,62,62,72,82,82,82,82,82,80,84,86,83,83,83,86,86,86,86,86,79,86,86,86,75,81,92,92,92,92,92,92,92],"gold":54,"neow_bonus":"THREE_ENEMY_KILL","is_prod":false,"is_daily":false,"chose_seed":false,"campfire_upgraded":7,"win_rate":0,"timestamp":1537907865,"path_taken":["M","?","M","?","M","E","R","?","T","$","E","M","R","M","R","BOSS","M","?","$","M","?","E","R","M","T","E","M","M","E","?","R","BOSS","M","M","?","M","?","E","R","E","T","M","E","M","E","$","R","BOSS"],"build_version":"2018-09-20","purchased_purges":4,"victory":true,"max_hp_per_floor":[75,75,75,75,75,77,77,77,77,77,77,77,77,77,77,77,77,77,82,82,82,82,82,82,82,82,82,84,86,86,86,86,86,86,86,86,86,86,86,86,86,86,92,92,92,92,92,92,92,92],"card_choices":[{"not_picked":["Turbo","Lockon"],"picked":"Defragment","floor":1.0},{"not_picked":["Fusion","Consume"],"picked":"Cold Snap","floor":3.0},{"not_picked":["Cold Snap","Coolheaded"],"picked":"Self Repair","floor":5.0},{"not_picked":["Blizzard","Stack","Hello World"],"picked":"Singing Bowl","floor":6.0},{"not_picked":["Conserve Battery","Ball Lightning"],"picked":"Go for the Eyes","floor":8.0},{"not_picked":["Gash","Fission"],"picked":"Machine Learning","floor":11.0},{"not_picked":["Stack","Redo"],"picked":"Defragment","floor":12.0},{"not_picked":["Barrage","Rebound"],"picked":"Gash","floor":14.0},{"not_picked":["Machine Learning","All For One"],"picked":"Echo Form","floor":16.0},{"not_picked":["Conserve Battery","Gash"],"picked":"Loop","floor":18.0},{"not_picked":["Sweeping Beam","Hologram"],"picked":"Compile Driver+1","floor":21.0},{"not_picked":["Hologram","Go for the Eyes"],"picked":"Compile Driver+1","floor":22.0},{"not_picked":["Scrape","Static Discharge"],"picked":"Force Field","floor":23.0},{"not_picked":["Doom and Gloom","Reprogram+1"],"picked":"Coolheaded+1","floor":25.0},{"not_picked":["Auto Shields","Melter"],"picked":"Self Repair+1","floor":27},{"not_picked":["Hello World","Hologram","Stack+1"],"picked":"Singing Bowl","floor":28},{"not_picked":["Leap","Hello World","Streamline"],"picked":"Singing Bowl","floor":29},{"not_picked":["Tempest","Auto Shields"],"picked":"Self Repair","floor":30},{"not_picked":["Thunder Strike","Fission"],"picked":"Machine Learning","floor":33},{"not_picked":["Coolheaded","Redo"],"picked":"Ball Lightning+1","floor":35},{"not_picked":["Skim+1","Tempest"],"picked":"Conserve Battery+1","floor":36},{"not_picked":["Barrage","Redo"],"picked":"Compile Driver+1","floor":38},{"not_picked":["Rebound","Stack+1"],"picked":"Ball Lightning+1","floor":39},{"not_picked":["Leap","Heatsinks+1"],"picked":"Electrodynamics","floor":40},{"not_picked":["Barrage+1","Beam Cell"],"picked":"Redo+1","floor":42},{"not_picked":["Fusion","Stack"],"picked":"Beam Cell+1","floor":44},{"not_picked":["Stack","Redo"],"picked":"Heatsinks","floor":45},{"not_picked":["Stack","Leap+1"],"picked":"Self Repair+1","floor":46},{"not_picked":["Thunder Strike","Gash"],"picked":"Self Repair","floor":47}],"player_experience":170445,"relics_obtained":[{"floor":6.0,"key":"Mercury Hourglass"},{"floor":9.0,"key":"Mummified Hand"},{"floor":11.0,"key":"Centennial Puzzle"},{"floor":23.0,"key":"Gambling Chip"},{"floor":26.0,"key":"Blue Candle"},{"floor":27,"key":"Bag of Preparation"},{"floor":30,"key":"Incense Burner"},{"floor":40,"key":"Whetstone"},{"floor":42,"key":"Darkstone Periapt"},{"floor":43,"key":"Regal Pillow"},{"floor":45,"key":"Juzu Bracelet"},{"floor":47,"key":"Shuriken"}],"event_choices":[{"event_name":"Golden Shrine","player_choice":"Desecrate","floor":2.0,"damage_taken":0.0},{"event_name":"Big Fish","player_choice":"Box","floor":4.0,"damage_taken":0.0},{"event_name":"Forgotten Altar","player_choice":"Shed Blood","floor":19.0,"damage_taken":0.0},{"event_name":"Tomb of Lord Red Mask","player_choice":"Ignored","floor":37,"damage_taken":0}],"is_beta":false,"boss_relics":[{"not_picked":["Lizard Tail","Velvet Choker"],"picked":"Cursed Key"},{"not_picked":["Orrery","Pandora\u0027s Box"],"picked":"FrozenCore"}],"items_purged_floors":[10,20,31,48],"is_endless":false,"potions_floor_spawned":[5,8,12,14,18,27,28,30,39,40,44,45],"ascension_level":1}