{"gold_per_floor":[213,232,252,252,217,217,217,250,250,250],"floor_reached":10,"playtime":267,"items_purged":[],"score":116,"play_id":"facb68c0-531a-4cd0-9466-d3c9a2ef0580","local_time":"20190127143147","is_ascension_mode":true,"campfire_choices":[{"data":"Neutralize","floor":6,"key":"SMITH"}],"neow_cost":"NONE","seed_source_timestamp":244360442370600,"circlet_count":0,"master_deck":["AscendersBane","Defend_G","Defend_G","Defend_G","Defend_G","Defend_G","Strike_G","Strike_G","Strike_G","Strike_G","Survivor","Neutralize+1","Poisoned Stab","PiercingWail","Well Laid Plans","Footwork","Slice"],"relics":["Ring of the Snake","Golden Idol","Unceasing Top","Tingsha"],"potions_floor_usage":[8],"damage_taken":[{"damage":6,"enemies":"Jaw Worm","floor":1,"turns":6},{"damage":2,"enemies":"2 Louse","floor":2,"turns":3},{"damage":0,"enemies":"Cultist","floor":3,"turns":4},{"damage":42,"enemies":"Lagavulin","floor":8,"turns":8},{"damage":13,"enemies":"Exordium Thugs","floor":10,"turns":2}],"seed_played":"5961423880345082098","potions_obtained":[{"floor":1,"key":"SteroidPotion"},{"floor":8,"key":"Dexterity Potion"}],"is_trial":false,"path_per_floor":["M","M","M","?","$","R","?","E","T","M"],"character_chosen":"THE_SILENT","items_purchased":["Footwork"],"campfire_rested":0,"item_purchase_floors":[5],"current_hp_per_floor":[53,51,51,51,51,51,51,9,9,0],"gold":250,"neow_bonus":"HUNDRED_GOLD","is_prod":false,"is_daily":false,"chose_seed":false,"campfire_upgraded":1,"win_rate":0,"timestamp":1548570707,"path_taken":["M","M","M","?","$","R","?","E","T","M"],"build_version":"2019-01-23","purchased_purges":0,"victory":false,"max_hp_per_floor":[66,66,66,66,66,66,60,60,60,60],"card_choices":[{"not_picked":["Reflex","Prepared"],"picked":"Poisoned Stab","floor":1},{"not_picked":["Choke","Quick Slash","Outmaneuver"],"picked":"SKIP","floor":2},{"not_picked":["Dagger Throw","Catalyst"],"picked":"PiercingWail","floor":3},{"not_picked":["Acrobatics","Cloak And Dagger"],"picked":"Slice","floor":8}],"player_experience":671789,"relics_obtained":[{"floor":8,"key":"Unceasing Top"},{"floor":9,"key":"Tingsha"}],"event_choices":[{"damage_healed":0,"gold_gain":0,"cards_transformed":["Strike_G"],"player_choice":"Change","damage_taken":0,"max_hp_gain":0,"max_hp_loss":0,"event_name":"Living Wall","floor":4,"gold_loss":0,"cards_obtained":["Well Laid Plans"]},{"damage_healed":0,"gold_gain":0,"player_choice":"Lose Max HP","damage_taken":0,"relics_obtained":["Golden Idol"],"max_hp_gain":0,"max_hp_loss":6,"event_name":"Golden Idol","floor":7,"gold_loss":0}],"is_beta":false,"boss_relics":[],"items_purged_floors":[],"is_endless":false,"potions_floor_spawned":[1,8],"killed_by":"Exordium Thugs","ascension_level":15}