{"gold_per_floor":[113,113,113,126,301,301,188,188,188,212,227,127,127],"floor_reached":13,"playtime":570,"items_purged":["Doubt","Brutality"],"score":88,"play_id":"edd448ad-f894-4111-9f94-00f7b8ac1f7a","local_time":"20190224175725","is_ascension_mode":true,"campfire_choices":[{"data":"Entrench","floor":6,"key":"SMITH"},{"data":"Body Slam","floor":8,"key":"SMITH"}],"neow_cost":"NONE","seed_source_timestamp":778083924129800,"circlet_count":0,"master_deck":["Strike_R","Strike_R","Strike_R","Strike_R","Defend_R","Defend_R","Defend_R","Defend_R","Bash","Entrench+1","Body Slam+1","Metallicize"],"relics":["Burning Blood","Golden Idol","Molten Egg 2"],"potions_floor_usage":[4,13],"damage_taken":[{"damage":6,"enemies":"Cultist","floor":1,"turns":4},{"damage":18,"enemies":"Jaw Worm","floor":4,"turns":6},{"damage":0,"enemies":"2 Louse","floor":10,"turns":4},{"damage":10,"enemies":"Large Slime","floor":11,"turns":7},{"damage":61,"enemies":"Lagavulin Event","floor":13,"turns":8}],"seed_played":"927420706661551297","potions_obtained":[{"floor":1,"key":"Regen Potion"},{"floor":4,"key":"Swift Potion"}],"is_trial":false,"path_per_floor":["?","?","M","?","?"],"character_chosen":"IRONCLAD","items_purchased":["Metallicize"],"campfire_rested":0,"item_purchase_floors":[7],"current_hp_per_floor":[80,60,60,57,57,57,57,57,57,63,59,59,0],"gold":127,"neow_bonus":"ONE_RANDOM_RARE_CARD","is_prod":false,"is_daily":false,"chose_seed":false,"campfire_upgraded":2,"win_rate":0,"timestamp":1551027445,"path_taken":["M","?","?","?","?","R","$","R","T","M","M","$","?"],"build_version":"2019-01-23","purchased_purges":2,"victory":false,"max_hp_per_floor":[80,80,80,80,80,80,80,80,80,80,80,80,80],"card_choices":[{"not_picked":["Disarm","Warcry","Clash"],"picked":"SKIP","floor":1},{"not_picked":["Wild Strike","Thunderclap"],"picked":"Body Slam","floor":4},{"not_picked":["Headbutt+1","Flex","Heavy Blade+1"],"picked":"SKIP","floor":10},{"not_picked":["Cleave+1","Carnage+1","Headbutt+1"],"picked":"SKIP","floor":11}],"player_experience":211735,"relics_obtained":[{"floor":9,"key":"Molten Egg 2"}],"event_choices":[{"damage_healed":0,"gold_gain":0,"player_choice":"Take Damage","damage_taken":20,"relics_obtained":["Golden Idol"],"max_hp_gain":0,"max_hp_loss":0,"event_name":"Golden Idol","floor":2,"gold_loss":0},{"damage_healed":0,"gold_gain":0,"cards_transformed":["Strike_R"],"player_choice":"Transformed","damage_taken":0,"max_hp_gain":0,"max_hp_loss":0,"event_name":"Transmorgrifier","floor":3,"gold_loss":0,"cards_obtained":["Entrench"]},{"damage_healed":0,"gold_gain":175,"player_choice":"AGREE","damage_taken":0,"max_hp_gain":0,"max_hp_loss":0,"event_name":"Liars Game","floor":5,"gold_loss":0,"cards_obtained":["Doubt"]},{"damage_healed":0,"gold_gain":0,"player_choice":"Searched \u00271\u0027 times","damage_taken":0,"max_hp_gain":0,"max_hp_loss":0,"event_name":"Dead Adventurer","floor":13,"gold_loss":0}],"is_beta":false,"boss_relics":[],"items_purged_floors":[7,12],"is_endless":false,"potions_floor_spawned":[1,4],"killed_by":"Lagavulin Event","ascension_level":4}