{"gold_per_floor":[110,110,122,122,122,149,149,174,245,270,302,332,360,387,387,464,464,478,493,493,510,568,602,631,659,739,768,798,798,824,824,824,899,899,911,85,85,110,143,174,208,252,264,602,639,680,725,771,783,795,807,819,831,40,73,73],"floor_reached":57,"playtime":2843,"items_purged":[],"score":5164,"play_id":"8079d881-cfe1-4768-a69e-2d53feff1481","local_time":"20190224002913","daily_mods":["SealedDeck","Vintage","Diverse","Colorless Cards","Heirloom","Time Dilation","Flight","DeadlyEvents","Elite Swarm"],"is_ascension_mode":true,"campfire_choices":[{"data":"Coolheaded","floor":7.0,"key":"SMITH"},{"data":"Limit Break","floor":15.0,"key":"SMITH"},{"floor":29.0,"key":"RECALL"},{"data":"A Thousand Cuts","floor":32.0,"key":"SMITH"},{"data":"After Image","floor":49.0,"key":"SMITH"},{"data":"Amplify","floor":53.0,"key":"SMITH"}],"neow_cost":"","seed_source_timestamp":0,"circlet_count":0,"master_deck":["AscendersBane","PiercingWail","Slice","Scrape+1","Go for the Eyes","Deflect+1","Beam Cell","Footwork","Genetic Algorithm","Coolheaded+1","Gash","Panache","Reboot","Creative AI","Electrodynamics","Limit Break+1","A Thousand Cuts+1","Adrenaline","All For One","Envenom+1","Storm","Ball Lightning","Consume","Amplify+1","Core Surge","After Image+1","Juggernaut","Finesse","Steam","Secret Technique","Sadistic Nature"],"special_seed":0,"relics":["Cracked Core","Ginger","Bag of Preparation","Blood Vial","Singing Bowl","Smiling Mask","Shuriken","Mummified Hand","Centennial Puzzle","Peace Pipe","Bottled Lightning","Pantograph","Inserter","Bronze Scales","Ornamental Fan","Anchor","Tiny Chest","Unceasing Top","Gambling Chip","Lantern","Torii","Regal Pillow","Letter Opener","Lizard Tail","PreservedInsect","Vajra","Matryoshka","Sling","Darkstone Periapt","Pear","Dodecahedron","MawBank","Happy Flower","Art of War","Cables","Old Coin","Meat on the Bone","Thread and Needle","Orichalcum","Symbiotic Virus","Oddly Smooth Stone","Gremlin Horn","Bottled Flame"],"potions_floor_usage":[],"damage_taken":[{"damage":4.0,"enemies":"Jaw Worm","floor":1.0,"turns":2.0},{"damage":0.0,"enemies":"Cultist","floor":3.0,"turns":2.0},{"damage":30.0,"enemies":"3 Sentries","floor":6.0,"turns":10.0},{"damage":0.0,"enemies":"Lagavulin","floor":8.0,"turns":4.0},{"damage":10.0,"enemies":"3 Sentries","floor":10.0,"turns":7.0},{"damage":0.0,"enemies":"Gremlin Nob","floor":11.0,"turns":1.0},{"damage":0.0,"enemies":"Lagavulin","floor":12.0,"turns":2.0},{"damage":0.0,"enemies":"Gremlin Nob","floor":13.0,"turns":1.0},{"damage":0.0,"enemies":"Lagavulin","floor":14.0,"turns":2.0},{"damage":0.0,"enemies":"The Guardian","floor":16.0,"turns":4.0},{"damage":0.0,"enemies":"2 Thieves","floor":18.0,"turns":2.0},{"damage":0.0,"enemies":"Spheric Guardian","floor":19.0,"turns":2.0},{"damage":6.0,"enemies":"Centurion and Healer","floor":21.0,"turns":2.0},{"damage":0.0,"enemies":"Slavers","floor":22.0,"turns":3.0},{"damage":0.0,"enemies":"Gremlin Leader","floor":23.0,"turns":4.0},{"damage":0.0,"enemies":"Book of Stabbing","floor":24.0,"turns":2.0},{"damage":0.0,"enemies":"Slavers","floor":25.0,"turns":3.0},{"damage":0.0,"enemies":"Book of Stabbing","floor":27.0,"turns":3.0},{"damage":0.0,"enemies":"Slavers","floor":28.0,"turns":2.0},{"damage":0.0,"enemies":"Gremlin Leader","floor":30.0,"turns":3.0},{"damage":0.0,"enemies":"Automaton","floor":33.0,"turns":4.0},{"damage":0.0,"enemies":"Orb Walker","floor":35.0,"turns":1.0},{"damage":0.0,"enemies":"Nemesis","floor":38.0,"turns":2.0},{"damage":0.0,"enemies":"Giant Head","floor":39.0,"turns":4.0},{"damage":0.0,"enemies":"Nemesis","floor":40.0,"turns":1.0},{"damage":0.0,"enemies":"Giant Head","floor":41.0,"turns":2.0},{"damage":0.0,"enemies":"Reptomancer","floor":42.0,"turns":2.0},{"damage":0.0,"enemies":"Nemesis","floor":44.0,"turns":2.0},{"damage":0.0,"enemies":"Giant Head","floor":45.0,"turns":4.0},{"damage":0.0,"enemies":"Reptomancer","floor":46.0,"turns":2.0},{"damage":0.0,"enemies":"Nemesis","floor":47.0,"turns":3.0},{"damage":0.0,"enemies":"Giant Head","floor":48.0,"turns":3.0},{"damage":0.0,"enemies":"Donu and Deca","floor":50.0,"turns":4.0},{"damage":0.0,"enemies":"Awakened One","floor":51.0,"turns":4.0},{"damage":0.0,"enemies":"Shield and Spear","floor":55.0,"turns":2.0},{"damage":62,"enemies":"The Heart","floor":56,"turns":5}],"seed_played":"-2211809484975330305","potions_obtained":[{"floor":8.0,"key":"EssenceOfSteel"},{"floor":10.0,"key":"Dexterity Potion"},{"floor":14.0,"key":"SteroidPotion"},{"floor":21.0,"key":"PowerPotion"},{"floor":23.0,"key":"EntropicBrew"},{"floor":25.0,"key":"SteroidPotion"},{"floor":27.0,"key":"Strength Potion"},{"floor":41.0,"key":"EssenceOfSteel"}],"is_trial":true,"path_per_floor":["M","?","M","?","?","E","R","E","T","E","E","E","E","E","R","B",null,"M","M","?","M","E","E","E","E","T","E","E","R","E","?","R","B",null,"M","$","?","E","E","E","E","E","T","E","E","E","E","E","R","B","B",null,"R","$","E","B",null],"character_chosen":"DEFECT","items_purchased":["Vajra","Storm","Matryoshka","Ball Lightning","Consume","Sling","Oddly Smooth Stone","Finesse","Gremlin Horn","Steam","Secret Technique"],"campfire_rested":0,"item_purchase_floors":[36,36,36,36,36,36,54,54,54,54,54],"current_hp_per_floor":[60,60,60,65,42,14,14,18,18,10,12,14,16,18,18,47,72,74,76,90,84,86,88,90,92,92,94,96,96,98,98,98,98,98,98,98,98,100,112,112,112,112,112,114,114,116,118,120,120,120,120,120,120,120,120,70],"gold":73,"neow_bonus":"","is_prod":false,"is_daily":false,"chose_seed":false,"campfire_upgraded":5,"win_rate":0,"timestamp":1550935753,"path_taken":["M","?","?","?","?","E","R","E","T","E","E","?","E","E","R","BOSS","M","M","?","?","?","E","E","E","T","E","E","R","E","?","R","BOSS","M","$","?","?","?","E","E","E","T","E","?","E","E","E","R","BOSS","BOSS","R","$","E","BOSS"],"build_version":"2019-01-23","purchased_purges":0,"victory":true,"max_hp_per_floor":[71,71,71,76,76,76,76,78,78,78,78,78,78,78,78,80,80,80,80,90,90,90,90,90,92,92,94,96,96,98,98,98,98,98,98,98,98,100,112,112,112,112,112,114,114,116,118,120,120,120,120,120,120,120,120,120],"card_choices":[{"not_picked":["Echo Form","Meteor Strike"],"picked":"Panache","floor":6.0},{"not_picked":["Berserk","Machine Learning","Glass Knife"],"picked":"Singing Bowl","floor":8.0},{"not_picked":["Night Terror","Bludgeon"],"picked":"Reboot","floor":10.0},{"not_picked":["Hyperbeam","Biased Cognition"],"picked":"Creative AI","floor":11.0},{"not_picked":["Brutality","Limit Break"],"picked":"Electrodynamics","floor":12.0},{"not_picked":["Hyperbeam","Demon Form"],"picked":"Limit Break","floor":13.0},{"not_picked":["Chrysalis","Reboot"],"picked":"A Thousand Cuts","floor":14.0},{"not_picked":["Impervious","Venomology","Immolate"],"picked":"Singing Bowl","floor":16.0},{"not_picked":["Exhume","Machine Learning"],"picked":"A Thousand Cuts","floor":22.0},{"not_picked":["Thunder Strike","Feed"],"picked":"Adrenaline","floor":23.0},{"not_picked":["Offering","Bullet Time"],"picked":"All For One","floor":24.0},{"not_picked":["Metamorphosis","Wraith Form v2","Glass Knife"],"picked":"Singing Bowl","floor":25.0},{"not_picked":["Adrenaline","Impervious","Berserk"],"picked":"Singing Bowl","floor":27.0},{"not_picked":["Mayhem","Bludgeon","Wraith Form v2"],"picked":"Singing Bowl","floor":28.0},{"not_picked":["Glass Knife","Die Die Die","Electrodynamics"],"picked":"Singing Bowl","floor":30.0},{"not_picked":["Berserk","Violence"],"picked":"Envenom","floor":33.0},{"not_picked":["Exhume","Malaise","Impervious"],"picked":"Singing Bowl","floor":38.0},{"not_picked":["All For One","Feed","Secret Weapon"],"picked":"Singing Bowl","floor":39.0},{"not_picked":["Thunder Strike","Multi-Cast"],"picked":"Amplify","floor":40.0},{"not_picked":["The Bomb","Venomology"],"picked":"Core Surge","floor":41.0},{"not_picked":["Brutality","Doppelganger"],"picked":"After Image","floor":42.0},{"not_picked":["Machine Learning","Thinking Ahead","Hyperbeam"],"picked":"Singing Bowl","floor":44.0},{"not_picked":["Fiend Fire","Creative AI"],"picked":"Juggernaut","floor":45.0},{"not_picked":["Secret Weapon","Fission","Corpse Explosion"],"picked":"Singing Bowl","floor":46.0},{"not_picked":["The Bomb","Transmutation","Adrenaline"],"picked":"Singing Bowl","floor":47.0},{"not_picked":["Limit Break","Hyperbeam","After Image"],"picked":"Singing Bowl","floor":48.0},{"not_picked":["Bludgeon","Doppelganger"],"picked":"Sadistic Nature","floor":55.0}],"player_experience":1890068,"relics_obtained":[{"floor":1.0,"key":"Bag of Preparation"},{"floor":3.0,"key":"Blood Vial"},{"floor":6.0,"key":"Singing Bowl"},{"floor":8.0,"key":"Smiling Mask"},{"floor":9.0,"key":"Shuriken"},{"floor":10.0,"key":"Mummified Hand"},{"floor":11.0,"key":"Centennial Puzzle"},{"floor":12.0,"key":"Peace Pipe"},{"floor":13.0,"key":"Bottled Lightning"},{"floor":14.0,"key":"Pantograph"},{"floor":18.0,"key":"Bronze Scales"},{"floor":19.0,"key":"Ornamental Fan"},{"floor":21.0,"key":"Anchor"},{"floor":22.0,"key":"Tiny Chest"},{"floor":23.0,"key":"Unceasing Top"},{"floor":24.0,"key":"Gambling Chip"},{"floor":25.0,"key":"Lantern"},{"floor":27.0,"key":"Torii"},{"floor":28.0,"key":"Regal Pillow"},{"floor":30.0,"key":"Letter Opener"},{"floor":35.0,"key":"PreservedInsect"},{"floor":38.0,"key":"Darkstone Periapt"},{"floor":39.0,"key":"Pear"},{"floor":40.0,"key":"Dodecahedron"},{"floor":41.0,"key":"MawBank"},{"floor":42.0,"key":"Happy Flower"},{"floor":43.0,"key":"Art of War"},{"floor":43.0,"key":"Cables"},{"floor":44.0,"key":"Old Coin"},{"floor":45.0,"key":"Meat on the Bone"},{"floor":46.0,"key":"Thread and Needle"},{"floor":47.0,"key":"Orichalcum"},{"floor":48.0,"key":"Symbiotic Virus"},{"floor":55.0,"key":"Bottled Flame"}],"event_choices":[{"damage_healed":0.0,"max_hp_gain":0.0,"max_hp_loss":0.0,"gold_gain":0.0,"event_name":"Purifier","player_choice":"Ignored","floor":2.0,"gold_loss":0.0,"damage_taken":0.0},{"damage_healed":0.0,"max_hp_gain":5.0,"max_hp_loss":0.0,"gold_gain":0.0,"event_name":"Big Fish","player_choice":"Donut","floor":4.0,"gold_loss":0.0,"damage_taken":0.0},{"damage_healed":0.0,"max_hp_gain":0.0,"max_hp_loss":0.0,"gold_gain":0.0,"event_name":"Shining Light","player_choice":"Entered Light","floor":5.0,"gold_loss":0.0,"damage_taken":23.0,"cards_upgraded":["Scrape","Deflect"]},{"cards_removed":["A Thousand Cuts"],"damage_healed":4.0,"max_hp_gain":10.0,"max_hp_loss":0.0,"gold_gain":0.0,"event_name":"Bonfire Elementals","player_choice":"Offered Rare","floor":20.0,"gold_loss":0.0,"damage_taken":0.0},{"damage_healed":0.0,"max_hp_gain":0.0,"max_hp_loss":0.0,"gold_gain":0.0,"event_name":"Beggar","player_choice":"Ignored","floor":31.0,"gold_loss":0.0,"damage_taken":0.0},{"damage_healed":0.0,"max_hp_gain":0.0,"max_hp_loss":0.0,"gold_gain":0.0,"event_name":"Upgrade Shrine","player_choice":"Upgraded","floor":37.0,"gold_loss":0.0,"damage_taken":0.0,"cards_upgraded":["Envenom"]}],"is_beta":false,"boss_relics":[{"not_picked":["Sozu","Runic Dome"],"picked":"Inserter"},{"not_picked":["Astrolabe","Velvet Choker"],"picked":"Lizard Tail"}],"items_purged_floors":[],"is_endless":false,"potions_floor_spawned":[8,10,12,13,14,21,23,25,27,30,33,39,41,42,46,48],"ascension_level":20}