{"gold_per_floor":[112,187,187,187,211,211,211,227,252,252,252,177,201,245,245,375,375,390,290,215,215,231,231],"floor_reached":23,"playtime":1010,"items_purged":["Strike_B","Strike_B"],"score":262,"play_id":"f4c1a5ba-f363-4d36-a21d-c934c13579df","local_time":"20181113162331","is_ascension_mode":false,"campfire_choices":[{"floor":6,"key":"REST"},{"data":"Cold Snap","floor":10,"key":"SMITH"},{"data":"Loop","floor":15,"key":"SMITH"}],"neow_cost":"TEN_PERCENT_HP_LOSS","seed_source_timestamp":2998354253332036,"circlet_count":0,"master_deck":["Defend_B+1","Defend_B+1","Defend_B","Defend_B","Zap+1","Cold Snap+1","Loop","Loop+1","Buffer+1"],"relics":["Cracked Core","Golden Idol","War Paint","Art of War","Sozu"],"potions_floor_usage":[16,16],"damage_taken":[{"damage":2,"enemies":"Small Slimes","floor":1,"turns":4},{"damage":1,"enemies":"Jaw Worm","floor":5,"turns":4},{"damage":0,"enemies":"Cultist","floor":8,"turns":3},{"damage":0,"enemies":"Blue Slaver","floor":13,"turns":4},{"damage":0,"enemies":"Lagavulin","floor":14,"turns":5},{"damage":0,"enemies":"The Guardian","floor":16,"turns":13},{"damage":0,"enemies":"Shell Parasite","floor":18,"turns":5},{"damage":0,"enemies":"Chosen","floor":22,"turns":6},{"damage":84,"enemies":"Gremlin Leader","floor":23,"turns":12}],"seed_played":"7502127172259261844","potions_obtained":[{"floor":8,"key":"Explosive Potion"},{"floor":13,"key":"Dexterity Potion"},{"floor":14,"key":"Energy Potion"}],"is_trial":false,"path_per_floor":["M","?","?","?","M","R","?","M","T","R","?","$","M","E","R","B",null,"M","$","?","?","M","E"],"character_chosen":"DEFECT","items_purchased":[],"campfire_rested":1,"item_purchase_floors":[],"current_hp_per_floor":[66,55,38,38,37,57,62,62,62,62,62,62,62,62,62,62,73,73,73,73,73,73,0],"gold":231,"neow_bonus":"REMOVE_TWO","is_prod":false,"is_daily":false,"chose_seed":false,"campfire_upgraded":2,"win_rate":0.0,"timestamp":1542147811,"path_taken":["M","?","?","?","?","R","?","M","T","R","?","$","?","E","R","BOSS","M","$","?","?","M","E"],"build_version":"2018-11-08","purchased_purges":2,"victory":false,"max_hp_per_floor":[68,68,68,68,68,68,73,73,73,73,73,73,73,73,73,73,73,73,73,73,73,73,73],"card_choices":[{"not_picked":["Turbo","Consume","Blizzard"],"picked":"SKIP","floor":1},{"not_picked":["Rebound","Steam","Double Energy"],"picked":"SKIP","floor":5},{"not_picked":["Coolheaded","Streamline"],"picked":"Cold Snap","floor":8},{"not_picked":["Cold Snap","Multi-Cast"],"picked":"Loop","floor":13},{"not_picked":["Conserve Battery","Rebound"],"picked":"Loop","floor":14},{"not_picked":["Thunder Strike","Meteor Strike"],"picked":"Buffer","floor":16},{"not_picked":["Hello World","Rebound","Stack"],"picked":"SKIP","floor":18},{"not_picked":["Darkness","Go for the Eyes+1","Coolheaded"],"picked":"SKIP","floor":22}],"player_experience":172105,"relics_obtained":[{"floor":9,"key":"War Paint"},{"floor":14,"key":"Art of War"}],"event_choices":[{"damage_healed":0,"gold_gain":75,"player_choice":"Gather Gold","damage_taken":11,"max_hp_gain":0,"max_hp_loss":0,"event_name":"World of Goop","floor":2,"gold_loss":0},{"damage_healed":0,"gold_gain":0,"player_choice":"Take Damage","damage_taken":17,"relics_obtained":["Golden Idol"],"max_hp_gain":0,"max_hp_loss":0,"event_name":"Golden Idol","floor":3,"gold_loss":0},{"damage_healed":0,"gold_gain":0,"player_choice":"Upgraded","damage_taken":0,"max_hp_gain":0,"max_hp_loss":0,"event_name":"Upgrade Shrine","floor":4,"gold_loss":0,"cards_upgraded":["Zap"]},{"damage_healed":0,"gold_gain":0,"player_choice":"Donut","damage_taken":0,"max_hp_gain":5,"max_hp_loss":0,"event_name":"Big Fish","floor":7,"gold_loss":0},{"damage_healed":0,"gold_gain":0,"player_choice":"Bought 0 Potions","damage_taken":0,"max_hp_gain":0,"max_hp_loss":0,"event_name":"The Woman in Blue","floor":11,"gold_loss":0},{"cards_removed":["Strike_B"],"damage_healed":0,"gold_gain":0,"player_choice":"Gave Gold","damage_taken":0,"max_hp_gain":0,"max_hp_loss":0,"event_name":"Beggar","floor":20,"gold_loss":75},{"damage_healed":0,"gold_gain":0,"player_choice":"Upgraded","damage_taken":0,"max_hp_gain":0,"max_hp_loss":0,"event_name":"Upgrade Shrine","floor":21,"gold_loss":0,"cards_upgraded":["Buffer"]}],"is_beta":false,"boss_relics":[{"not_picked":["White Beast Statue","Tiny House"],"picked":"Sozu"}],"items_purged_floors":[12,19],"is_endless":false,"potions_floor_spawned":[8,13,14,22],"killed_by":"Gremlin Leader","ascension_level":0}