{"gold_per_floor":[117,133,151,162,20,20,37,54,108,128,148,148,148,158,158,261,261,271,93,93,112,112,112,142,142,142,159,159,159,159,177,177,282,282,299,104,104,117,133,133,146,173,173,192,204,114,114,124,124,124,124,124,44,69,69],"floor_reached":55,"playtime":3809,"items_purged":["Strike_G","Pain","Strike_G"],"score":894,"play_id":"c0c506c2-87e6-4b7e-921a-638f1f0a3d50","local_time":"20190213212135","is_ascension_mode":true,"campfire_choices":[{"floor":6.0,"key":"REST"},{"data":"Noxious Fumes","floor":13.0,"key":"SMITH"},{"data":"Caltrops","floor":15.0,"key":"SMITH"},{"floor":23.0,"key":"REST"},{"data":"Footwork","floor":25.0,"key":"SMITH"},{"data":"Dash","floor":29.0,"key":"SMITH"},{"data":"Dash","floor":32.0,"key":"SMITH"},{"floor":40,"key":"RECALL"},{"floor":47,"key":"REST"},{"floor":49,"key":"REST"},{"data":"Footwork","floor":52,"key":"SMITH"}],"neow_cost":"PERCENT_DAMAGE","seed_source_timestamp":0,"circlet_count":0,"master_deck":["Defend_G","Defend_G","Defend_G","Defend_G","Survivor","Neutralize+1","Dash+1","Deadly Poison","Dash+1","Caltrops+1","Noxious Fumes+1","Cloak And Dagger","Footwork+1","Crippling Poison","Blur","Necronomicurse","Crippling Poison","Well Laid Plans+1","Well Laid Plans+1","Caltrops","Footwork+1","Caltrops","Backstab"],"special_seed":0,"relics":["Ring of the Snake","Happy Flower","WarpedTongs","Philosopher\u0027s Stone","Necronomicon","Snake Skull","Bag of Preparation","Runic Pyramid","Dodecahedron","Strawberry"],"potions_floor_usage":[42,42,50,50,50],"damage_taken":[{"damage":0.0,"enemies":"Cultist","floor":1.0,"turns":5.0},{"damage":0.0,"enemies":"Jaw Worm","floor":2.0,"turns":7.0},{"damage":0.0,"enemies":"Small Slimes","floor":3.0,"turns":6.0},{"damage":0.0,"enemies":"Looter","floor":4.0,"turns":4.0},{"damage":0.0,"enemies":"2 Fungi Beasts","floor":7.0,"turns":4.0},{"damage":0.0,"enemies":"3 Louse","floor":8.0,"turns":4.0},{"damage":0.0,"enemies":"Blue Slaver","floor":10.0,"turns":5.0},{"damage":0.0,"enemies":"Gremlin Gang","floor":11.0,"turns":7.0},{"damage":10.0,"enemies":"Large Slime","floor":14.0,"turns":8.0},{"damage":17.0,"enemies":"Hexaghost","floor":16.0,"turns":8.0},{"damage":5.0,"enemies":"3 Byrds","floor":18.0,"turns":4.0},{"damage":0.0,"enemies":"Chosen","floor":21.0,"turns":5.0},{"damage":4.0,"enemies":"Book of Stabbing","floor":24.0,"turns":5.0},{"damage":0.0,"enemies":"Shelled Parasite and Fungi","floor":27.0,"turns":5.0},{"damage":1.0,"enemies":"Snecko","floor":31.0,"turns":4.0},{"damage":26.0,"enemies":"Collector","floor":33.0,"turns":7.0},{"damage":0,"enemies":"3 Shapes","floor":35,"turns":4},{"damage":0,"enemies":"3 Darklings","floor":38,"turns":4},{"damage":0,"enemies":"Spire Growth","floor":39,"turns":5},{"damage":33,"enemies":"Transient","floor":41,"turns":5},{"damage":4,"enemies":"Giant Head","floor":42,"turns":9},{"damage":17,"enemies":"4 Shapes","floor":44,"turns":6},{"damage":0,"enemies":"Spire Growth","floor":45,"turns":5},{"damage":14,"enemies":"Jaw Worm Horde","floor":48,"turns":5},{"damage":0,"enemies":"Donu and Deca","floor":50,"turns":9},{"damage":54,"enemies":"Shield and Spear","floor":54,"turns":7},{"damage":60,"enemies":"The Heart","floor":55,"turns":3}],"seed_played":"8864062590158739194","potions_obtained":[{"floor":1.0,"key":"Poison Potion"},{"floor":2.0,"key":"FearPotion"},{"floor":7.0,"key":"Ancient Potion"},{"floor":8.0,"key":"EssenceOfSteel"},{"floor":21.0,"key":"Dexterity Potion"},{"floor":31.0,"key":"EssenceOfSteel"},{"floor":33.0,"key":"Dexterity Potion"},{"floor":35,"key":"Fire Potion"},{"floor":44,"key":"Dexterity Potion"},{"floor":45,"key":"Weak Potion"},{"floor":48,"key":"Explosive Potion"}],"is_trial":false,"path_per_floor":["M","M","M","M","$","R","M","M","T","M","M","?","R","M","R","B",null,"M","$","?","M","?","R","E","R","T","M","?","R","?","M","R","B",null,"M","$","?","M","M","R","M","E","T","M","M","?","R","M","R","B",null,"R","$","E","B"],"character_chosen":"THE_SILENT","items_purchased":["Caltrops","Footwork","Caltrops","Caltrops"],"campfire_rested":4,"item_purchase_floors":[5,19,36,53],"current_hp_per_floor":[49,49,49,49,49,70,70,70,70,70,70,70,70,60,60,43,63,58,58,58,58,42,63,59,59,59,59,59,59,59,58,58,32,61,61,61,61,61,61,61,28,24,24,7,7,7,28,14,35,35,61,61,61,14,0],"gold":69,"neow_bonus":"REMOVE_TWO","is_prod":false,"is_daily":false,"chose_seed":false,"campfire_upgraded":6,"win_rate":0,"timestamp":1550114495,"path_taken":["M","M","?","M","?","R","M","?","T","M","M","?","R","?","R","BOSS","M","$","?","M","?","R","E","R","T","M","?","R","?","M","R","BOSS","M","$","?","M","M","R","M","E","T","M","M","?","R","M","R","BOSS","R","$","E","BOSS"],"build_version":"2019-01-23","purchased_purges":3,"victory":false,"max_hp_per_floor":[70,70,70,70,70,70,70,70,70,70,70,70,70,70,70,70,70,70,70,70,70,70,70,70,70,70,70,70,70,70,70,70,70,70,70,70,70,70,70,70,70,70,70,70,70,70,70,70,70,70,70,70,70,77,77],"card_choices":[{"not_picked":["Heel Hook","Bane","Quick Slash"],"picked":"SKIP","floor":1.0},{"not_picked":["Predator","Sucker Punch"],"picked":"Dash","floor":2.0},{"not_picked":["Dagger Throw","Accuracy"],"picked":"Deadly Poison","floor":3.0},{"not_picked":["All Out Attack","Heel Hook"],"picked":"Dash","floor":4.0},{"not_picked":["Bane","Finisher","Flying Knee"],"picked":"SKIP","floor":7.0},{"not_picked":["Dagger Throw","Burst"],"picked":"Noxious Fumes","floor":8.0},{"not_picked":["Bouncing Flask","Dodge and Roll","Flying Knee"],"picked":"SKIP","floor":10.0},{"not_picked":["Escape Plan","Heel Hook","Bane"],"picked":"SKIP","floor":11.0},{"not_picked":["Deflect","Blade Dance","Underhanded Strike"],"picked":"SKIP","floor":14.0},{"not_picked":["Prepared+1","Finisher"],"picked":"Cloak And Dagger","floor":18.0},{"not_picked":["Leg Sweep+1","Acrobatics+1"],"picked":"Blur","floor":21.0},{"not_picked":["Deflect","Slice"],"picked":"Crippling Poison","floor":24.0},{"not_picked":["Skewer","Dodge and Roll+1"],"picked":"Well Laid Plans+1","floor":27.0},{"not_picked":["Flying Knee+1","Eviscerate","Storm of Steel"],"picked":"SKIP","floor":31.0},{"not_picked":["Slice","Infinite Blades"],"picked":"Well Laid Plans+1","floor":35},{"not_picked":["Expertise","Dodge and Roll+1","Crippling Poison"],"picked":"SKIP","floor":38},{"not_picked":["Prepared+1","Dodge and Roll+1","Cloak And Dagger+1"],"picked":"SKIP","floor":39},{"not_picked":["Acrobatics+1","Quick Slash","Cloak And Dagger+1"],"picked":"SKIP","floor":41},{"not_picked":["Envenom","Acrobatics+1"],"picked":"Footwork","floor":42},{"not_picked":["Outmaneuver+1","Dodge and Roll","Underhanded Strike"],"picked":"SKIP","floor":44},{"not_picked":["All Out Attack+1","Cloak And Dagger+1","Well Laid Plans+1"],"picked":"SKIP","floor":45},{"not_picked":["Deflect","Dagger Throw+1","Heel Hook"],"picked":"SKIP","floor":48},{"not_picked":["Cloak And Dagger","Eviscerate"],"picked":"Backstab","floor":54}],"player_experience":1347331,"relics_obtained":[{"floor":9.0,"key":"Happy Flower"},{"floor":22.0,"key":"Necronomicon"},{"floor":24.0,"key":"Snake Skull"},{"floor":26.0,"key":"Bag of Preparation"},{"floor":42,"key":"Dodecahedron"},{"floor":54,"key":"Strawberry"}],"event_choices":[{"damage_healed":0.0,"max_hp_gain":0.0,"max_hp_loss":0.0,"gold_gain":0.0,"event_name":"Accursed Blacksmith","player_choice":"Rummage","floor":12.0,"gold_loss":0.0,"damage_taken":0.0,"relics_obtained":["WarpedTongs"],"cards_obtained":["Pain"]},{"damage_healed":0.0,"max_hp_gain":0.0,"max_hp_loss":0.0,"gold_gain":0.0,"event_name":"The Library","player_choice":"Read","floor":20.0,"gold_loss":0.0,"damage_taken":0.0,"cards_obtained":["Crippling Poison"]},{"damage_healed":0.0,"max_hp_gain":0.0,"max_hp_loss":0.0,"gold_gain":0.0,"event_name":"Cursed Tome","player_choice":"Obtained Book","floor":22.0,"gold_loss":0.0,"damage_taken":16.0},{"damage_healed":0.0,"max_hp_gain":0.0,"max_hp_loss":0.0,"gold_gain":0.0,"event_name":"Vampires","player_choice":"Ignored","floor":28.0,"gold_loss":0.0,"damage_taken":0.0},{"cards_removed":["Strike_G"],"damage_healed":0.0,"max_hp_gain":0.0,"max_hp_loss":0.0,"gold_gain":0.0,"event_name":"Back to Basics","player_choice":"Elegance","floor":30.0,"gold_loss":0.0,"damage_taken":0.0},{"damage_healed":0,"gold_gain":0,"player_choice":"Memory 1","damage_taken":0,"max_hp_gain":0,"max_hp_loss":0,"event_name":"SensoryStone","floor":37,"gold_loss":0},{"cards_removed":["Defend_G"],"damage_healed":0,"gold_gain":0,"player_choice":"Upgrade and Remove","damage_taken":0,"max_hp_gain":0,"max_hp_loss":0,"event_name":"Designer","floor":46,"gold_loss":90,"cards_upgraded":["Neutralize"]}],"is_beta":false,"boss_relics":[{"not_picked":["WristBlade","Black Star"],"picked":"Philosopher\u0027s Stone"},{"not_picked":["White Beast Statue","Runic Dome"],"picked":"Runic Pyramid"}],"items_purged_floors":[5,19,36],"is_endless":false,"potions_floor_spawned":[1,2,7,8,11,21,31,33,35,44,45,48],"killed_by":"The Heart","ascension_level":5}