{"gold_per_floor":[118,135,135,153,176,212,212,212,237,262,296,296,321,340,340,340],"floor_reached":16,"playtime":1128,"items_purged":[],"score":120,"play_id":"eebf92f0-d364-4617-a908-2e6cfae468c6","local_time":"20181026005411","is_ascension_mode":true,"campfire_choices":[{"floor":7,"key":"REST"},{"floor":15,"key":"REST"}],"neow_cost":"NONE","seed_source_timestamp":1371908683445013,"circlet_count":0,"master_deck":["Strike_B+1","Strike_B","Strike_B+1","Strike_B","Defend_B","Defend_B","Defend_B","Zap","Dualcast+1","Redo","Defragment","Conserve Battery","Go for the Eyes","Genetic Algorithm","Ball Lightning","Melter","Coolheaded","Ball Lightning"],"relics":["Cracked Core","Golden Idol","Whetstone","Potion Belt","Omamori"],"potions_floor_usage":[6,6,10,11,14,16,16],"damage_taken":[{"damage":6,"enemies":"2 Louse","floor":1,"turns":3},{"damage":10,"enemies":"Small Slimes","floor":2,"turns":2},{"damage":0,"enemies":"Cultist","floor":4,"turns":2},{"damage":13,"enemies":"Large Slime","floor":5,"turns":6},{"damage":14,"enemies":"Lagavulin","floor":6,"turns":6},{"damage":4,"enemies":"Gremlin Gang","floor":10,"turns":3},{"damage":25,"enemies":"3 Sentries","floor":11,"turns":6},{"damage":10,"enemies":"Looter","floor":13,"turns":2},{"damage":0,"enemies":"Exordium Thugs","floor":14,"turns":4},{"damage":34,"enemies":"The Guardian","floor":16,"turns":8}],"seed_played":"7866018698198451701","potions_obtained":[{"floor":1,"key":"Dexterity Potion"},{"floor":4,"key":"AttackPotion"},{"floor":6,"key":"Fire Potion"},{"floor":8,"key":"Regen Potion"},{"floor":8,"key":"Poison Potion"},{"floor":10,"key":"Energy Potion"},{"floor":13,"key":"Swift Potion"}],"is_trial":false,"path_per_floor":["M","M","?","M","M","E","R","?","T","M","E","?","M","M","R"],"character_chosen":"DEFECT","items_purchased":[],"campfire_rested":2,"item_purchase_floors":[],"current_hp_per_floor":[69,59,41,41,28,14,36,36,36,32,22,22,12,12,34,0],"gold":340,"neow_bonus":"UPGRADE_CARD","is_prod":false,"is_daily":false,"chose_seed":false,"campfire_upgraded":0,"win_rate":0,"timestamp":1540540451,"path_taken":["M","M","?","?","M","E","R","?","T","M","E","?","M","M","R","BOSS"],"build_version":"2018-10-25v2","purchased_purges":0,"victory":false,"max_hp_per_floor":[75,75,75,75,75,75,75,75,75,75,75,75,75,75,75,75],"card_choices":[{"not_picked":["Capacitor","Force Field"],"picked":"Redo","floor":1},{"not_picked":["Stack","Force Field"],"picked":"Defragment","floor":2},{"not_picked":["Cold Snap","Melter"],"picked":"Conserve Battery","floor":4},{"not_picked":["Redo","Hologram"],"picked":"Go for the Eyes","floor":5},{"not_picked":["Gash","Hello World"],"picked":"Genetic Algorithm","floor":6},{"not_picked":["Sweeping Beam","Go for the Eyes"],"picked":"Ball Lightning","floor":10},{"not_picked":["Biased Cognition","Leap","Loop"],"picked":"SKIP","floor":11},{"not_picked":["Reprogram","Go for the Eyes"],"picked":"Coolheaded","floor":13},{"not_picked":["White Noise","Undo"],"picked":"Ball Lightning","floor":14}],"player_experience":111188,"relics_obtained":[{"floor":6,"key":"Whetstone"},{"floor":9,"key":"Potion Belt"},{"floor":11,"key":"Omamori"}],"event_choices":[{"damage_healed":0,"gold_gain":0,"player_choice":"Take Damage","damage_taken":18,"relics_obtained":["Golden Idol"],"max_hp_gain":0,"max_hp_loss":0,"event_name":"Golden Idol","floor":3,"gold_loss":0},{"damage_healed":0,"gold_gain":0,"player_choice":"Got Potions","damage_taken":0,"max_hp_gain":0,"max_hp_loss":0,"event_name":"The Lab","floor":8,"gold_loss":0},{"damage_healed":0,"gold_gain":0,"cards_transformed":["Defend_B"],"player_choice":"Transformed","damage_taken":0,"max_hp_gain":0,"max_hp_loss":0,"event_name":"Transmorgrifier","floor":12,"gold_loss":0,"cards_obtained":["Melter"]}],"is_beta":false,"boss_relics":[],"items_purged_floors":[],"is_endless":false,"potions_floor_spawned":[1,4,6,10,13],"killed_by":"The Guardian","ascension_level":1}