{"gold_per_floor":[115,134,204,224,235,266,266,284,284,284,183,197,197,225,225,327,327,339,77,95,115,131,131,166,166,166,183,201,201,54,66,66,170,170,185,199,199,212,212,212,231,261,286,286,286,40,40,140,140,140],"floor_reached":51,"playtime":3460,"items_purged":["Strike_R"],"score":914,"play_id":"2f5aa65d-60b2-4101-a8c0-9d0bd8881a67","local_time":"20190127010939","is_ascension_mode":true,"campfire_choices":[{"data":"Bash","floor":7.0,"key":"SMITH"},{"data":"True Grit","floor":13.0,"key":"SMITH"},{"data":"1","floor":15.0,"key":"LIFT"},{"floor":23.0,"key":"REST"},{"data":"Uppercut","floor":25.0,"key":"SMITH"},{"data":"Metallicize","floor":29.0,"key":"SMITH"},{"floor":32.0,"key":"REST"},{"data":"2","floor":40.0,"key":"LIFT"},{"data":"3","floor":44.0,"key":"LIFT"},{"floor":47,"key":"RECALL"},{"floor":49,"key":"REST"}],"neow_cost":"NONE","seed_source_timestamp":258335605483695,"circlet_count":0,"master_deck":["Strike_R","Strike_R","Strike_R","Defend_R","Defend_R","Defend_R+1","Defend_R","Bash+1","Madness","Spot Weakness","True Grit+1","Heavy Blade","Pummel","Impervious","Flame Barrier","Headbutt","Shrug It Off","Battle Trance","Shrug It Off","Exhume","Armaments+1","Whirlwind","Metallicize+1","Uppercut+1","Spot Weakness","Clothesline","Limit Break+1","Shrug It Off+1","Anger+1","Pummel+1","Apotheosis","Shockwave+1"],"special_seed":0,"relics":["Burning Blood","Kunai","Red Skull","Girya","Bronze Scales","White Beast Statue","Vajra","Paper Frog","Mercury Hourglass","Oddly Smooth Stone","Fusion Hammer","War Paint","Omamori","Pantograph"],"potions_floor_usage":[50,50],"damage_taken":[{"damage":1.0,"enemies":"Cultist","floor":1.0,"turns":3.0},{"damage":2.0,"enemies":"2 Louse","floor":2.0,"turns":3.0},{"damage":0.0,"enemies":"Small Slimes","floor":4.0,"turns":3.0},{"damage":15.0,"enemies":"3 Louse","floor":5.0,"turns":4.0},{"damage":43.0,"enemies":"Lagavulin","floor":6.0,"turns":10.0},{"damage":5.0,"enemies":"2 Fungi Beasts","floor":8.0,"turns":5.0},{"damage":3.0,"enemies":"Gremlin Gang","floor":12.0,"turns":5.0},{"damage":2.0,"enemies":"3 Sentries","floor":14.0,"turns":6.0},{"damage":22.0,"enemies":"Slime Boss","floor":16.0,"turns":4.0},{"damage":7.0,"enemies":"Shell Parasite","floor":18.0,"turns":4.0},{"damage":5.0,"enemies":"2 Thieves","floor":20.0,"turns":4.0},{"damage":44.0,"enemies":"Chosen and Byrds","floor":21.0,"turns":7.0},{"damage":13.0,"enemies":"Snake Plant","floor":22.0,"turns":2.0},{"damage":14.0,"enemies":"Gremlin Leader","floor":24.0,"turns":5.0},{"damage":3.0,"enemies":"Sentry and Sphere","floor":27.0,"turns":3.0},{"damage":29.0,"enemies":"Shelled Parasite and Fungi","floor":28.0,"turns":5.0},{"damage":1.0,"enemies":"Centurion and Healer","floor":31.0,"turns":4.0},{"damage":46.0,"enemies":"Collector","floor":33.0,"turns":9.0},{"damage":1.0,"enemies":"Orb Walker","floor":35.0,"turns":3.0},{"damage":27.0,"enemies":"3 Darklings","floor":36.0,"turns":4.0},{"damage":7.0,"enemies":"4 Shapes","floor":38.0,"turns":7.0},{"damage":35.0,"enemies":"Transient","floor":41.0,"turns":5.0},{"damage":7.0,"enemies":"Reptomancer","floor":42.0,"turns":3.0},{"damage":43,"enemies":"Donu and Deca","floor":50,"turns":9}],"seed_played":"4358443322680731159","potions_obtained":[{"floor":1.0,"key":"Energy Potion"},{"floor":2.0,"key":"Dexterity Potion"},{"floor":4.0,"key":"Poison Potion"},{"floor":8.0,"key":"Strength Potion"},{"floor":14.0,"key":"EssenceOfSteel"},{"floor":18.0,"key":"SkillPotion"},{"floor":20.0,"key":"FearPotion"},{"floor":21.0,"key":"FearPotion"},{"floor":22.0,"key":"Explosive Potion"},{"floor":24.0,"key":"Explosive Potion"},{"floor":27.0,"key":"Ancient Potion"},{"floor":28.0,"key":"Strength Potion"},{"floor":31.0,"key":"Poison Potion"},{"floor":33.0,"key":"SpeedPotion"},{"floor":35.0,"key":"Regen Potion"},{"floor":36.0,"key":"EssenceOfSteel"},{"floor":38.0,"key":"EntropicBrew"},{"floor":41.0,"key":"Regen Potion"},{"floor":42.0,"key":"Weak Potion"}],"is_trial":false,"path_per_floor":["M","M","T","M","M","E","R","M","T","?","$","M","R","E","R","B",null,"M","$","M","M","M","R","E","R","T","M","M","R","$","M","R","B",null,"M","M","?","M","?","R","M","E","T","R","?","$","R","?","R","B",null],"character_chosen":"IRONCLAD","items_purchased":["Shrug It Off","Whirlwind","Metallicize","Vajra","Oddly Smooth Stone","Pantograph"],"campfire_rested":3,"item_purchase_floors":[11,19,19,19,30,46],"current_hp_per_floor":[77,80,80,80,71,34,34,35,35,35,35,38,38,42,42,26,67,66,66,67,29,22,46,38,38,38,41,18,18,18,23,47,7,62,67,46,46,60,60,60,31,38,38,38,70,70,70,70,70,48],"gold":140,"neow_bonus":"RANDOM_COLORLESS","is_prod":false,"is_daily":false,"chose_seed":false,"campfire_upgraded":4,"win_rate":0,"timestamp":1548580179,"path_taken":["M","?","?","M","M","E","R","M","T","?","$","M","R","E","R","BOSS","M","?","M","M","M","R","E","R","T","M","M","R","$","M","R","BOSS","M","M","?","M","?","R","M","E","T","R","?","$","R","?","R","BOSS"],"build_version":"2019-01-23","purchased_purges":1,"victory":true,"max_hp_per_floor":[80,80,80,80,80,80,80,80,80,80,80,80,80,80,80,80,80,80,80,80,80,80,80,80,80,80,80,80,80,80,80,80,80,80,80,80,80,80,80,80,80,80,80,80,70,70,70,70,70,70],"card_choices":[{"not_picked":["Armaments","Clothesline"],"picked":"Spot Weakness","floor":1.0},{"not_picked":["Warcry","Perfected Strike"],"picked":"True Grit","floor":2.0},{"not_picked":["Perfected Strike","Armaments"],"picked":"Heavy Blade","floor":4.0},{"not_picked":["Infernal Blade","Iron Wave"],"picked":"Pummel","floor":5.0},{"not_picked":["Dual Wield","Hemokinesis"],"picked":"Impervious","floor":6.0},{"not_picked":["Sever Soul","True Grit"],"picked":"Flame Barrier","floor":8.0},{"not_picked":["Dual Wield","Pommel Strike"],"picked":"Battle Trance","floor":12.0},{"not_picked":["Headbutt","Corruption"],"picked":"Shrug It Off","floor":14.0},{"not_picked":["Bludgeon","Berserk"],"picked":"Exhume","floor":16.0},{"not_picked":["Pommel Strike","Rupture+1"],"picked":"Armaments+1","floor":18.0},{"not_picked":["True Grit","Heavy Blade+1"],"picked":"Uppercut","floor":20.0},{"not_picked":["Heavy Blade+1","Metallicize"],"picked":"Spot Weakness","floor":21.0},{"not_picked":["Wild Strike","Havoc","Thunderclap"],"picked":"SKIP","floor":22.0},{"not_picked":["Reckless Charge","Feel No Pain","Fiend Fire"],"picked":"SKIP","floor":24.0},{"not_picked":["Armaments","Evolve+1"],"picked":"Clothesline","floor":27.0},{"not_picked":["Thunderclap","Clash+1","Havoc+1"],"picked":"SKIP","floor":28.0},{"not_picked":["Havoc","Carnage","Dropkick"],"picked":"SKIP","floor":31.0},{"not_picked":["Brutality","Double Tap"],"picked":"Limit Break","floor":33.0},{"not_picked":["Reckless Charge","Body Slam"],"picked":"Shrug It Off+1","floor":35.0},{"not_picked":["Twin Strike","Thunderclap+1"],"picked":"Anger+1","floor":36.0},{"not_picked":["Flex","Seeing Red+1"],"picked":"Pummel+1","floor":38.0},{"not_picked":["Jack Of All Trades","Secret Technique"],"picked":"Apotheosis","floor":39.0},{"not_picked":["Rampage+1","Clash+1","Blood for Blood"],"picked":"SKIP","floor":41.0},{"not_picked":["Battle Trance","Warcry+1"],"picked":"Shockwave+1","floor":42.0}],"player_experience":381285,"relics_obtained":[{"floor":3.0,"key":"Kunai"},{"floor":6.0,"key":"Red Skull"},{"floor":9.0,"key":"Girya"},{"floor":14.0,"key":"Bronze Scales"},{"floor":24.0,"key":"Paper Frog"},{"floor":26.0,"key":"Mercury Hourglass"},{"floor":42.0,"key":"War Paint"},{"floor":43.0,"key":"Omamori"}],"event_choices":[{"damage_healed":0.0,"max_hp_gain":0.0,"max_hp_loss":0.0,"gold_gain":0.0,"event_name":"Match and Keep!","player_choice":"1 cards matched","floor":10.0,"gold_loss":0.0,"damage_taken":0.0,"cards_obtained":["Headbutt"]},{"cards_removed":["Strike_R"],"damage_healed":0.0,"max_hp_gain":0.0,"max_hp_loss":0.0,"gold_gain":0.0,"event_name":"Falling","player_choice":"Removed Attack","floor":37.0,"gold_loss":0.0,"damage_taken":0.0},{"damage_healed":0.0,"max_hp_gain":0.0,"max_hp_loss":0.0,"gold_gain":0.0,"event_name":"SensoryStone","player_choice":"Memory 1","floor":39.0,"gold_loss":0.0,"damage_taken":0.0},{"damage_healed":70.0,"max_hp_gain":0.0,"max_hp_loss":10.0,"gold_gain":0.0,"event_name":"The Moai Head","player_choice":"Heal","floor":45.0,"gold_loss":0.0,"damage_taken":0.0},{"damage_healed":0,"gold_gain":100,"player_choice":"Pray","damage_taken":0,"max_hp_gain":0,"max_hp_loss":0,"event_name":"Golden Shrine","floor":48,"gold_loss":0}],"is_beta":false,"boss_relics":[{"not_picked":["Calling Bell","Empty Cage"],"picked":"White Beast Statue"},{"not_picked":["Runic Cube","Orrery"],"picked":"Fusion Hammer"}],"items_purged_floors":[11],"is_endless":false,"potions_floor_spawned":[1,2,4,8,14,18,20,21,22,24,27,28,31,33,35,36,38,41,42],"ascension_level":6}