{"gold_per_floor":[113,0,11,22,36,36,70,83,131,81,93,93,110,9,9,112,112,129,129,180,197,2,2,13,13,13,13,13,13,13,25,25,125,125,143,156,2,20,39,39,39,39,62,90,66,84,84,37,37,37],"floor_reached":51,"playtime":2514,"items_purged":["Strike_B","Strike_B"],"score":674,"play_id":"25db642e-968e-434d-8b1c-bce008287826","local_time":"20190224200013","is_ascension_mode":false,"campfire_choices":[{"data":"Zap","floor":6,"key":"SMITH"},{"data":"Defragment","floor":12,"key":"SMITH"},{"floor":15,"key":"REST"},{"data":"Echo Form","floor":23,"key":"SMITH"},{"data":"Barrage","floor":25,"key":"SMITH"},{"data":"Stack","floor":27,"key":"SMITH"},{"floor":32,"key":"REST"},{"data":"Reboot","floor":40,"key":"SMITH"},{"floor":47,"key":"REST"},{"data":"Capacitor","floor":49,"key":"SMITH"}],"neow_cost":"NONE","seed_source_timestamp":17478300625242,"circlet_count":0,"master_deck":["Strike_B","Defend_B","Defend_B","Defend_B","Defend_B","Zap+1","Dualcast","FTL","Sunder","Defragment+1","Barrage+1","Core Surge","Cold Snap","Ball Lightning","Auto Shields","Cold Snap","Stack+1","Echo Form+1","Reinforced Body+1","Chaos+1","Conserve Battery","Glacier+1","Reboot+1","Cold Snap","Cold Snap","Redo+1","Blind","Capacitor+1","Parasite","Barrage+1","Coolheaded"],"relics":["FrozenCore","NeowsBlessing","Darkstone Periapt","Regal Pillow","White Beast Statue","MutagenicStrength","Vajra","Lantern","Meat on the Bone","MawBank"],"potions_floor_usage":[13,18,18,24,28,33,35,39,50,50,50,50,50,50],"damage_taken":[{"damage":0,"enemies":"Jaw Worm","floor":1,"turns":1},{"damage":0,"enemies":"2 Louse","floor":3,"turns":1},{"damage":0,"enemies":"Cultist","floor":4,"turns":1},{"damage":2,"enemies":"2 Fungi Beasts","floor":5,"turns":3},{"damage":21,"enemies":"Lagavulin","floor":7,"turns":6},{"damage":6,"enemies":"Large Slime","floor":8,"turns":3},{"damage":10,"enemies":"Exordium Wildlife","floor":11,"turns":3},{"damage":1,"enemies":"2 Fungi Beasts","floor":13,"turns":2},{"damage":7,"enemies":"The Guardian","floor":16,"turns":10},{"damage":6,"enemies":"Chosen","floor":18,"turns":4},{"damage":4,"enemies":"Shell Parasite","floor":21,"turns":7},{"damage":8,"enemies":"Centurion and Healer","floor":24,"turns":6},{"damage":10,"enemies":"Colosseum Slavers","floor":28,"turns":5},{"damage":8,"enemies":"Snake Plant","floor":31,"turns":3},{"damage":31,"enemies":"Automaton","floor":33,"turns":12},{"damage":2,"enemies":"3 Shapes","floor":35,"turns":4},{"damage":16,"enemies":"3 Darklings","floor":36,"turns":7},{"damage":4,"enemies":"Spire Growth","floor":38,"turns":6},{"damage":2,"enemies":"Transient","floor":39,"turns":5},{"damage":1,"enemies":"Sphere and 2 Shapes","floor":44,"turns":11},{"damage":20,"enemies":"Writhing Mass","floor":46,"turns":13},{"damage":42,"enemies":"Awakened One","floor":50,"turns":14}],"seed_played":"-9829257336086963","potions_obtained":[{"floor":4,"key":"Fire Potion"},{"floor":5,"key":"EssenceOfSteel"},{"floor":7,"key":"AttackPotion"},{"floor":18,"key":"Dexterity Potion"},{"floor":21,"key":"Dexterity Potion"},{"floor":24,"key":"Energy Potion"},{"floor":31,"key":"SpeedPotion"},{"floor":33,"key":"SpeedPotion"},{"floor":35,"key":"GamblersBrew"},{"floor":36,"key":"Fire Potion"},{"floor":38,"key":"EntropicBrew"},{"floor":39,"key":"AttackPotion"},{"floor":44,"key":"FocusPotion"}],"is_trial":false,"path_per_floor":["M","$","M","M","M","R","E","M","T","?","M","R","M","$","R","B",null,"M","?","T","M","$","R","M","R","T","R","?","$","?","M","R","B",null,"M","M","$","M","M","R","?","?","T","M","$","M","R","$","R","B",null],"character_chosen":"DEFECT","items_purchased":["Sunder","Cold Snap","Stack","Lantern","Conserve Battery","Cold Snap","Capacitor","Coolheaded"],"campfire_rested":3,"item_purchase_floors":[2,14,14,22,22,37,45,48],"current_hp_per_floor":[75,75,75,75,73,73,52,46,46,46,36,36,35,35,72,65,75,69,69,69,65,65,65,57,57,57,57,47,47,33,37,76,45,80,78,62,62,58,56,56,56,56,56,55,55,53,82,82,82,55],"gold":37,"neow_bonus":"THREE_ENEMY_KILL","is_prod":false,"is_daily":false,"chose_seed":false,"campfire_upgraded":7,"win_rate":0,"timestamp":1551006013,"path_taken":["M","$","M","M","M","R","E","M","T","?","M","R","M","$","R","BOSS","M","?","?","?","$","R","M","R","T","R","?","$","?","M","R","BOSS","M","M","$","M","M","R","?","?","T","M","?","M","R","?","R","BOSS"],"build_version":"2019-01-23","purchased_purges":2,"victory":true,"max_hp_per_floor":[75,75,75,75,75,75,75,75,75,75,75,75,75,75,75,75,75,75,75,75,75,75,75,75,75,75,75,75,75,80,80,80,80,80,80,80,80,80,80,80,76,76,76,76,76,82,82,82,82,82],"card_choices":[{"not_picked":["Rebound","Turbo"],"picked":"FTL","floor":1},{"not_picked":["White Noise","Chaos","Rebound"],"picked":"SKIP","floor":3},{"not_picked":["Beam Cell","Leap"],"picked":"Defragment","floor":4},{"not_picked":["Redo","Go for the Eyes"],"picked":"Barrage","floor":5},{"not_picked":["Rebound","Streamline"],"picked":"Core Surge","floor":7},{"not_picked":["Heatsinks","Turbo"],"picked":"Cold Snap","floor":8},{"not_picked":["Tempest","Rip and Tear"],"picked":"Ball Lightning","floor":11},{"not_picked":["Sunder","Barrage"],"picked":"Auto Shields","floor":13},{"not_picked":["Biased Cognition","Fission"],"picked":"Echo Form","floor":16},{"not_picked":["Barrage","Ball Lightning"],"picked":"Reinforced Body+1","floor":18},{"not_picked":["Leap+1","Heatsinks"],"picked":"Chaos+1","floor":21},{"not_picked":["FTL","Lockon"],"picked":"Glacier+1","floor":24},{"not_picked":["Fusion","Reinforced Body","Ball Lightning"],"picked":"SKIP","floor":31},{"not_picked":["Buffer","Creative AI"],"picked":"Reboot","floor":33},{"not_picked":["Rebound+1","Leap"],"picked":"Cold Snap","floor":35},{"not_picked":["Reinforced Body","Undo","Beam Cell"],"picked":"SKIP","floor":36},{"not_picked":["Force Field+1","Compile Driver+1"],"picked":"Redo+1","floor":38},{"not_picked":["Machine Learning","Rebound","Steam"],"picked":"SKIP","floor":39},{"not_picked":["Swift Strike","Discovery"],"picked":"Blind","floor":42},{"not_picked":["Chaos+1","Rip and Tear","Consume+1"],"picked":"SKIP","floor":44},{"not_picked":["Rebound+1","BootSequence"],"picked":"Barrage+1","floor":46}],"player_experience":517394,"relics_obtained":[{"floor":7,"key":"Darkstone Periapt"},{"floor":9,"key":"Regal Pillow"},{"floor":20,"key":"Vajra"},{"floor":26,"key":"Meat on the Bone"},{"floor":43,"key":"MawBank"}],"event_choices":[{"cards_removed":["Strike_B"],"damage_healed":0,"gold_gain":0,"player_choice":"Card Removal","damage_taken":0,"max_hp_gain":0,"max_hp_loss":0,"event_name":"The Cleric","floor":10,"gold_loss":50},{"damage_healed":0,"gold_gain":0,"player_choice":"Inject Mutagens","damage_taken":0,"relics_obtained":["MutagenicStrength"],"max_hp_gain":0,"max_hp_loss":0,"event_name":"Drug Dealer","floor":19,"gold_loss":0},{"damage_healed":0,"gold_gain":0,"player_choice":"Fight","damage_taken":0,"max_hp_gain":0,"max_hp_loss":0,"event_name":"Colosseum","floor":28,"gold_loss":0},{"damage_healed":0,"gold_gain":0,"player_choice":"Fled From Nobs","damage_taken":0,"max_hp_gain":0,"max_hp_loss":0,"event_name":"Colosseum","floor":28,"gold_loss":0},{"damage_healed":0,"gold_gain":0,"player_choice":"Shed Blood","damage_taken":19,"max_hp_gain":5,"max_hp_loss":0,"event_name":"Forgotten Altar","floor":30,"gold_loss":0},{"damage_healed":0,"gold_gain":0,"player_choice":"Max HP","damage_taken":0,"max_hp_gain":0,"max_hp_loss":4,"event_name":"Winding Halls","floor":41,"gold_loss":0},{"damage_healed":0,"gold_gain":0,"player_choice":"Memory 1","damage_taken":0,"max_hp_gain":0,"max_hp_loss":0,"event_name":"SensoryStone","floor":42,"gold_loss":0}],"is_beta":false,"boss_relics":[{"not_picked":["Lizard Tail","Black Star"],"picked":"White Beast Statue"},{"not_picked":["Runic Pyramid","Calling Bell"],"picked":"FrozenCore"}],"items_purged_floors":[2,37],"is_endless":false,"potions_floor_spawned":[4,5,7,18,21,24,28,31,33,35,36,38,39,44,46],"ascension_level":0}