{"gold_per_floor":[214,289,300,178,190,13,13,46,126,138,157,257,257,270,270,374,374,386,386,414,339,7,7,17,17,69,85,104,104,117,133,133,228,228,245,245,168,168,186,186,186],"floor_reached":41,"playtime":2319,"items_purged":["Strike_R","Strike_R"],"score":477,"play_id":"8b72efd1-b809-4169-ba02-0e90e1eeff39","local_time":"20190228014747","is_ascension_mode":true,"campfire_choices":[{"data":"The Bomb","floor":7,"key":"SMITH"},{"data":"Clothesline","floor":13,"key":"SMITH"},{"data":"Immolate","floor":15,"key":"SMITH"},{"data":"Apotheosis","floor":23,"key":"SMITH"},{"floor":29,"key":"REST"},{"data":"Flame Barrier","floor":32,"key":"SMITH"},{"data":"Offering","floor":40,"key":"SMITH"}],"neow_cost":"NONE","seed_source_timestamp":344086053835003,"circlet_count":0,"master_deck":["Defend_R","Defend_R","Defend_R","Defend_R","Bash","Clothesline+1","Power Through","Cleave","Immolate+1","The Bomb+1","Battle Trance","Heavy Blade","Reaper","Clash","Flame Barrier+1","Shockwave","Dropkick","Flex","Apotheosis+1","Anger","Bite","Bite","Bite","Bite","Bite","Armaments","Power Through","Barricade","Flex+1","Madness","Madness","Rupture+1","Offering+1"],"relics":["Burning Blood","PreservedInsect","Letter Opener","Orrery","Red Mask","Red Skull","Velvet Choker"],"potions_floor_usage":[8,18,18,19,28,33,33,41],"damage_taken":[{"damage":11,"enemies":"Jaw Worm","floor":1,"turns":4},{"damage":0,"enemies":"Cultist","floor":3,"turns":3},{"damage":0,"enemies":"2 Louse","floor":5,"turns":2},{"damage":10,"enemies":"3 Sentries","floor":8,"turns":4},{"damage":9,"enemies":"Exordium Thugs","floor":10,"turns":2},{"damage":13,"enemies":"Large Slime","floor":11,"turns":4},{"damage":0,"enemies":"3 Louse","floor":14,"turns":1},{"damage":21,"enemies":"Slime Boss","floor":16,"turns":6},{"damage":22,"enemies":"2 Thieves","floor":18,"turns":2},{"damage":11,"enemies":"Colosseum Slavers","floor":19,"turns":2},{"damage":31,"enemies":"Masked Bandits","floor":20,"turns":3},{"damage":19,"enemies":"Shell Parasite","floor":24,"turns":4},{"damage":9,"enemies":"Centurion and Healer","floor":27,"turns":4},{"damage":34,"enemies":"Snecko","floor":28,"turns":5},{"damage":12,"enemies":"Cultist and Chosen","floor":30,"turns":6},{"damage":37,"enemies":"Shelled Parasite and Fungi","floor":31,"turns":10},{"damage":47,"enemies":"Collector","floor":33,"turns":10},{"damage":35,"enemies":"3 Darklings","floor":35,"turns":6},{"damage":20,"enemies":"3 Shapes","floor":39,"turns":4},{"damage":49,"enemies":"Reptomancer","floor":41,"turns":4}],"seed_played":"-6747877991229891773","potions_obtained":[{"floor":1,"key":"SteroidPotion"},{"floor":5,"key":"LiquidBronze"},{"floor":10,"key":"SteroidPotion"},{"floor":14,"key":"SmokeBomb"},{"floor":18,"key":"FearPotion"},{"floor":27,"key":"SpeedPotion"},{"floor":30,"key":"Energy Potion"},{"floor":39,"key":"EssenceOfSteel"}],"is_trial":false,"path_per_floor":["M","?","M","$","M","$","R","E","T","M","M","?","R","M","R","B",null,"M","?","?","?","$","R","M","?","T","M","M","R","M","M","R","B",null,"M","?","$","?","M","R","E"],"character_chosen":"IRONCLAD","items_purchased":["Cleave","The Bomb","Apotheosis","Anger","Rupture"],"campfire_rested":1,"item_purchase_floors":[4,6,22,22,37],"current_hp_per_floor":[75,67,73,73,79,79,79,75,75,72,65,65,65,71,71,56,80,64,59,52,52,52,52,39,39,39,48,31,47,50,37,37,17,56,49,42,42,42,33,33,0],"gold":186,"neow_bonus":"HUNDRED_GOLD","is_prod":false,"is_daily":false,"chose_seed":false,"campfire_upgraded":6,"win_rate":0,"timestamp":1551340067,"path_taken":["M","?","M","$","M","$","R","E","T","M","?","?","R","M","R","BOSS","M","?","?","?","$","R","M","?","T","?","M","R","M","M","R","BOSS","M","?","$","?","M","R","E"],"build_version":"2019-01-23","purchased_purges":2,"victory":false,"max_hp_per_floor":[80,80,80,80,80,80,80,80,80,80,80,80,80,80,80,80,80,80,80,80,80,80,80,80,56,56,56,56,56,56,56,56,56,56,56,56,56,56,56,56,56],"card_choices":[{"not_picked":["Iron Wave","Sword Boomerang"],"picked":"Clothesline","floor":1},{"not_picked":["Sword Boomerang","Bloodletting"],"picked":"Power Through","floor":3},{"not_picked":["Clash","Shockwave"],"picked":"Immolate","floor":5},{"not_picked":["Searing Blow","Power Through","Dark Embrace"],"picked":"SKIP","floor":8},{"not_picked":["True Grit","Fire Breathing"],"picked":"Battle Trance","floor":10},{"not_picked":["Anger","Havoc"],"picked":"Heavy Blade","floor":11},{"not_picked":["Perfected Strike","Uppercut","Heavy Blade"],"picked":"SKIP","floor":14},{"not_picked":["Offering","Immolate"],"picked":"Reaper","floor":16},{"not_picked":["Cleave","Perfected Strike"],"picked":"Clash","floor":17},{"not_picked":["Bloodletting","Wild Strike"],"picked":"Flame Barrier","floor":17},{"not_picked":["Sentinel","Corruption"],"picked":"Shockwave","floor":17},{"not_picked":["Fire Breathing","Hemokinesis"],"picked":"Dropkick","floor":17},{"not_picked":["Perfected Strike","Twin Strike"],"picked":"Flex","floor":18},{"not_picked":["Perfected Strike","Cleave","Clothesline+1"],"picked":"SKIP","floor":24},{"not_picked":["Perfected Strike+1","Seeing Red","Havoc+1"],"picked":"SKIP","floor":27},{"not_picked":["Hemokinesis","Cleave","Sword Boomerang"],"picked":"SKIP","floor":28},{"not_picked":["Clothesline","Evolve+1"],"picked":"Armaments","floor":30},{"not_picked":["Dual Wield","Sword Boomerang"],"picked":"Power Through","floor":31},{"not_picked":["Brutality","Reaper"],"picked":"Barricade","floor":33},{"not_picked":["Iron Wave","Clothesline+1"],"picked":"Flex+1","floor":35},{"not_picked":["Rupture","Cleave"],"picked":"Offering","floor":39}],"player_experience":214145,"relics_obtained":[{"floor":8,"key":"PreservedInsect"},{"floor":9,"key":"Letter Opener"},{"floor":20,"key":"Red Mask"},{"floor":26,"key":"Red Skull"}],"event_choices":[{"damage_healed":0,"gold_gain":75,"player_choice":"Touch","damage_taken":8,"max_hp_gain":0,"max_hp_loss":0,"event_name":"FaceTrader","floor":2,"gold_loss":0},{"damage_healed":0,"gold_gain":100,"player_choice":"Pray","damage_taken":0,"max_hp_gain":0,"max_hp_loss":0,"event_name":"Golden Shrine","floor":12,"gold_loss":0},{"damage_healed":0,"gold_gain":0,"player_choice":"Fight","damage_taken":0,"max_hp_gain":0,"max_hp_loss":0,"event_name":"Colosseum","floor":19,"gold_loss":0},{"damage_healed":0,"gold_gain":0,"player_choice":"Fled From Nobs","damage_taken":0,"max_hp_gain":0,"max_hp_loss":0,"event_name":"Colosseum","floor":19,"gold_loss":0},{"damage_healed":0,"gold_gain":0,"player_choice":"Fought Bandits","damage_taken":0,"max_hp_gain":0,"max_hp_loss":0,"event_name":"Masked Bandits","floor":20,"gold_loss":0},{"cards_removed":["Strike_R"],"damage_healed":0,"gold_gain":0,"player_choice":"Gave Gold","damage_taken":0,"max_hp_gain":0,"max_hp_loss":0,"event_name":"Beggar","floor":21,"gold_loss":75},{"damage_healed":0,"gold_gain":0,"player_choice":"Became a vampire","damage_taken":0,"max_hp_gain":0,"max_hp_loss":24,"event_name":"Vampires","floor":25,"gold_loss":0,"cards_obtained":["Bite","Bite","Bite","Bite","Bite"]},{"damage_healed":0,"gold_gain":0,"player_choice":"Embrace Madness","damage_taken":7,"max_hp_gain":0,"max_hp_loss":0,"event_name":"Winding Halls","floor":36,"gold_loss":0,"cards_obtained":["Madness","Madness"]},{"damage_healed":0,"gold_gain":0,"player_choice":"Forge","damage_taken":0,"max_hp_gain":0,"max_hp_loss":0,"event_name":"Accursed Blacksmith","floor":38,"gold_loss":0,"cards_upgraded":["Rupture"]}],"is_beta":false,"boss_relics":[{"not_picked":["Coffee Dripper","Runic Pyramid"],"picked":"Orrery"},{"not_picked":["Lizard Tail","Pandora\u0027s Box"],"picked":"Velvet Choker"}],"items_purged_floors":[4,22],"is_endless":false,"potions_floor_spawned":[1,5,10,14,18,27,30,39],"killed_by":"Reptomancer","ascension_level":3}