{"gold_per_floor":[111,111,122,138,138,138,118,118,118,129,15,15,30,61,61,160,160,160,160,160,100,25,25,25,25,25,25,0,0,0,0,0,0,0,0,0,0,0,0,0,0,0,0,0,0,0,0,0,0,0],"floor_reached":51,"playtime":6478,"items_purged":["Strike_G"],"score":679,"play_id":"7ba7acc8-c3ba-4695-922f-a024aea40e95","local_time":"20180822191215","is_ascension_mode":true,"campfire_choices":[{"data":"Deadly Poison","floor":6,"key":"SMITH"},{"data":"PiercingWail","floor":8,"key":"SMITH"},{"floor":12,"key":"REST"},{"data":"Noxious Fumes","floor":15,"key":"SMITH"},{"floor":23,"key":"REST"},{"floor":27,"key":"REST"},{"data":"Crippling Poison","floor":30,"key":"SMITH"},{"data":"Bouncing Flask","floor":32,"key":"SMITH"},{"floor":40,"key":"REST"},{"floor":44,"key":"REST"},{"floor":46,"key":"REST"},{"floor":49,"key":"REST"}],"neow_cost":"","seed_source_timestamp":603321156031851,"circlet_count":0,"master_deck":["Defend_G","Defend_G","Defend_G","Defend_G","Defend_G","Strike_G","Strike_G+1","Strike_G","Survivor","Neutralize","Deadly Poison+1","PiercingWail+1","PiercingWail+1","Bouncing Flask+1","Glass Knife","Cloak And Dagger","Acrobatics","Noxious Fumes+1","Malaise","Poisoned Stab","Prepared","Crippling Poison","Leg Sweep+1","Crippling Poison+1","Backflip","Venomology","Backflip+1","Crippling Poison+1","Catalyst","Bouncing Flask+1","Backstab+1","Flechettes+1"],"relics":["Ring of the Snake","Mercury Hourglass","Blue Candle","Ectoplasm","Ancient Tea Set","StoneCalendar","Happy Flower","Sozu","Snake Skull","Tough Bandages"],"potions_floor_usage":[14,18,25,25,42,50],"damage_taken":[{"damage":1,"enemies":"Small Slimes","floor":1,"turns":4},{"damage":1,"enemies":"Cultist","floor":3,"turns":4},{"damage":3,"enemies":"2 Louse","floor":4,"turns":4},{"damage":6,"enemies":"2 Fungi Beasts","floor":10,"turns":3},{"damage":1,"enemies":"Exordium Thugs","floor":13,"turns":3},{"damage":3,"enemies":"Lagavulin","floor":14,"turns":5},{"damage":2,"enemies":"Hexaghost","floor":16,"turns":7},{"damage":0,"enemies":"Chosen","floor":18,"turns":3},{"damage":18,"enemies":"2 Thieves","floor":21,"turns":3},{"damage":0,"enemies":"Snake Plant","floor":24,"turns":3},{"damage":19,"enemies":"Slavers","floor":25,"turns":6},{"damage":8,"enemies":"Centurion and Healer","floor":29,"turns":6},{"damage":5,"enemies":"Snecko","floor":31,"turns":4},{"damage":32,"enemies":"Automaton","floor":33,"turns":11},{"damage":1,"enemies":"Orb Walker","floor":35,"turns":4},{"damage":7,"enemies":"3 Shapes","floor":36,"turns":5},{"damage":25,"enemies":"Spire Growth","floor":37,"turns":5},{"damage":0,"enemies":"4 Shapes","floor":41,"turns":3},{"damage":43,"enemies":"Nemesis","floor":42,"turns":7},{"damage":2,"enemies":"Sphere and 2 Shapes","floor":47,"turns":3},{"damage":20,"enemies":"3 Darklings","floor":48,"turns":3},{"damage":23,"enemies":"Awakened One","floor":50,"turns":13}],"seed_played":"8702222776463893966","potions_obtained":[{"floor":4,"key":"FearPotion"},{"floor":7,"key":"Dexterity Potion"},{"floor":13,"key":"Swift Potion"},{"floor":18,"key":"SkillPotion"},{"floor":21,"key":"Dexterity Potion"},{"floor":25,"key":"FairyPotion"},{"floor":33,"key":"PowerPotion"}],"is_trial":false,"path_per_floor":["M","?","M","M","?","R","?","R","T","M","$","R","M","E","R","B",null,"M","?","?","M","$","R","M","E","T","R","?","M","R","M","R","B",null,"M","M","M","$","?","R","M","E","T","R","?","R","M","M","R","B"],"character_chosen":"THE_SILENT","items_purchased":["Glass Knife","Cloak And Dagger"],"campfire_rested":7,"item_purchase_floors":[11,11],"current_hp_per_floor":[69,69,68,65,51,51,51,51,51,45,45,66,65,62,62,60,70,70,70,70,52,52,70,70,51,51,70,70,62,62,57,57,25,70,69,62,37,37,37,58,58,15,15,36,36,57,55,35,56,33],"gold":0,"neow_bonus":"","is_prod":false,"is_daily":false,"chose_seed":false,"campfire_upgraded":5,"win_rate":0,"timestamp":1534990335,"path_taken":["M","?","M","?","?","R","?","R","T","M","$","R","?","E","R","BOSS","M","?","?","M","$","R","M","E","T","R","?","M","R","M","R","BOSS","M","M","?","$","?","R","M","E","T","R","?","R","M","M","R","BOSS"],"build_version":"2018-08-16","purchased_purges":1,"victory":true,"max_hp_per_floor":[70,70,70,70,70,70,70,70,70,70,70,70,70,70,70,70,70,70,70,70,70,70,70,70,70,70,70,70,70,70,70,70,70,70,70,70,70,70,70,70,70,70,70,70,70,70,70,70,70,70],"card_choices":[{"not_picked":["Blade Dance","Crippling Poison"],"picked":"Deadly Poison","floor":1},{"not_picked":["Infinite Blades","Endless Agony"],"picked":"PiercingWail","floor":3},{"not_picked":["Poisoned Stab","Deflect"],"picked":"PiercingWail","floor":4},{"not_picked":["Escape Plan","Slice"],"picked":"Bouncing Flask","floor":10},{"not_picked":["Prepared","Accuracy"],"picked":"Acrobatics","floor":13},{"not_picked":["Escape Plan","Night Terror"],"picked":"Noxious Fumes","floor":14},{"not_picked":["Burst","Night Terror"],"picked":"Malaise","floor":16},{"not_picked":["Deadly Poison","Sucker Punch+1"],"picked":"Poisoned Stab","floor":18},{"not_picked":["Underhanded Strike","Expertise+1"],"picked":"Prepared","floor":21},{"not_picked":["Skewer","Underhanded Strike+1"],"picked":"Crippling Poison","floor":24},{"not_picked":["Finisher","Dodge and Roll"],"picked":"Leg Sweep+1","floor":25},{"not_picked":["Prepared","Expertise+1"],"picked":"Crippling Poison","floor":29},{"not_picked":["Skewer","Tactician"],"picked":"Backflip","floor":31},{"not_picked":["Unload","Wraith Form v2"],"picked":"Venomology","floor":33},{"not_picked":["Slice+1","Eviscerate+1"],"picked":"Backflip+1","floor":35},{"not_picked":["Outmaneuver","Slice+1"],"picked":"Crippling Poison+1","floor":36},{"not_picked":["Dagger Throw+1","Tactician"],"picked":"Catalyst","floor":37},{"not_picked":["Predator+1","Quick Slash+1"],"picked":"Bouncing Flask+1","floor":41},{"not_picked":["Phantasmal Killer","Tactician"],"picked":"Backstab+1","floor":42},{"not_picked":["Flying Knee","Cloak And Dagger"],"picked":"Flechettes+1","floor":47},{"not_picked":["Outmaneuver","Deadly Poison","Crippling Poison"],"picked":"SKIP","floor":48}],"player_experience":103101,"relics_obtained":[{"floor":9,"key":"Mercury Hourglass"},{"floor":14,"key":"Blue Candle"},{"floor":25,"key":"StoneCalendar"},{"floor":26,"key":"Happy Flower"},{"floor":42,"key":"Snake Skull"},{"floor":43,"key":"Tough Bandages"}],"event_choices":[{"event_name":"Wheel of Change","player_choice":"Card Removal","floor":2,"damage_taken":0},{"event_name":"Shining Light","player_choice":"Entered Light","floor":5,"damage_taken":0},{"event_name":"The Woman in Blue","player_choice":"Bought 1 Potion","floor":7,"damage_taken":0},{"event_name":"Vampires","player_choice":"Ignored","floor":19,"damage_taken":0},{"event_name":"The Mausoleum","player_choice":"Yes","floor":20,"damage_taken":0},{"event_name":"Masked Bandits","player_choice":"Paid Fearfully","floor":28,"damage_taken":0},{"event_name":"The Lab","player_choice":"Got Potions","floor":39,"damage_taken":0},{"event_name":"Mysterious Sphere","player_choice":"Ignore","floor":45,"damage_taken":0}],"is_beta":false,"boss_relics":[{"not_picked":["Ring of the Serpent","White Beast Statue"],"picked":"Ectoplasm"},{"not_picked":["Runic Dome","Runic Pyramid"],"picked":"Sozu"}],"items_purged_floors":[22],"is_endless":false,"potions_floor_spawned":[4,13,18,21,25,33,36,47],"ascension_level":1}