{"path_per_floor":["M","M","?","$","M","E","M","E","T","?","$","M","$","M","R"],"character_chosen":"DEFECT","items_purchased":["Consume","Juzu Bracelet"],"gold_per_floor":[212,229,229,162,180,212,232,258,258,258,107,124,124,142,142,142],"floor_reached":16,"campfire_rested":0,"playtime":1204,"current_hp_per_floor":[75,74,74,74,66,51,43,25,25,25,25,25,25,24,24,0],"items_purged":[],"gold":142,"score":112,"play_id":"f4194808-cc78-4e4d-b393-a68f5bdcca50","local_time":"20180502193944","is_prod":false,"is_daily":false,"chose_seed":false,"is_ascension_mode":false,"campfire_upgraded":0,"timestamp":1525261184,"path_taken":["M","M","?","$","?","E","?","E","T","?","$","M","?","M","R","BOSS"],"build_version":"2018-05-01v2","seed_source_timestamp":292152339963037,"purchased_purges":2,"victory":false,"master_deck":["Strike_B","Strike_B","Strike_B","Defend_B","Defend_B","Defend_B","Defend_B","Zap","Dualcast","Consume","Cold Snap","Biased Cognition","Consume+1","Buffer","Capacitor","Capacitor","Axe Kick","Axe Kick","Ball Lightning"],"max_hp_per_floor":[75,75,75,75,75,75,75,75,75,75,75,75,75,75,75,75],"relics":["Cracked Core","Girya","Anchor","Frozen Egg 2","Juzu Bracelet"],"card_choices":[{"not_picked":["Skim","Sweeping Beam"],"picked":"Consume","floor":1},{"not_picked":["Glacier","Reinforced Body"],"picked":"Cold Snap","floor":2},{"not_picked":["Blaster","Skim"],"picked":"Buffer","floor":5},{"not_picked":["Undo","Axe Kick"],"picked":"Capacitor","floor":6},{"not_picked":["Hologram","Force Field"],"picked":"Capacitor","floor":7},{"not_picked":["Meteor Strike","Sweeping Beam"],"picked":"Axe Kick","floor":8},{"not_picked":["Streamline","Sweeping Beam"],"picked":"Axe Kick","floor":12},{"not_picked":["Stack","Sunder"],"picked":"Ball Lightning","floor":14}],"player_experience":22209,"potions_floor_usage":[14],"damage_taken":[{"damage":0,"enemies":"Jaw Worm","floor":1,"turns":4},{"damage":1,"enemies":"Cultist","floor":2,"turns":4},{"damage":8,"enemies":"Small Slimes","floor":5,"turns":4},{"damage":15,"enemies":"3 Sentries","floor":6,"turns":10},{"damage":8,"enemies":"Exordium Thugs","floor":7,"turns":4},{"damage":18,"enemies":"Lagavulin","floor":8,"turns":7},{"damage":0,"enemies":"Large Slime","floor":12,"turns":6},{"damage":1,"enemies":"Exordium Wildlife","floor":14,"turns":5},{"damage":27,"enemies":"Hexaghost","floor":16,"turns":9}],"event_choices":[{"event_name":"Living Wall","player_choice":"Change","floor":3,"damage_taken":0},{"event_name":"Accursed Blacksmith","player_choice":"Forge","floor":10,"damage_taken":0}],"boss_relics":[],"potions_floor_spawned":[2,5,8,12],"seed_played":"4068728211751452562","killed_by":"Hexaghost","ascension_level":0,"is_trial":false}