{"gold_per_floor":[117,43,43,43,59,85,105,105,105,105,23,23,23,38,38,162,162,183,203,128,128,142,172,172,207,207,207,234,88,88,3,3,3],"floor_reached":33,"playtime":6997,"items_purged":[],"score":319,"play_id":"b7ea3d74-1f45-4da9-9108-5b4ea030e75a","local_time":"20190118020216","is_ascension_mode":true,"campfire_choices":[{"data":"Terror","floor":8,"key":"SMITH"},{"floor":12,"key":"REST"},{"data":"Infinite Blades","floor":15,"key":"SMITH"},{"data":"Corpse Explosion","floor":24,"key":"SMITH"},{"data":"Outmaneuver","floor":27,"key":"SMITH"},{"floor":32,"key":"REST"}],"neow_cost":"NONE","seed_source_timestamp":484942596026105,"circlet_count":0,"master_deck":["Defend_G+1","Defend_G+1","Defend_G","Defend_G","Defend_G","Strike_G","Strike_G","Strike_G","Strike_G","Survivor","Neutralize","Prepared","Terror+1","Dagger Throw","Underhanded Strike","Acrobatics","Infinite Blades+1","Outmaneuver+1","Well Laid Plans","Corpse Explosion+1","Backstab","All Out Attack","Blade Dance+1","All Out Attack","Doppelganger","After Image"],"relics":["Ring of the Snake","NeowsBlessing","Meat on the Bone","Incense Burner","Bottled Flame","Bloody Idol","Du-Vu Doll","Black Star","Potion Belt","Bird Faced Urn","Juzu Bracelet","Pen Nib","Matryoshka","Ancient Tea Set","Omamori","Tingsha"],"potions_floor_usage":[16,16,25],"damage_taken":[{"damage":0,"enemies":"2 Louse","floor":1,"turns":1},{"damage":0,"enemies":"Small Slimes","floor":5,"turns":2},{"damage":0,"enemies":"Lagavulin","floor":6,"turns":2},{"damage":0,"enemies":"Jaw Worm","floor":7,"turns":2},{"damage":2,"enemies":"Looter","floor":14,"turns":3},{"damage":13,"enemies":"The Guardian","floor":16,"turns":13},{"damage":20,"enemies":"3 Byrds","floor":18,"turns":3},{"damage":3,"enemies":"Shell Parasite","floor":19,"turns":5},{"damage":16,"enemies":"Snake Plant","floor":22,"turns":5},{"damage":19,"enemies":"Gremlin Leader","floor":23,"turns":8},{"damage":24,"enemies":"Slavers","floor":25,"turns":4},{"damage":78,"enemies":"Automaton","floor":33,"turns":10}],"seed_played":"-4102263328807915490","potions_obtained":[{"floor":5,"key":"SkillPotion"},{"floor":14,"key":"Weak Potion"},{"floor":18,"key":"FearPotion"}],"is_trial":false,"path_per_floor":["M","$","?","?","M","E","M","R","T","?","$","R","T","M","R","B",null,"M","M","?","?","M","E","R","E","T","R","T","$","?","?","R","B"],"character_chosen":"THE_SILENT","items_purchased":["Terror","Infinite Blades","Outmaneuver","After Image"],"campfire_rested":2,"item_purchase_floors":[2,11,11,29],"current_hp_per_floor":[70,70,56,53,53,53,53,53,53,36,36,57,57,55,55,42,70,50,47,47,47,48,46,46,39,39,39,44,44,44,44,65,0],"gold":3,"neow_bonus":"THREE_ENEMY_KILL","is_prod":false,"is_daily":false,"chose_seed":false,"campfire_upgraded":4,"win_rate":0,"timestamp":1547773336,"path_taken":["M","$","?","?","M","E","M","R","T","?","?","R","?","?","R","BOSS","M","M","?","?","?","E","R","E","T","R","?","$","?","?","R","BOSS"],"build_version":"2019-01-10","purchased_purges":0,"victory":false,"max_hp_per_floor":[70,70,70,70,70,70,70,70,70,70,70,70,70,70,70,70,70,70,70,70,70,70,70,70,70,70,70,70,70,70,70,70,70],"card_choices":[{"not_picked":["Sucker Punch","Dodge and Roll"],"picked":"Prepared","floor":1},{"not_picked":["Deflect","Escape Plan"],"picked":"Dagger Throw","floor":5},{"not_picked":["Reflex","Choke"],"picked":"Underhanded Strike","floor":6},{"not_picked":["Slice","Dodge and Roll"],"picked":"Acrobatics","floor":7},{"not_picked":["Deflect","Outmaneuver"],"picked":"Well Laid Plans","floor":14},{"not_picked":["Burst","Die Die Die"],"picked":"Corpse Explosion","floor":16},{"not_picked":["Deadly Poison","Blade Dance"],"picked":"Backstab","floor":18},{"not_picked":["Outmaneuver","Sucker Punch"],"picked":"All Out Attack","floor":19},{"not_picked":["Footwork","Deadly Poison+1"],"picked":"Blade Dance+1","floor":22},{"not_picked":["Distraction","Bouncing Flask"],"picked":"All Out Attack","floor":23},{"not_picked":["Slice","Riddle With Holes"],"picked":"Doppelganger","floor":25}],"player_experience":66889,"relics_obtained":[{"floor":6,"key":"Incense Burner"},{"floor":9,"key":"Bottled Flame"},{"floor":13,"key":"Du-Vu Doll"},{"floor":23,"key":"Potion Belt"},{"floor":23,"key":"Bird Faced Urn"},{"floor":25,"key":"Juzu Bracelet"},{"floor":25,"key":"Pen Nib"},{"floor":26,"key":"Matryoshka"},{"floor":28,"key":"Ancient Tea Set"},{"floor":28,"key":"Omamori"}],"event_choices":[{"damage_healed":0,"gold_gain":0,"player_choice":"Entered Light","damage_taken":14,"max_hp_gain":0,"max_hp_loss":0,"event_name":"Shining Light","floor":3,"gold_loss":0,"cards_upgraded":["Defend_G","Defend_G"]},{"damage_healed":0,"gold_gain":0,"player_choice":"Success","damage_taken":3,"relics_obtained":["Meat on the Bone"],"max_hp_gain":0,"max_hp_loss":0,"event_name":"Scrap Ooze","floor":4,"gold_loss":0},{"damage_healed":0,"gold_gain":0,"player_choice":"Take Damage","damage_taken":17,"relics_obtained":["Golden Idol"],"max_hp_gain":0,"max_hp_loss":0,"event_name":"Golden Idol","floor":10,"gold_loss":0},{"cards_removed":["Strike_G"],"damage_healed":0,"gold_gain":0,"player_choice":"Gave Gold","damage_taken":0,"max_hp_gain":0,"max_hp_loss":0,"event_name":"Beggar","floor":20,"gold_loss":75},{"damage_healed":0,"gold_gain":0,"player_choice":"Gave Idol","damage_taken":0,"relics_obtained":["Bloody Idol"],"max_hp_gain":0,"max_hp_loss":0,"event_name":"Forgotten Altar","floor":21,"relics_lost":["Golden Idol"],"gold_loss":0},{"damage_healed":0,"gold_gain":0,"player_choice":"Ignored","damage_taken":0,"max_hp_gain":0,"max_hp_loss":0,"event_name":"Ghosts","floor":30,"gold_loss":0},{"damage_healed":0,"gold_gain":0,"player_choice":"Obtained Relic","damage_taken":0,"relics_obtained":["Tingsha"],"max_hp_gain":0,"max_hp_loss":0,"event_name":"Addict","floor":31,"gold_loss":85}],"is_beta":false,"boss_relics":[{"not_picked":["Snecko Eye","HoveringKite"],"picked":"Black Star"}],"items_purged_floors":[],"is_endless":false,"potions_floor_spawned":[5,14,18],"killed_by":"Automaton","ascension_level":1}