{"path_per_floor":["M","?","$","?","?","E","R","M","T","E","$","R","M","M","R","B",null,"M","?","?","$","M","R","M","M","T","?","$","M","R","M","R"],"character_chosen":"DEFECT","items_purchased":["Hologram","Ancient Tea Set"],"gold_per_floor":[209,209,134,134,134,160,160,178,178,206,157,157,174,188,188,284,284,304,304,304,149,160,160,171,190,214,139,139,157,157,170,170,170],"floor_reached":33,"campfire_rested":3,"playtime":1260,"current_hp_per_floor":[75,75,75,68,53,42,42,42,42,34,34,34,34,34,34,3,75,55,55,39,39,39,61,31,17,17,17,17,12,34,18,40,0],"items_purged":["Strike_B"],"gold":170,"score":255,"play_id":"eccb1602-8e80-4c64-a053-0cb78a74b971","local_time":"20180513212918","is_prod":false,"is_daily":false,"chose_seed":false,"is_ascension_mode":false,"campfire_upgraded":2,"timestamp":1526218158,"path_taken":["M","?","$","?","?","E","R","M","T","E","$","R","M","M","R","BOSS","M","?","?","?","M","R","M","?","T","?","$","M","R","M","R","BOSS"],"build_version":"2018-05-12v2","seed_source_timestamp":70563532843114,"purchased_purges":5,"victory":false,"master_deck":["Defend_B","Defend_B+1","Defend_B","Defend_B","Zap+1","Dualcast+1","Streamline","Rebound","Ball Lightning","Conserve Battery","Hologram+1","Buffer+1"],"max_hp_per_floor":[75,75,75,75,75,75,75,75,75,75,75,75,75,75,75,75,75,75,75,75,75,75,75,75,75,75,75,75,75,75,75,75,75],"relics":["Cracked Core","Girya","Orichalcum","Gremlin Horn","White Beast Statue","Enchiridion","Ancient Tea Set","Potion Belt"],"card_choices":[{"not_picked":["Doom and Gloom","Reprogram"],"picked":"Streamline","floor":1},{"not_picked":["Genetic Algorithm","Darkness"],"picked":"Rebound","floor":6},{"not_picked":["Turbo","Auto Shields"],"picked":"Ball Lightning","floor":8},{"not_picked":["Double Energy","Force Field"],"picked":"Conserve Battery","floor":10},{"not_picked":["Barrage","Sweeping Beam","Defragment"],"picked":"SKIP","floor":13},{"not_picked":["Biased Cognition","Impulse","Capacitor"],"picked":"SKIP","floor":14},{"not_picked":["Creative AI","Meteor Strike"],"picked":"Buffer","floor":16},{"not_picked":["Reprogram+1","Sunder","Leap+1"],"picked":"SKIP","floor":18},{"not_picked":["Leap","Cold Snap","Hologram"],"picked":"SKIP","floor":22},{"not_picked":["Axe Kick","Leap","FTL"],"picked":"SKIP","floor":24},{"not_picked":["Barrage","Stack","Storm+1"],"picked":"SKIP","floor":25},{"not_picked":["Lockon","Rebound","Streamline+1"],"picked":"SKIP","floor":29},{"not_picked":["Hologram","Consume+1","Ball Lightning"],"picked":"SKIP","floor":31}],"player_experience":33288,"potions_floor_usage":[6,16,25,25,29,31],"damage_taken":[{"damage":0,"enemies":"2 Louse","floor":1,"turns":2},{"damage":26,"enemies":"Lagavulin","floor":6,"turns":7},{"damage":0,"enemies":"Cultist","floor":8,"turns":2},{"damage":8,"enemies":"Gremlin Nob","floor":10,"turns":3},{"damage":0,"enemies":"Small Slimes","floor":13,"turns":2},{"damage":0,"enemies":"Exordium Thugs","floor":14,"turns":3},{"damage":31,"enemies":"The Guardian","floor":16,"turns":11},{"damage":20,"enemies":"3 Byrds","floor":18,"turns":4},{"damage":0,"enemies":"Spheric Guardian","floor":22,"turns":3},{"damage":30,"enemies":"Snake Plant","floor":24,"turns":4},{"damage":14,"enemies":"Centurion and Healer","floor":25,"turns":4},{"damage":5,"enemies":"Slaver and Parasite","floor":29,"turns":7},{"damage":16,"enemies":"Chosen and Byrds","floor":31,"turns":7},{"damage":49,"enemies":"Automaton","floor":33,"turns":6}],"event_choices":[{"event_name":"Purifier","player_choice":"One Purge","floor":2,"damage_taken":0},{"event_name":"Golden Wing","player_choice":"Card Removal","floor":4,"damage_taken":0},{"event_name":"Shining Light","player_choice":"Entered Light","floor":5,"damage_taken":0},{"event_name":"Accursed Blacksmith","player_choice":"Forge","floor":19,"damage_taken":0},{"event_name":"Cursed Tome","player_choice":"Obtained Book","floor":20,"damage_taken":0},{"event_name":"Beggar","player_choice":"Gave Gold","floor":27,"damage_taken":0}],"boss_relics":[{"not_picked":["Inserter","Lizard Tail"],"picked":"White Beast Statue"}],"potions_floor_spawned":[1,6,13,18,22,24,25,29,31],"seed_played":"1313543990090895369","killed_by":"Automaton","ascension_level":0,"is_trial":false}