{"gold_per_floor":[17,17,34,109,124,159,159,171,171,171,73,73,39,67,67,163,163,179,191,191,206,224,256,256,289,289,302,302,312,312,325,325,424,424,435,480,500,515,75,102,102,0,25,58,58,74,174,235,235,235],"floor_reached":51,"playtime":6921,"items_purged":["Defend_B","Defend_B"],"score":1152,"play_id":"4171708a-b64e-4f81-9173-be56ebbaa666","local_time":"20181117200951","is_ascension_mode":true,"campfire_choices":[{"data":"Genetic Algorithm","floor":7.0,"key":"SMITH"},{"data":"Reinforced Body","floor":10.0,"key":"SMITH"},{"floor":12.0,"key":"REST"},{"floor":15.0,"key":"REST"},{"data":"Conserve Battery","floor":24,"key":"SMITH"},{"floor":28,"key":"REST"},{"data":"Loop","floor":30,"key":"SMITH"},{"data":"Zap","floor":32,"key":"SMITH"},{"data":"Electrodynamics","floor":41,"key":"SMITH"},{"data":"Machine Learning","floor":45,"key":"SMITH"},{"data":"Strike_B","floor":49,"key":"PURGE"}],"neow_cost":"NO_GOLD","seed_source_timestamp":0,"circlet_count":0,"master_deck":["Strike_B","Strike_B","Strike_B","Defend_B","Defend_B","Zap+1","Dualcast","Genetic Algorithm+1","Ball Lightning","Cold Snap","Reinforced Body+1","Chill","Conserve Battery+1","Self Repair","BootSequence","Biased Cognition+1","Conserve Battery+1","Ball Lightning","Steam+1","Ball Lightning+1","Redo+1","Loop+1","Hologram","Skim+1","Machine Learning+1","FTL","Glacier+1","Steam+1","Electrodynamics+1","Storm+1","BootSequence"],"special_seed":0,"relics":["Cracked Core","Calipers","Oddly Smooth Stone","Happy Flower","Mercury Hourglass","Inserter","Prayer Wheel","The Courier","Symbiotic Virus","Runic Dome","Torii","ClockworkSouvenir","Pear","Meat on the Bone","Red Mask","Strawberry","Singing Bowl","Peace Pipe","Tiny Chest"],"potions_floor_usage":[25,33,33,36,36,40,50,50,50,50,50,50],"damage_taken":[{"damage":13.0,"enemies":"2 Louse","floor":1.0,"turns":3.0},{"damage":1.0,"enemies":"Cultist","floor":3.0,"turns":4.0},{"damage":8.0,"enemies":"Small Slimes","floor":5.0,"turns":3.0},{"damage":28.0,"enemies":"3 Sentries","floor":6.0,"turns":7.0},{"damage":2.0,"enemies":"2 Fungi Beasts","floor":8.0,"turns":4.0},{"damage":13.0,"enemies":"Lagavulin","floor":14.0,"turns":5.0},{"damage":34.0,"enemies":"Hexaghost","floor":16.0,"turns":13.0},{"damage":0,"enemies":"Spheric Guardian","floor":18,"turns":4},{"damage":0,"enemies":"3 Byrds","floor":19,"turns":4},{"damage":3,"enemies":"Shelled Parasite and Fungi","floor":21,"turns":7},{"damage":12,"enemies":"Snake Plant","floor":22,"turns":4},{"damage":13,"enemies":"Book of Stabbing","floor":23,"turns":7},{"damage":34,"enemies":"Gremlin Leader","floor":25,"turns":9},{"damage":0,"enemies":"Snecko","floor":27,"turns":4},{"damage":7,"enemies":"Centurion and Healer","floor":29,"turns":6},{"damage":0,"enemies":"3 Cultists","floor":31,"turns":4},{"damage":0,"enemies":"Automaton","floor":33,"turns":9},{"damage":20,"enemies":"3 Darklings","floor":35,"turns":6},{"damage":1,"enemies":"2 Orb Walkers","floor":36,"turns":5},{"damage":0,"enemies":"Orb Walker","floor":37,"turns":3},{"damage":0,"enemies":"4 Shapes","floor":38,"turns":6},{"damage":26,"enemies":"Reptomancer","floor":40,"turns":5},{"damage":0,"enemies":"Nemesis","floor":44,"turns":7},{"damage":0,"enemies":"Transient","floor":46,"turns":5},{"damage":0,"enemies":"Mind Bloom Boss Battle","floor":47,"turns":4},{"damage":0,"enemies":"Giant Head","floor":48,"turns":8},{"damage":1,"enemies":"Donu and Deca","floor":50,"turns":6}],"seed_played":"5726367398471375849","potions_obtained":[{"floor":1.0,"key":"Ancient Potion"},{"floor":3.0,"key":"FocusPotion"},{"floor":14.0,"key":"SkillPotion"},{"floor":18,"key":"Energy Potion"},{"floor":23,"key":"Dexterity Potion"},{"floor":25,"key":"SkillPotion"},{"floor":29,"key":"SkillPotion"},{"floor":31,"key":"PowerPotion"},{"floor":33,"key":"Poison Potion"},{"floor":35,"key":"FearPotion"},{"floor":36,"key":"SpeedPotion"},{"floor":38,"key":"Poison Potion"},{"floor":47,"key":"EntropicBrew"}],"is_trial":false,"path_per_floor":["M","?","M","?","M","E","R","M","T","R","$","R","$","E","R","B",null,"M","M","?","M","M","E","R","E","T","M","R","M","R","M","R","B",null,"M","?","M","M","$","E","R","?","T","E","R","M","?","E","R","B",null],"character_chosen":"DEFECT","items_purchased":["Conserve Battery","Self Repair","ClockworkSouvenir","Pear"],"campfire_rested":3,"item_purchase_floors":[11,13,39,39],"current_hp_per_floor":[55,75,74,67,59,31,31,29,29,29,29,51,51,45,67,40,66,73,73,73,75,70,64,64,37,37,37,59,59,59,59,59,66,73,60,66,73,75,85,66,66,66,73,82,82,89,96,98,98,97],"gold":235,"neow_bonus":"ONE_RARE_RELIC","is_prod":false,"is_daily":false,"chose_seed":false,"campfire_upgraded":7,"win_rate":0,"timestamp":1542514191,"path_taken":["M","?","?","?","M","E","R","M","T","R","?","R","$","E","R","BOSS","M","M","?","M","M","E","R","E","T","M","R","?","R","M","R","BOSS","M","?","M","M","$","E","R","?","T","E","R","M","?","E","R","BOSS"],"build_version":"2018-11-15","purchased_purges":2,"victory":true,"max_hp_per_floor":[75,75,75,75,75,75,75,75,75,75,75,75,75,75,75,75,75,75,75,75,75,75,75,75,75,75,75,75,75,75,75,75,75,75,75,75,75,75,85,85,85,85,92,94,94,94,96,98,98,98],"card_choices":[{"not_picked":["Lockon","Auto Shields"],"picked":"Genetic Algorithm","floor":1.0},{"not_picked":["Rip and Tear","Beam Cell"],"picked":"Ball Lightning","floor":3.0},{"not_picked":["Stack","Steam Power"],"picked":"Cold Snap","floor":5.0},{"not_picked":["Scrape","Go for the Eyes"],"picked":"Reinforced Body","floor":6.0},{"not_picked":["White Noise","Cold Snap"],"picked":"Chill","floor":8.0},{"not_picked":["Go for the Eyes","Static Discharge"],"picked":"BootSequence","floor":14.0},{"not_picked":["Rainbow","Machine Learning"],"picked":"Biased Cognition","floor":16.0},{"not_picked":["Self Repair","Aggregate","Gash"],"picked":"SKIP","floor":18},{"not_picked":["Cold Snap","Turbo"],"picked":"Conserve Battery+1","floor":19},{"not_picked":["Barrage","Darkness+1"],"picked":"Ball Lightning","floor":21},{"not_picked":["Chaos","Conserve Battery"],"picked":"Steam+1","floor":22},{"not_picked":["Fusion+1","Hyperbeam","Turbo+1"],"picked":"SKIP","floor":23},{"not_picked":["Conserve Battery","Beam Cell"],"picked":"Ball Lightning+1","floor":25},{"not_picked":["Ball Lightning+1","Lockon"],"picked":"Redo+1","floor":27},{"not_picked":["Ball Lightning","Stack","Leap"],"picked":"SKIP","floor":27},{"not_picked":["Ball Lightning","Stack","Leap"],"picked":"SKIP","floor":27},{"not_picked":["Gash","Conserve Battery"],"picked":"Loop","floor":29},{"not_picked":["Sweeping Beam","Self Repair","Biased Cognition"],"picked":"SKIP","floor":29},{"not_picked":["Compile Driver+1","Chill"],"picked":"Hologram","floor":31},{"not_picked":["Force Field","Stack"],"picked":"Skim+1","floor":31},{"not_picked":["Reboot","Buffer"],"picked":"Machine Learning","floor":33},{"not_picked":["Sweeping Beam+1","Tempest"],"picked":"FTL","floor":35},{"not_picked":["Gash+1","Loop+1","Rebound"],"picked":"SKIP","floor":35},{"not_picked":["Redo","Doom and Gloom+1"],"picked":"Glacier+1","floor":37},{"not_picked":["Reprogram+1","Sweeping Beam"],"picked":"Steam+1","floor":37},{"not_picked":["Streamline+1","Compile Driver+1"],"picked":"Electrodynamics","floor":38},{"not_picked":["Streamline+1","Coolheaded+1","Redo+1"],"picked":"SKIP","floor":38},{"not_picked":["Sweeping Beam+1","Leap+1","Static Discharge+1"],"picked":"SKIP","floor":40},{"not_picked":["Multi-Cast","Gash+1","Compile Driver"],"picked":"Singing Bowl","floor":44},{"not_picked":["Go for the Eyes","Beam Cell+1"],"picked":"Storm+1","floor":46},{"not_picked":["Coolheaded+1","Steam+1"],"picked":"BootSequence","floor":46},{"not_picked":["Turbo+1","Streamline+1","Leap+1"],"picked":"Singing Bowl","floor":47},{"not_picked":["Hologram+1","Cold Snap","Leap"],"picked":"Singing Bowl","floor":48}],"player_experience":275794,"relics_obtained":[{"floor":6.0,"key":"Oddly Smooth Stone"},{"floor":9.0,"key":"Happy Flower"},{"floor":14.0,"key":"Mercury Hourglass"},{"floor":23,"key":"Prayer Wheel"},{"floor":25,"key":"The Courier"},{"floor":26,"key":"Symbiotic Virus"},{"floor":36,"key":"Torii"},{"floor":40,"key":"Meat on the Bone"},{"floor":43,"key":"Strawberry"},{"floor":44,"key":"Singing Bowl"},{"floor":47,"key":"Peace Pipe"},{"floor":48,"key":"Tiny Chest"}],"event_choices":[{"damage_healed":20.0,"max_hp_gain":0.0,"max_hp_loss":0.0,"gold_gain":0.0,"event_name":"Wheel of Change","player_choice":"Full Heal","floor":2.0,"gold_loss":0.0,"damage_taken":0.0},{"damage_healed":0.0,"max_hp_gain":0.0,"max_hp_loss":0.0,"gold_gain":75.0,"event_name":"FaceTrader","player_choice":"Touch","floor":4.0,"gold_loss":0.0,"damage_taken":7.0},{"damage_healed":0,"gold_gain":0,"player_choice":"Upgraded","damage_taken":0,"max_hp_gain":0,"max_hp_loss":0,"event_name":"Upgrade Shrine","floor":20,"gold_loss":0,"cards_upgraded":["Biased Cognition"]},{"damage_healed":0,"gold_gain":0,"player_choice":"Fight","damage_taken":0,"max_hp_gain":0,"max_hp_loss":0,"event_name":"Mysterious Sphere","floor":36,"gold_loss":0},{"damage_healed":0,"gold_gain":0,"player_choice":"Paid","damage_taken":0,"relics_obtained":["Red Mask"],"max_hp_gain":0,"max_hp_loss":0,"event_name":"Tomb of Lord Red Mask","floor":42,"gold_loss":102},{"damage_healed":0,"gold_gain":0,"player_choice":"Fight","damage_taken":0,"max_hp_gain":0,"max_hp_loss":0,"event_name":"MindBloom","floor":47,"gold_loss":0}],"is_beta":false,"boss_relics":[{"not_picked":["Empty Cage","Nuclear Battery"],"picked":"Inserter"},{"not_picked":["Astrolabe","Velvet Choker"],"picked":"Runic Dome"}],"items_purged_floors":[11,39],"is_endless":false,"potions_floor_spawned":[1,3,14,18,23,25,29,31,33,35,36,38,47],"ascension_level":7}