{"gold_per_floor":[117,192,117,292,309,309,322,322,346,361,377,392,392,392,392,392],"floor_reached":16,"playtime":1699,"items_purged":["Strike_R"],"score":122,"play_id":"eeefe628-4e7f-48f9-9c91-6caa72779894","local_time":"20190118050650","is_ascension_mode":true,"campfire_choices":[{"data":"Feed","floor":6,"key":"SMITH"},{"data":"Bash","floor":8,"key":"SMITH"},{"data":"Cleave","floor":15,"key":"SMITH"}],"neow_cost":"PERCENT_DAMAGE","seed_source_timestamp":501316224977860,"circlet_count":0,"master_deck":["Strike_R","Strike_R","Strike_R","Strike_R","Defend_R","Defend_R","Defend_R","Defend_R","Bash+1","Feed+1","Doubt","Battle Trance","Cleave+1","Shrug It Off"],"relics":["Burning Blood","Lantern","Golden Idol"],"potions_floor_usage":[11,16],"damage_taken":[{"damage":5,"enemies":"2 Louse","floor":1,"turns":3},{"damage":7,"enemies":"Small Slimes","floor":5,"turns":4},{"damage":2,"enemies":"Cultist","floor":7,"turns":5},{"damage":7,"enemies":"Lots of Slimes","floor":10,"turns":5},{"damage":8,"enemies":"Exordium Thugs","floor":11,"turns":6},{"damage":6,"enemies":"Exordium Wildlife","floor":12,"turns":5},{"damage":61,"enemies":"The Guardian","floor":16,"turns":14}],"seed_played":"-6963614885005464232","potions_obtained":[{"floor":10,"key":"AttackPotion"},{"floor":12,"key":"Weak Potion"}],"is_trial":false,"path_per_floor":["M","?","$","?","M","R","M","R","T","M","M","M","?","?","R","B"],"character_chosen":"IRONCLAD","items_purchased":[],"campfire_rested":0,"item_purchase_floors":[],"current_hp_per_floor":[57,46,46,46,45,45,53,53,53,56,58,62,38,70,70,9],"gold":392,"neow_bonus":"THREE_RARE_CARDS","is_prod":false,"is_daily":false,"chose_seed":false,"campfire_upgraded":3,"win_rate":0,"timestamp":1547784410,"path_taken":["M","?","$","?","M","R","M","R","T","M","M","M","?","?","R","BOSS"],"build_version":"2019-01-17","purchased_purges":1,"victory":false,"max_hp_per_floor":[80,80,80,80,80,80,84,84,84,88,92,96,96,96,96,96],"card_choices":[{"not_picked":["Exhume","Impervious"],"picked":"Feed","floor":0},{"not_picked":["Perfected Strike","Clothesline","Warcry"],"picked":"SKIP","floor":1},{"not_picked":["Anger","Feel No Pain"],"picked":"Battle Trance","floor":5},{"not_picked":["Havoc","Fire Breathing","Feel No Pain"],"picked":"SKIP","floor":7},{"not_picked":["Clothesline","Hemokinesis"],"picked":"Cleave","floor":10},{"not_picked":["Bloodletting","Ghostly Armor","Uppercut"],"picked":"SKIP","floor":11},{"not_picked":["Pommel Strike","Fire Breathing"],"picked":"Shrug It Off","floor":12}],"player_experience":82705,"relics_obtained":[{"floor":9,"key":"Lantern"}],"event_choices":[{"damage_healed":0,"gold_gain":75,"player_choice":"Gather Gold","damage_taken":11,"max_hp_gain":0,"max_hp_loss":0,"event_name":"World of Goop","floor":2,"gold_loss":0},{"damage_healed":0,"gold_gain":175,"player_choice":"AGREE","damage_taken":0,"max_hp_gain":0,"max_hp_loss":0,"event_name":"Liars Game","floor":4,"gold_loss":0,"cards_obtained":["Doubt"]},{"damage_healed":0,"gold_gain":0,"player_choice":"Take Damage","damage_taken":24,"relics_obtained":["Golden Idol"],"max_hp_gain":0,"max_hp_loss":0,"event_name":"Golden Idol","floor":13,"gold_loss":0},{"damage_healed":32,"gold_gain":0,"player_choice":"Banana","damage_taken":0,"max_hp_gain":0,"max_hp_loss":0,"event_name":"Big Fish","floor":14,"gold_loss":0}],"is_beta":false,"boss_relics":[],"items_purged_floors":[3],"is_endless":false,"potions_floor_spawned":[10,12],"killed_by":"The Guardian","ascension_level":1}