{"gold_per_floor":[114,131,131,143,143,178,178,213,213,223,223,239,239,20,20,20],"floor_reached":16,"playtime":4223,"items_purged":[],"score":143,"play_id":"4a0faf79-1f03-4f99-b3b8-2e211b675407","local_time":"20181112210532","is_ascension_mode":true,"campfire_choices":[{"floor":7,"key":"REST"},{"floor":11,"key":"REST"},{"floor":15,"key":"REST"}],"neow_cost":"NONE","seed_source_timestamp":266574122356893,"circlet_count":0,"master_deck":["Strike_R","Strike_R+1","Strike_R","Strike_R","Defend_R","Defend_R+1","Defend_R","Defend_R","Bash+1","Iron Wave","True Grit","Headbutt","Ghostly Armor","Decay","Reaper","Metallicize"],"relics":["Burning Blood","Blood Vial","Bird Faced Urn","Blue Candle"],"potions_floor_usage":[6,16],"damage_taken":[{"damage":0,"enemies":"2 Louse","floor":1,"turns":3},{"damage":7,"enemies":"Jaw Worm","floor":2,"turns":3},{"damage":1,"enemies":"Cultist","floor":4,"turns":3},{"damage":25,"enemies":"Gremlin Nob","floor":6,"turns":5},{"damage":43,"enemies":"Lagavulin","floor":8,"turns":7},{"damage":13,"enemies":"Gremlin Gang","floor":10,"turns":6},{"damage":10,"enemies":"3 Louse","floor":12,"turns":4},{"damage":89,"enemies":"Slime Boss","floor":16,"turns":14}],"seed_played":"-5772018012304692996","potions_obtained":[{"floor":1,"key":"GamblersBrew"},{"floor":4,"key":"EssenceOfSteel"},{"floor":12,"key":"FearPotion"}],"is_trial":false,"path_per_floor":["M","M","?","M","?","E","R","E","T","M","R","M","?","$","R","B"],"character_chosen":"IRONCLAD","items_purchased":["Reaper","Metallicize"],"campfire_rested":3,"item_purchase_floors":[14,14],"current_hp_per_floor":[78,77,70,75,59,40,64,29,29,24,48,46,46,46,70,0],"gold":20,"neow_bonus":"UPGRADE_CARD","is_prod":false,"is_daily":false,"chose_seed":false,"campfire_upgraded":0,"win_rate":0,"timestamp":1542085532,"path_taken":["M","M","?","M","?","E","R","E","T","M","R","?","?","?","R","BOSS"],"build_version":"2018-11-08","purchased_purges":0,"victory":false,"max_hp_per_floor":[80,80,80,80,80,80,80,80,80,80,80,80,80,80,80,80],"card_choices":[{"not_picked":["Intimidate","Evolve"],"picked":"Iron Wave","floor":1},{"not_picked":["Body Slam","Twin Strike","Searing Blow"],"picked":"SKIP","floor":2},{"not_picked":["Perfected Strike","Cleave"],"picked":"True Grit","floor":4},{"not_picked":["Warcry","Dropkick"],"picked":"Headbutt","floor":6},{"not_picked":["Rampage","Headbutt","Brutality"],"picked":"SKIP","floor":8},{"not_picked":["Clothesline","Clash"],"picked":"Ghostly Armor","floor":10},{"not_picked":["Warcry","Anger","True Grit"],"picked":"SKIP","floor":12}],"player_experience":221962,"relics_obtained":[{"floor":6,"key":"Blood Vial"},{"floor":8,"key":"Bird Faced Urn"},{"floor":9,"key":"Blue Candle"}],"event_choices":[{"cards_removed":["Strike_R"],"damage_healed":0,"gold_gain":0,"player_choice":"Card Removal","damage_taken":7,"max_hp_gain":0,"max_hp_loss":0,"event_name":"Golden Wing","floor":3,"gold_loss":0},{"damage_healed":0,"gold_gain":0,"player_choice":"Entered Light","damage_taken":16,"max_hp_gain":0,"max_hp_loss":0,"event_name":"Shining Light","floor":5,"gold_loss":0,"cards_upgraded":["Strike_R","Defend_R"]},{"damage_healed":0,"gold_gain":0,"player_choice":"1 cards matched","damage_taken":0,"max_hp_gain":0,"max_hp_loss":0,"event_name":"Match and Keep!","floor":13,"gold_loss":0,"cards_obtained":["Decay"]}],"is_beta":false,"boss_relics":[],"items_purged_floors":[],"is_endless":false,"potions_floor_spawned":[1,4,12],"killed_by":"Slime Boss","ascension_level":6}