{"path_per_floor":["M","M","M","?","M","R","E","$","T","R","M","R","?","?","R","B",null,"M","?","?","$","M","R"],"character_chosen":"DEFECT","items_purchased":["Purity"],"gold_per_floor":[110,123,136,136,152,152,186,15,15,15,32,32,32,32,32,131,131,147,147,62,62,78,78,78],"floor_reached":24,"campfire_rested":1,"playtime":1846,"item_purchase_floors":[8],"current_hp_per_floor":[62,55,53,46,41,41,39,39,39,39,36,36,36,36,56,45,68,68,68,68,68,54,54,0],"items_purged":["Defend_B"],"gold":78,"score":204,"play_id":"c6fdb8a1-cab6-493e-918f-110bbec373f4","local_time":"20180604004114","is_prod":false,"is_daily":false,"chose_seed":false,"is_ascension_mode":true,"campfire_upgraded":4,"win_rate":0.0,"timestamp":1528044074,"campfire_choices":[{"data":"Genetic Algorithm","floor":6,"key":"SMITH"},{"data":"Hologram","floor":10,"key":"SMITH"},{"data":"Consume","floor":12,"key":"SMITH"},{"floor":15,"key":"REST"},{"data":"Redo","floor":23,"key":"SMITH"}],"path_taken":["M","M","M","?","?","R","E","$","T","R","M","R","?","?","R","BOSS","M","?","?","$","M","R","E"],"build_version":"2018-05-31","seed_source_timestamp":124092971626032,"purchased_purges":1,"victory":false,"master_deck":["Strike_B","Strike_B","Strike_B","Defend_B","Zap+1","Dualcast","Seek","Genetic Algorithm+1","Coolheaded","Cold Snap","Consume+1","Hologram+1","Scrape","Purity","Ball Lightning","Buffer+1","Redo+1","Beam Cell"],"max_hp_per_floor":[68,68,68,68,68,68,68,68,68,68,68,68,68,68,68,68,68,68,68,68,68,68,68,68],"relics":["Cracked Core","Meat on the Bone","Gremlin Horn","Omamori","Inserter","Frozen Egg 2"],"card_choices":[{"not_picked":["Static Discharge","Reinforced Body"],"picked":"Coolheaded","floor":1},{"not_picked":["Rebound","Compile Driver"],"picked":"Cold Snap","floor":2},{"not_picked":["Force Field","Hologram"],"picked":"Consume","floor":3},{"not_picked":["Leap","White Noise"],"picked":"Hologram","floor":5},{"not_picked":["Storm","Sweeping Beam"],"picked":"Scrape","floor":7},{"not_picked":["Reinforced Body","Steam"],"picked":"Ball Lightning","floor":11},{"not_picked":["Biased Cognition","All For One"],"picked":"Buffer","floor":16},{"not_picked":["Sweeping Beam","Hologram"],"picked":"Redo","floor":18},{"not_picked":["Barrage+1","Hologram"],"picked":"Beam Cell","floor":22}],"player_experience":431459,"potions_floor_usage":[18,24,24,24],"damage_taken":[{"damage":6,"enemies":"Jaw Worm","floor":1,"turns":3},{"damage":7,"enemies":"2 Louse","floor":2,"turns":3},{"damage":2,"enemies":"Cultist","floor":3,"turns":4},{"damage":5,"enemies":"Blue Slaver","floor":5,"turns":4},{"damage":2,"enemies":"Lagavulin","floor":7,"turns":10},{"damage":3,"enemies":"Large Slime","floor":11,"turns":7},{"damage":11,"enemies":"The Guardian","floor":16,"turns":9},{"damage":0,"enemies":"Spheric Guardian","floor":18,"turns":4},{"damage":14,"enemies":"Shell Parasite","floor":22,"turns":6},{"damage":54,"enemies":"Slavers","floor":24,"turns":5}],"relics_obtained":[{"floor":7,"key":"Meat on the Bone"},{"floor":9,"key":"Gremlin Horn"}],"event_choices":[{"event_name":"Golden Wing","player_choice":"Card Removal","floor":4,"damage_taken":0},{"event_name":"Living Wall","player_choice":"Grow","floor":13,"damage_taken":0},{"event_name":"Dead Adventurer","player_choice":"Searched \u00271\u0027 times","floor":14,"damage_taken":0},{"event_name":"Upgrade Shrine","player_choice":"Upgraded","floor":19,"damage_taken":0},{"event_name":"Addict","player_choice":"Obtained Relic","floor":20,"damage_taken":0}],"boss_relics":[{"not_picked":["Cursed Key","Tiny House"],"picked":"Inserter"}],"items_purged_floors":[8],"potions_floor_spawned":[3,7,16,18],"seed_played":"-8033901398618503659","killed_by":"Slavers","ascension_level":1,"potions_obtained":[{"floor":3,"key":"PowerPotion"},{"floor":7,"key":"LiquidBronze"},{"floor":16,"key":"FocusPotion"},{"floor":18,"key":"FocusPotion"}],"is_trial":false}