{"path_per_floor":["M","?","M","$","?","E","R","$","T","?","E","R","?","M","R","B",null,"M","?","M","?","?","R","M","E","T","E","?","R","?","M","R","B",null,"M","$","M","$","?","R","E","$","T","?","?","M","E","M","R"],"character_chosen":"DEFECT","items_purchased":["Sunder","Happy Flower","Sunder","Blaster"],"gold_per_floor":[109,109,123,48,48,82,82,0,25,87,118,118,118,132,132,234,234,251,251,264,264,264,264,274,309,333,367,367,367,367,379,379,482,482,494,248,259,140,140,140,170,45,45,45,0,15,50,68,68,68],"floor_reached":50,"campfire_rested":5,"playtime":2161,"current_hp_per_floor":[75,80,74,74,58,27,51,51,51,35,19,43,43,43,43,19,80,70,70,60,45,35,62,52,24,30,18,18,47,79,74,74,6,97,97,97,93,93,81,81,59,59,65,65,65,49,49,51,81,0],"items_purged":["Strike_B","Strike_B","Doubt"],"gold":68,"score":642,"play_id":"99c15431-66ac-4bf8-841b-62b99ebc87e5","local_time":"20180501210008","is_prod":false,"is_daily":false,"chose_seed":false,"is_ascension_mode":false,"campfire_upgraded":3,"timestamp":1525179608,"path_taken":["M","?","?","$","?","E","R","?","T","?","E","R","?","M","R","BOSS","M","?","M","?","?","R","M","E","T","E","?","R","?","M","R","BOSS","M","$","M","$","?","R","E","?","T","?","?","M","E","M","R","BOSS"],"build_version":"2018-04-30","seed_source_timestamp":209617471290276,"purchased_purges":3,"victory":false,"master_deck":["Strike_B+1","Strike_B+1","Defend_B","Defend_B+1","Defend_B","Defend_B","Dualcast","Defragment","Conserve Battery","Go for the Eyes","Sunder+1","Ball Lightning+1","Buffer+1","Ball Lightning","Amplify","Recycle","Beam Cell+1","Necronomicurse","Glacier","All For One","Undo+1","Thunder Strike","Rebound","Sunder+1","Blaster","Madness","Madness","All For One","Decay","Reprieve","Consume+1"],"max_hp_per_floor":[75,80,80,80,80,80,80,80,80,80,80,80,80,80,80,80,80,80,80,80,85,91,91,91,91,97,97,97,97,97,97,97,97,97,97,97,97,97,97,97,97,97,103,103,103,103,103,103,103,103],"relics":["Cracked Core","Bronze Scales","Ancient Tea Set","Pen Nib","Juzu Bracelet","Darkstone Periapt","Cursed Key","Necronomicon","Whetstone","Lantern","Vajra","Orichalcum","Snecko Eye","Happy Flower","Matryoshka","Gremlin Horn","Centennial Puzzle","Red Mask","Blood Vial"],"card_choices":[{"not_picked":["Axe Kick","Storm"],"picked":"Defragment","floor":1},{"not_picked":["Impulse","White Noise"],"picked":"Conserve Battery","floor":3},{"not_picked":["Barrage","Flux Capacitor"],"picked":"Go for the Eyes","floor":6},{"not_picked":["Impulse","Reprogram"],"picked":"Ball Lightning","floor":10},{"not_picked":["Skim","Barrage"],"picked":"Buffer","floor":11},{"not_picked":["Capacitor","Nova"],"picked":"Ball Lightning","floor":14},{"not_picked":["Fission","Reboot"],"picked":"Amplify","floor":16},{"not_picked":["Turbo","Darkness"],"picked":"Recycle","floor":18},{"not_picked":["Capacitor","Barrage"],"picked":"Beam Cell","floor":20},{"not_picked":["Go for the Eyes","Prime"],"picked":"Glacier","floor":25},{"not_picked":["Prime","Streamline"],"picked":"All For One","floor":27},{"not_picked":["Coolheaded","Turbo"],"picked":"Undo","floor":31},{"not_picked":["Prime","Biased Cognition"],"picked":"Thunder Strike","floor":33},{"not_picked":["Flux Capacitor","Leap"],"picked":"Rebound","floor":35},{"not_picked":["Leap","Ball Lightning"],"picked":"All For One","floor":41},{"not_picked":["Heatsinks","Defragment"],"picked":"Reprieve","floor":46},{"not_picked":["Gash","Beam Cell"],"picked":"Consume","floor":48}],"player_experience":20048,"potions_floor_usage":[33,50],"damage_taken":[{"damage":0,"enemies":"Small Slimes","floor":1,"turns":2},{"damage":6,"enemies":"Jaw Worm","floor":3,"turns":3},{"damage":31,"enemies":"3 Sentries","floor":6,"turns":6},{"damage":16,"enemies":"3 Sentries","floor":10,"turns":5},{"damage":16,"enemies":"Gremlin Nob","floor":11,"turns":3},{"damage":0,"enemies":"2 Louse","floor":14,"turns":2},{"damage":24,"enemies":"Hexaghost","floor":16,"turns":8},{"damage":10,"enemies":"3 Byrds","floor":18,"turns":3},{"damage":10,"enemies":"Shell Parasite","floor":20,"turns":6},{"damage":10,"enemies":"3 Cultists","floor":24,"turns":5},{"damage":28,"enemies":"Slavers","floor":25,"turns":4},{"damage":12,"enemies":"Book of Stabbing","floor":27,"turns":3},{"damage":5,"enemies":"Snecko","floor":31,"turns":4},{"damage":68,"enemies":"Automaton","floor":33,"turns":9},{"damage":0,"enemies":"Orb Walker","floor":35,"turns":2},{"damage":20,"enemies":"3 Shapes","floor":37,"turns":3},{"damage":22,"enemies":"Nemesis","floor":41,"turns":5},{"damage":16,"enemies":"3 Darklings","floor":46,"turns":3},{"damage":0,"enemies":"Giant Head","floor":47,"turns":5},{"damage":0,"enemies":"Maw","floor":48,"turns":5},{"damage":83,"enemies":"Time Eater","floor":50,"turns":9}],"event_choices":[{"event_name":"Big Fish","player_choice":"Donut","floor":2,"damage_taken":0},{"event_name":"Shining Light","player_choice":"Entered Light","floor":5,"damage_taken":0},{"event_name":"Dead Adventurer","player_choice":"Searched \u00272\u0027 times","floor":10,"damage_taken":0},{"event_name":"Match and Keep!","player_choice":"0 cards matched","floor":13,"damage_taken":0},{"event_name":"Upgrade Shrine","player_choice":"Upgraded","floor":19,"damage_taken":0},{"event_name":"Forgotten Altar","player_choice":"Shed Blood","floor":21,"damage_taken":0},{"event_name":"Cursed Tome","player_choice":"Obtained Book","floor":22,"damage_taken":0},{"event_name":"The Mausoleum","player_choice":"Yes","floor":28,"damage_taken":0},{"event_name":"The Library","player_choice":"Heal","floor":30,"damage_taken":0},{"event_name":"Winding Halls","player_choice":"Embrace Madness","floor":39,"damage_taken":0},{"event_name":"Tomb of Lord Red Mask","player_choice":"Paid","floor":45,"damage_taken":0}],"boss_relics":[{"not_picked":["Runic Dome","Velvet Choker"],"picked":"Cursed Key"},{"not_picked":["Runic Pyramid","Astrolabe"],"picked":"Snecko Eye"}],"potions_floor_spawned":[6,10,14,20,24,33,41,46,48],"seed_played":"-5984596182402737400","killed_by":"Time Eater","ascension_level":0,"is_trial":false}