{"gold_per_floor":[109,109,126,139,214,239,255,255,280,290,310,310,310,337,337,442,442,461,257,267,292,492,492,517,536,536,536,568,166,166,180,180,180],"floor_reached":33,"playtime":2417,"items_purged":["Fire Breathing","Heavy Blade"],"score":310,"play_id":"c1b05f72-9048-489c-a03d-222546f8d0a4","local_time":"20180806210041","is_ascension_mode":true,"campfire_choices":[{"data":"Perfected Strike","floor":8.0,"key":"SMITH"},{"data":"Cleave","floor":13.0,"key":"SMITH"},{"floor":15.0,"key":"REST"},{"floor":23,"key":"REST"},{"floor":27,"key":"REST"},{"floor":32,"key":"REST"}],"neow_cost":"NONE","seed_source_timestamp":0,"circlet_count":0,"master_deck":["Strike_R","Strike_R","Strike_R","Strike_R","Strike_R","Defend_R+1","Defend_R","Defend_R","Defend_R+1","Bash","Cleave","Perfected Strike+1","Perfected Strike+1","Cleave+1","Shrug It Off","Shrug It Off","Double Tap","Shrug It Off","Perfected Strike+1","Wild Strike+1","Pommel Strike+1","Wild Strike","Headbutt+1","Pommel Strike","Secret Weapon+1","Iron Wave+1"],"special_seed":0,"relics":["Burning Blood","Oddly Smooth Stone","Boot","Bag of Marbles","Lizard Tail","Red Mask","War Paint","Whetstone","Darkstone Periapt"],"potions_floor_usage":[24,25,25,33,33],"damage_taken":[{"damage":3.0,"enemies":"Small Slimes","floor":1.0,"turns":3.0},{"damage":6.0,"enemies":"Cultist","floor":3.0,"turns":3.0},{"damage":5.0,"enemies":"2 Louse","floor":4.0,"turns":2.0},{"damage":17.0,"enemies":"Gremlin Nob","floor":6.0,"turns":4.0},{"damage":4.0,"enemies":"Looter","floor":7.0,"turns":2.0},{"damage":6.0,"enemies":"3 Louse","floor":10.0,"turns":4.0},{"damage":1.0,"enemies":"Blue Slaver","floor":11.0,"turns":3.0},{"damage":29.0,"enemies":"Lagavulin","floor":14.0,"turns":6.0},{"damage":54.0,"enemies":"Hexaghost","floor":16.0,"turns":9.0},{"damage":44,"enemies":"Shell Parasite","floor":18,"turns":6},{"damage":10,"enemies":"Chosen","floor":20,"turns":4},{"damage":0,"floor":21,"turns":2},{"damage":67,"enemies":"Gremlin Leader","floor":24,"turns":4},{"damage":7,"enemies":"Slaver and Parasite","floor":25,"turns":5},{"damage":26,"enemies":"Book of Stabbing","floor":28,"turns":3},{"damage":15,"enemies":"Snake Plant","floor":31,"turns":4},{"damage":106,"enemies":"Collector","floor":33,"turns":7}],"seed_played":"2259371930075037681","potions_obtained":[{"floor":3.0,"key":"EssenceOfSteel"},{"floor":7.0,"key":"PowerPotion"},{"floor":14.0,"key":"Fire Potion"},{"floor":16.0,"key":"Dexterity Potion"},{"floor":21,"key":"Ancient Potion"},{"floor":24,"key":"Poison Potion"}],"is_trial":false,"path_per_floor":["M","?","M","M","?","E","M","R","T","M","M","?","R","E","R","B",null,"M","$","M","?","?","R","E","M","T","R","E","$","?","M","R"],"character_chosen":"IRONCLAD","items_purchased":["Perfected Strike","Regen Potion","Pommel Strike","Secret Weapon","Regen Potion"],"campfire_rested":4,"item_purchase_floors":[19,19,29,29,29],"current_hp_per_floor":[80,80,80,80,69,58,60,60,60,60,65,70,70,47,72,24,85,47,47,43,49,49,74,25,24,24,49,29,29,29,20,45,0],"gold":180,"neow_bonus":"THREE_CARDS","is_prod":false,"is_daily":false,"chose_seed":false,"campfire_upgraded":2,"win_rate":0,"timestamp":1533614441,"path_taken":["M","?","?","M","?","E","M","R","T","M","M","?","R","E","R","BOSS","M","$","M","?","?","R","E","M","T","R","E","$","?","M","R","BOSS"],"build_version":"2018-08-02","purchased_purges":2,"victory":false,"max_hp_per_floor":[80,80,80,80,80,80,80,80,80,80,80,85,85,85,85,85,85,85,85,85,85,85,85,85,85,85,85,85,85,85,85,85,85],"card_choices":[{"not_picked":["Clothesline","Heavy Blade"],"picked":"Cleave","floor":0.0},{"not_picked":["Body Slam","Entrench"],"picked":"Perfected Strike","floor":1.0},{"not_picked":["Intimidate","Anger"],"picked":"Heavy Blade","floor":3.0},{"not_picked":["Heavy Blade","Armaments"],"picked":"Perfected Strike","floor":4.0},{"not_picked":["Armaments","Warcry"],"picked":"Fire Breathing","floor":6.0},{"not_picked":["Disarm","Entrench","Sword Boomerang"],"picked":"SKIP","floor":7.0},{"not_picked":["Thunderclap","Combust"],"picked":"Cleave","floor":10.0},{"not_picked":["Cleave","Clash"],"picked":"Shrug It Off","floor":11.0},{"not_picked":["Exhume","Sword Boomerang"],"picked":"Shrug It Off","floor":14.0},{"not_picked":["Juggernaut","Berserk"],"picked":"Double Tap","floor":16.0},{"not_picked":["Evolve","Twin Strike"],"picked":"Shrug It Off","floor":18},{"not_picked":["Thunderclap","Rupture+1"],"picked":"Wild Strike","floor":20},{"not_picked":["Heavy Blade","Rage"],"picked":"Pommel Strike+1","floor":21},{"not_picked":["Anger+1","Ghostly Armor+1"],"picked":"Wild Strike","floor":24},{"not_picked":["Havoc","Entrench+1"],"picked":"Headbutt+1","floor":25},{"not_picked":["True Grit","Juggernaut","Sword Boomerang"],"picked":"SKIP","floor":28},{"not_picked":["Second Wind","Sword Boomerang+1"],"picked":"Iron Wave+1","floor":31}],"player_experience":46244,"relics_obtained":[{"floor":6.0,"key":"Oddly Smooth Stone"},{"floor":9.0,"key":"Boot"},{"floor":14.0,"key":"Bag of Marbles"},{"floor":21,"key":"Red Mask"},{"floor":24,"key":"War Paint"},{"floor":26,"key":"Whetstone"},{"floor":28,"key":"Darkstone Periapt"}],"event_choices":[{"event_name":"Living Wall","player_choice":"Grow","floor":2.0,"damage_taken":0.0},{"event_name":"World of Goop","player_choice":"Gather Gold","floor":5.0,"damage_taken":0.0},{"event_name":"Big Fish","player_choice":"Donut","floor":12.0,"damage_taken":0.0},{"event_name":"Masked Bandits","player_choice":"Fought over 267 gold","floor":21,"damage_taken":0},{"event_name":"The Joust","player_choice":"Bet on Owner","floor":22,"damage_taken":0},{"event_name":"Upgrade Shrine","player_choice":"Upgraded","floor":30,"damage_taken":0}],"is_beta":false,"boss_relics":[{"not_picked":["Eternal Feather","Busted Crown"],"picked":"Lizard Tail"}],"items_purged_floors":[19,29],"is_endless":false,"potions_floor_spawned":[3,7,14,16,21,24],"killed_by":"Collector","ascension_level":1}