{"gold_per_floor":[115,115,38,51,71,103,103,121,121,138,138],"floor_reached":11,"playtime":663,"items_purged":[],"score":75,"play_id":"83250c86-80ef-45bc-b2e2-c3798b0d6294","local_time":"20190205222812","is_ascension_mode":false,"campfire_choices":[{"data":"White Noise","floor":7,"key":"SMITH"}],"neow_cost":"NONE","seed_source_timestamp":1588041841376904,"circlet_count":0,"master_deck":["Strike_B","Strike_B","Strike_B","Strike_B","Defend_B","Defend_B","Defend_B","Defend_B","Zap+1","Dualcast+1","Heatsinks","White Noise+1","Storm","Coolheaded+1","Loop"],"relics":["Cracked Core","Toxic Egg 2"],"potions_floor_usage":[11,11],"damage_taken":[{"damage":2,"enemies":"2 Louse","floor":1,"turns":3},{"damage":0,"enemies":"Cultist","floor":4,"turns":3},{"damage":0,"enemies":"Small Slimes","floor":5,"turns":2},{"damage":47,"enemies":"3 Sentries","floor":6,"turns":12},{"damage":3,"enemies":"Exordium Thugs","floor":8,"turns":2},{"damage":11,"enemies":"Large Slime","floor":10,"turns":4},{"damage":15,"enemies":"Gremlin Nob","floor":11,"turns":2}],"seed_played":"-7604403950243340136","potions_obtained":[{"floor":4,"key":"Poison Potion"},{"floor":5,"key":"AttackPotion"},{"floor":10,"key":"SkillPotion"}],"is_trial":false,"path_per_floor":["?","M"],"character_chosen":"DEFECT","items_purchased":["Heatsinks"],"campfire_rested":0,"item_purchase_floors":[3],"current_hp_per_floor":[73,73,73,73,73,26,26,23,23,12,0],"gold":138,"neow_bonus":"UPGRADE_CARD","is_prod":false,"is_daily":false,"chose_seed":false,"campfire_upgraded":1,"win_rate":0,"timestamp":1549402092,"path_taken":["M","?","$","M","M","E","R","M","T","?","E"],"build_version":"2019-01-23","purchased_purges":0,"victory":false,"max_hp_per_floor":[75,75,75,75,75,75,75,75,75,75,75],"card_choices":[{"not_picked":["Streamline","Conserve Battery","Leap"],"picked":"SKIP","floor":1},{"not_picked":["Sweeping Beam","Genetic Algorithm"],"picked":"White Noise","floor":4},{"not_picked":["Static Discharge","Sunder"],"picked":"Storm","floor":5},{"not_picked":["Biased Cognition","Lockon"],"picked":"Coolheaded","floor":6},{"not_picked":["Rip and Tear","Hello World"],"picked":"Loop","floor":8},{"not_picked":["Ball Lightning","Streamline","Cold Snap"],"picked":"SKIP","floor":10}],"player_experience":128204,"relics_obtained":[{"floor":6,"key":"Toxic Egg 2"}],"event_choices":[{"damage_healed":0,"gold_gain":0,"player_choice":"Forge","damage_taken":0,"max_hp_gain":0,"max_hp_loss":0,"event_name":"Accursed Blacksmith","floor":2,"gold_loss":0,"cards_upgraded":["Dualcast"]}],"is_beta":false,"boss_relics":[],"items_purged_floors":[],"is_endless":false,"potions_floor_spawned":[4,5,10],"killed_by":"Gremlin Nob","ascension_level":0}