{"gold_per_floor":[165,165,165,175,187,187,222,222,222,222,258,274,352,375,375,494,494,419,344,344,357,357],"floor_reached":22,"playtime":2577,"items_purged":["Strike_R"],"score":253,"play_id":"a74a8eef-82d5-4ad0-b963-2e75161e6ba4","local_time":"20181107215727","is_ascension_mode":true,"campfire_choices":[{"data":"Armaments","floor":6,"key":"SMITH"},{"floor":15,"key":"REST"}],"neow_cost":"NONE","seed_source_timestamp":2498417272227395,"circlet_count":0,"master_deck":["Defend_R","Defend_R","Defend_R","Defend_R","Armaments+1","Battle Trance","Infernal Blade","Flex","Twin Strike","Pommel Strike","Metallicize","Barricade","Thunderclap","Bite","Bite","Bite","Bite","Bite"],"relics":["Tiny House","Girya","Golden Idol","FossilizedHelix","Bag of Preparation","Bronze Scales","Potion Belt","Lizard Tail"],"potions_floor_usage":[16,16,16,16],"damage_taken":[{"damage":2,"enemies":"Small Slimes","floor":1,"turns":5},{"damage":0,"enemies":"2 Louse","floor":4,"turns":6},{"damage":0,"enemies":"Cultist","floor":5,"turns":5},{"damage":20,"enemies":"3 Sentries","floor":7,"turns":7},{"damage":0,"enemies":"Gremlin Nob","floor":11,"turns":3},{"damage":0,"enemies":"Looter","floor":12,"turns":3},{"damage":9,"enemies":"3 Sentries","floor":13,"turns":8},{"damage":0,"enemies":"Blue Slaver","floor":14,"turns":3},{"damage":21,"enemies":"Hexaghost","floor":16,"turns":6},{"damage":15,"enemies":"2 Thieves","floor":18,"turns":5},{"damage":5,"enemies":"Spheric Guardian","floor":21,"turns":7},{"damage":74,"enemies":"Colosseum Slavers","floor":22,"turns":7},{"damage":59,"enemies":"Colosseum Nobs","floor":22,"turns":3}],"seed_played":"-7951870361973067751","potions_obtained":[{"floor":0,"key":"FairyPotion"},{"floor":1,"key":"PowerPotion"},{"floor":7,"key":"AttackPotion"},{"floor":13,"key":"Swift Potion"},{"floor":14,"key":"AttackPotion"}],"is_trial":false,"path_per_floor":["M","?","?","M","M","R","E","?","T","?","E","M","?","M","R","B",null,"M","$","?","M","?"],"character_chosen":"IRONCLAD","items_purchased":[],"campfire_rested":1,"item_purchase_floors":[],"current_hp_per_floor":[83,76,76,76,76,76,56,35,35,23,23,23,14,14,39,18,85,70,70,59,57,0],"gold":357,"neow_bonus":"BOSS_RELIC","is_prod":false,"is_daily":false,"chose_seed":false,"campfire_upgraded":1,"win_rate":0,"timestamp":1541649447,"path_taken":["M","?","?","M","?","R","E","?","T","?","E","M","?","M","R","BOSS","M","$","?","M","?"],"build_version":"2018-11-01","purchased_purges":1,"victory":false,"max_hp_per_floor":[85,85,85,85,85,85,85,85,85,85,85,85,85,85,85,85,85,85,85,59,59,59],"card_choices":[{"not_picked":["True Grit","Twin Strike"],"picked":"Armaments","floor":0},{"not_picked":["Fire Breathing","Feel No Pain"],"picked":"Battle Trance","floor":1},{"not_picked":["True Grit","Hemokinesis"],"picked":"Infernal Blade","floor":4},{"not_picked":["Clothesline","Thunderclap"],"picked":"Flex","floor":5},{"not_picked":["Shockwave","Power Through"],"picked":"Twin Strike","floor":7},{"not_picked":["Combust","Warcry","Bloodletting"],"picked":"SKIP","floor":11},{"not_picked":["Berserk","Armaments","Pummel"],"picked":"SKIP","floor":12},{"not_picked":["Headbutt","Blood for Blood"],"picked":"Pommel Strike","floor":13},{"not_picked":["Entrench","Burning Pact"],"picked":"Metallicize","floor":14},{"not_picked":["Impervious","Fiend Fire"],"picked":"Barricade","floor":16},{"not_picked":["Sword Boomerang","Havoc+1"],"picked":"Thunderclap","floor":18},{"not_picked":["Whirlwind","Flex","Sword Boomerang"],"picked":"SKIP","floor":21}],"player_experience":33735,"relics_obtained":[{"floor":7,"key":"Girya"},{"floor":9,"key":"FossilizedHelix"},{"floor":11,"key":"Bronze Scales"},{"floor":13,"key":"Potion Belt"}],"event_choices":[{"cards_removed":["Bash"],"damage_healed":0,"gold_gain":0,"player_choice":"Card Removal","damage_taken":7,"max_hp_gain":0,"max_hp_loss":0,"event_name":"Golden Wing","floor":2,"gold_loss":0},{"damage_healed":0,"gold_gain":0,"player_choice":"Bought 0 Potions","damage_taken":0,"max_hp_gain":0,"max_hp_loss":0,"event_name":"The Woman in Blue","floor":3,"gold_loss":0},{"damage_healed":0,"gold_gain":0,"player_choice":"Take Damage","damage_taken":21,"relics_obtained":["Golden Idol"],"max_hp_gain":0,"max_hp_loss":0,"event_name":"Golden Idol","floor":8,"gold_loss":0},{"damage_healed":0,"gold_gain":0,"player_choice":"Success","damage_taken":12,"relics_obtained":["Bag of Preparation"],"max_hp_gain":0,"max_hp_loss":0,"event_name":"Scrap Ooze","floor":10,"gold_loss":0},{"damage_healed":0,"gold_gain":0,"player_choice":"Searched \u00272\u0027 times","damage_taken":0,"max_hp_gain":0,"max_hp_loss":0,"event_name":"Dead Adventurer","floor":13,"gold_loss":0},{"damage_healed":0,"gold_gain":0,"player_choice":"Became a vampire","damage_taken":0,"max_hp_gain":0,"max_hp_loss":26,"event_name":"Vampires","floor":20,"gold_loss":0,"cards_obtained":["Bite","Bite","Bite","Bite","Bite"]},{"damage_healed":0,"gold_gain":0,"player_choice":"Fight","damage_taken":0,"max_hp_gain":0,"max_hp_loss":0,"event_name":"Colosseum","floor":22,"gold_loss":0},{"damage_healed":0,"gold_gain":0,"player_choice":"Fought Nobs","damage_taken":0,"max_hp_gain":0,"max_hp_loss":0,"event_name":"Colosseum","floor":22,"gold_loss":0}],"is_beta":false,"boss_relics":[{"not_picked":["Empty Cage","Sozu"],"picked":"Lizard Tail"}],"items_purged_floors":[19],"is_endless":false,"potions_floor_spawned":[1,7,11,13,14],"killed_by":"Colosseum Nobs","ascension_level":1}