{"gold_per_floor":[109,83,83,83,48,48,79,79,106,139,289,304,304,2,2,96,96,112,128,146,146,58,58,89,89,89,128,51,51,51,51,51,144,144,157,157,157,57,72,72,97,131,131,131,6,25,25,40,40,40,40],"floor_reached":52,"playtime":2153,"items_purged":["Doubt","Strike_G","Strike_G"],"score":1890,"play_id":"1ec45068-c1e1-4ab0-b67c-d050d6d7b231","local_time":"20190301092531","is_ascension_mode":true,"campfire_choices":[{"data":"Crippling Poison","floor":6,"key":"SMITH"},{"floor":13,"key":"REST"},{"data":"Noxious Fumes","floor":15,"key":"SMITH"},{"floor":23,"key":"REST"},{"floor":25,"key":"REST"},{"floor":29,"key":"REST"},{"floor":32,"key":"REST"},{"floor":40,"key":"REST"},{"floor":44,"key":"REST"},{"floor":49,"key":"REST"}],"neow_cost":"NONE","seed_source_timestamp":552954355129,"circlet_count":0,"master_deck":["AscendersBane","Defend_G+1","Defend_G","Defend_G+1","Defend_G+1","Strike_G","Strike_G","Survivor","Neutralize","Crippling Poison+1","Deadly Poison+1","After Image","Calculated Gamble","Noxious Fumes+1","Backflip","Wraith Form v2","Deadly Poison+1","Die Die Die","Escape Plan","Well Laid Plans","Leg Sweep","PiercingWail","Blur","Footwork","Dodge and Roll","Footwork+1","Wraith Form v2","Backflip","Catalyst","Bouncing Flask","Bouncing Flask+1","Catalyst+1","Dodge and Roll+1"],"relics":["Ring of the Snake","NeowsBlessing","Golden Idol","Bag of Preparation","Dream Catcher","War Paint","OrangePellets","Fusion Hammer","Snake Skull","Bag of Marbles","Vajra","Philosopher\u0027s Stone","Molten Egg 2","Toxic Egg 2","Bronze Scales"],"potions_floor_usage":[16,33,50,51],"damage_taken":[{"damage":0,"enemies":"Jaw Worm","floor":1,"turns":1},{"damage":0,"enemies":"Lagavulin","floor":7,"turns":1},{"damage":7,"enemies":"3 Sentries","floor":10,"turns":2},{"damage":2,"enemies":"Small Slimes","floor":12,"turns":3},{"damage":24,"enemies":"Hexaghost","floor":16,"turns":10},{"damage":22,"enemies":"2 Thieves","floor":18,"turns":5},{"damage":0,"enemies":"3 Byrds","floor":19,"turns":3},{"damage":11,"enemies":"Cultist and Chosen","floor":20,"turns":5},{"damage":6,"enemies":"Book of Stabbing","floor":24,"turns":7},{"damage":36,"enemies":"Slavers","floor":27,"turns":5},{"damage":27,"enemies":"Collector","floor":33,"turns":10},{"damage":0,"enemies":"Orb Walker","floor":35,"turns":4},{"damage":1,"enemies":"3 Shapes","floor":39,"turns":4},{"damage":2,"enemies":"Writhing Mass","floor":41,"turns":7},{"damage":24,"enemies":"Nemesis","floor":42,"turns":11},{"damage":0,"enemies":"Spire Growth","floor":46,"turns":5},{"damage":2,"enemies":"Transient","floor":48,"turns":6},{"damage":25,"enemies":"Donu and Deca","floor":50,"turns":11},{"damage":15,"enemies":"Time Eater","floor":51,"turns":6}],"seed_played":"-3448723101643189803","potions_obtained":[{"floor":1,"key":"GamblersBrew"},{"floor":10,"key":"GamblersBrew"},{"floor":16,"key":"Dexterity Potion"},{"floor":35,"key":"FearPotion"},{"floor":39,"key":"GamblersBrew"}],"is_trial":false,"path_per_floor":["M","$","?","?","?","R","E","?","T","E","?","M","R","$","R","B",null,"M","M","M","?","$","R","E","R","T","E","$","R","?","?","R","B",null,"M","?","?","$","M","R","M","E","T","R","$","M","T","M","R","B","B",null],"character_chosen":"THE_SILENT","items_purchased":["Deadly Poison","OrangePellets","Well Laid Plans","Footwork"],"campfire_rested":8,"item_purchase_floors":[2,14,22,28],"current_hp_per_floor":[59,59,36,16,32,32,32,32,32,25,25,23,42,42,42,18,54,32,32,21,21,21,40,34,53,53,17,17,36,49,49,66,39,59,59,59,59,59,58,66,64,40,40,59,59,59,59,57,66,41,26],"gold":40,"neow_bonus":"THREE_ENEMY_KILL","is_prod":false,"is_daily":false,"chose_seed":false,"campfire_upgraded":2,"win_rate":0,"timestamp":1551461131,"path_taken":["M","$","?","?","?","R","E","?","T","E","?","?","R","$","R","BOSS","M","M","M","?","$","R","E","R","T","E","?","R","?","?","R","BOSS","M","?","?","$","M","R","M","E","T","R","?","M","?","M","R","BOSS","BOSS"],"build_version":"2019-01-23","purchased_purges":3,"victory":true,"max_hp_per_floor":[66,66,66,66,66,66,66,66,66,66,66,66,66,66,66,66,66,66,66,66,66,66,66,66,66,66,66,66,66,66,66,66,66,66,66,66,66,66,66,66,66,66,66,66,66,66,66,66,66,66,66],"card_choices":[{"not_picked":["Sucker Punch","Calculated Gamble"],"picked":"Crippling Poison","floor":1},{"not_picked":["Dagger Throw","Underhanded Strike"],"picked":"After Image","floor":7},{"not_picked":["Expertise","Finisher"],"picked":"Calculated Gamble","floor":10},{"not_picked":["Blade Dance","Dagger Spray"],"picked":"Noxious Fumes","floor":12},{"not_picked":["Quick Slash","Finisher"],"picked":"Backflip","floor":13},{"not_picked":["Night Terror","Tools of the Trade"],"picked":"Wraith Form v2","floor":16},{"not_picked":["Flechettes","Slice"],"picked":"Deadly Poison+1","floor":18},{"not_picked":["Bane","Deadly Poison+1","Poisoned Stab"],"picked":"SKIP","floor":19},{"not_picked":["Poisoned Stab","Sucker Punch"],"picked":"Die Die Die","floor":20},{"not_picked":["Eviscerate","Finisher"],"picked":"Leg Sweep","floor":23},{"not_picked":["Backstab","Quick Slash"],"picked":"PiercingWail","floor":24},{"not_picked":["Skewer","Bane"],"picked":"Blur","floor":27},{"not_picked":["Blade Dance","Terror"],"picked":"Dodge and Roll","floor":29},{"not_picked":["Deadly Poison","Quick Slash"],"picked":"Footwork+1","floor":32},{"not_picked":["Tools of the Trade","Storm of Steel"],"picked":"Wraith Form v2","floor":33},{"not_picked":["Flying Knee","Cloak And Dagger","Blade Dance"],"picked":"SKIP","floor":35},{"not_picked":["Dagger Spray+1","Blade Dance"],"picked":"Backflip","floor":39},{"not_picked":["Backstab","All Out Attack"],"picked":"Catalyst","floor":41},{"not_picked":["Slice","Dagger Throw"],"picked":"Bouncing Flask","floor":42},{"not_picked":["Outmaneuver+1","Underhanded Strike+1"],"picked":"Bouncing Flask+1","floor":46},{"not_picked":["Cloak And Dagger+1","Prepared+1"],"picked":"Catalyst+1","floor":48},{"not_picked":["Sucker Punch+1","Concentrate+1"],"picked":"Dodge and Roll+1","floor":49}],"player_experience":312548,"relics_obtained":[{"floor":7,"key":"Bag of Preparation"},{"floor":9,"key":"Dream Catcher"},{"floor":10,"key":"War Paint"},{"floor":24,"key":"Snake Skull"},{"floor":26,"key":"Bag of Marbles"},{"floor":27,"key":"Vajra"},{"floor":42,"key":"Molten Egg 2"},{"floor":43,"key":"Toxic Egg 2"},{"floor":47,"key":"Bronze Scales"}],"event_choices":[{"damage_healed":0,"gold_gain":0,"player_choice":"Take Damage","damage_taken":23,"relics_obtained":["Golden Idol"],"max_hp_gain":0,"max_hp_loss":0,"event_name":"Golden Idol","floor":3,"gold_loss":0},{"damage_healed":0,"gold_gain":0,"player_choice":"Entered Light","damage_taken":20,"max_hp_gain":0,"max_hp_loss":0,"event_name":"Shining Light","floor":4,"gold_loss":0,"cards_upgraded":["Defend_G","Defend_G"]},{"damage_healed":16,"gold_gain":0,"player_choice":"Healed","damage_taken":0,"max_hp_gain":0,"max_hp_loss":0,"event_name":"The Cleric","floor":5,"gold_loss":35},{"damage_healed":0,"gold_gain":0,"player_choice":"Searched \u00270\u0027 times","damage_taken":0,"max_hp_gain":0,"max_hp_loss":0,"event_name":"Dead Adventurer","floor":8,"gold_loss":0},{"damage_healed":0,"gold_gain":150,"player_choice":"AGREE","damage_taken":0,"max_hp_gain":0,"max_hp_loss":0,"event_name":"Liars Game","floor":11,"gold_loss":0,"cards_obtained":["Doubt"]},{"damage_healed":0,"gold_gain":0,"cards_transformed":["Strike_G"],"player_choice":"Transformed","damage_taken":0,"max_hp_gain":0,"max_hp_loss":0,"event_name":"Transmorgrifier","floor":21,"gold_loss":0,"cards_obtained":["Escape Plan"]},{"damage_healed":13,"gold_gain":0,"player_choice":"Heal","damage_taken":0,"max_hp_gain":0,"max_hp_loss":0,"event_name":"The Library","floor":30,"gold_loss":0},{"damage_healed":0,"gold_gain":0,"player_choice":"Ignored","damage_taken":0,"max_hp_gain":0,"max_hp_loss":0,"event_name":"Ghosts","floor":31,"gold_loss":0},{"damage_healed":0,"gold_gain":0,"player_choice":"Ignored","damage_taken":0,"max_hp_gain":0,"max_hp_loss":0,"event_name":"Tomb of Lord Red Mask","floor":36,"gold_loss":0},{"cards_removed":["Defend_G"],"damage_healed":0,"gold_gain":0,"player_choice":"Removed Skill","damage_taken":0,"max_hp_gain":0,"max_hp_loss":0,"event_name":"Falling","floor":37,"gold_loss":0}],"is_beta":false,"boss_relics":[{"not_picked":["Ectoplasm","Pandora\u0027s Box"],"picked":"Fusion Hammer"},{"not_picked":["Ring of the Serpent","Eternal Feather"],"picked":"Philosopher\u0027s Stone"}],"items_purged_floors":[14,38,45],"is_endless":false,"potions_floor_spawned":[1,10,16,19,24,35,39],"ascension_level":20}