{"gold_per_floor":[109,125,52,68,86,115,115,141,168,186,198,212,212,223,223,322,322,322,322,322,207,132,132,132,132,132,132,132,132,132,132,132,132,132,132,132,132,132,132,132,132,132,132,132,132,132,132,132,132,132],"floor_reached":50,"playtime":6122,"items_purged":["Strike_B"],"score":734,"play_id":"4028e3b2-780d-4d11-9062-c3c165edfe54","local_time":"20190301140314","is_ascension_mode":true,"campfire_choices":[{"floor":7.0,"key":"REST"},{"floor":15.0,"key":"REST"},{"data":"Go for the Eyes","floor":23.0,"key":"SMITH"},{"floor":27.0,"key":"REST"},{"floor":30.0,"key":"REST"},{"floor":32.0,"key":"REST"},{"floor":40,"key":"REST"},{"floor":49,"key":"REST"}],"neow_cost":"NONE","seed_source_timestamp":0,"circlet_count":0,"master_deck":["Strike_B","Strike_B","Defend_B","Defend_B","Defend_B","Defend_B","Zap","Dualcast+1","Melter","Leap","Reinforced Body","Conserve Battery","Defragment","Coolheaded","Seek","Go for the Eyes+1","Streamline","Coolheaded+1","FTL","Reinforced Body+1","Coolheaded","Core Surge","Sweeping Beam+1","Go for the Eyes+1","Streamline+1","Barrage","Writhe","Streamline+1","Dramatic Entrance"],"special_seed":0,"relics":["Nuclear Battery","Bronze Scales","Odd Mushroom","War Paint","Ectoplasm","Nilry\u0027s Codex","Art of War","Mercury Hourglass","White Beast Statue","Emotion Chip","Sundial"],"potions_floor_usage":[36,39,48,50,50],"damage_taken":[{"damage":5.0,"enemies":"Cultist","floor":1.0,"turns":4.0},{"damage":2.0,"enemies":"Jaw Worm","floor":2.0,"turns":3.0},{"damage":7.0,"enemies":"Small Slimes","floor":4.0,"turns":4.0},{"damage":7.0,"enemies":"3 Louse","floor":5.0,"turns":4.0},{"damage":17.0,"enemies":"3 Sentries","floor":6.0,"turns":10.0},{"damage":9.0,"enemies":"The Mushroom Lair","floor":8.0,"turns":5.0},{"damage":1.0,"enemies":"Blue Slaver","floor":10.0,"turns":4.0},{"damage":2.0,"enemies":"2 Fungi Beasts","floor":11.0,"turns":4.0},{"damage":0.0,"enemies":"3 Louse","floor":12.0,"turns":4.0},{"damage":14.0,"enemies":"Exordium Thugs","floor":14.0,"turns":6.0},{"damage":10.0,"enemies":"Hexaghost","floor":16.0,"turns":14.0},{"damage":0.0,"enemies":"3 Byrds","floor":18.0,"turns":4.0},{"damage":0.0,"enemies":"Chosen","floor":20.0,"turns":6.0},{"damage":32.0,"enemies":"Slavers","floor":24.0,"turns":10.0},{"damage":8.0,"enemies":"Shelled Parasite and Fungi","floor":25.0,"turns":5.0},{"damage":13.0,"enemies":"Cultist and Chosen","floor":28.0,"turns":5.0},{"damage":6.0,"enemies":"Snecko","floor":29.0,"turns":5.0},{"damage":9.0,"enemies":"Shelled Parasite and Fungi","floor":31.0,"turns":6.0},{"damage":0.0,"enemies":"Collector","floor":33.0,"turns":16.0},{"damage":0,"enemies":"3 Shapes","floor":35,"turns":8},{"damage":0,"enemies":"Mind Bloom Boss Battle","floor":36,"turns":9},{"damage":0,"enemies":"Orb Walker","floor":37,"turns":4},{"damage":27,"enemies":"Jaw Worm Horde","floor":39,"turns":3},{"damage":11,"enemies":"3 Darklings","floor":41,"turns":7},{"damage":6,"enemies":"Transient","floor":42,"turns":5},{"damage":8,"enemies":"4 Shapes","floor":44,"turns":6},{"damage":14,"enemies":"Jaw Worm Horde","floor":46,"turns":4},{"damage":46,"enemies":"Transient","floor":48,"turns":5},{"damage":31,"enemies":"Awakened One","floor":50,"turns":8}],"seed_played":"6639975602322944681","potions_obtained":[{"floor":1.0,"key":"Ancient Potion"},{"floor":2.0,"key":"PowerPotion"},{"floor":6.0,"key":"Block Potion"},{"floor":29.0,"key":"Weak Potion"},{"floor":31.0,"key":"FocusPotion"},{"floor":36,"key":"Regen Potion"},{"floor":37,"key":"Dexterity Potion"},{"floor":39,"key":"FairyPotion"},{"floor":48,"key":"GamblersBrew"}],"is_trial":false,"path_per_floor":["M","M","$","M","M","E","R","?","T","M","M","M","?","M","R","B",null,"M","?","M","$","?","R","E","M","T","R","M","M","R","M","R","B",null,"M","?","M","?","M","R","M","M","T","M","?","M","?","M","R","B"],"character_chosen":"DEFECT","items_purchased":["Reinforced Body","FTL"],"campfire_rested":7,"item_purchase_floors":[3,21],"current_hp_per_floor":[63,61,61,54,47,30,52,43,43,42,40,40,40,26,48,38,66,66,50,50,50,50,50,18,10,10,32,19,13,35,26,48,48,68,68,68,68,68,41,63,52,46,46,38,57,43,43,7,29,0],"gold":132,"neow_bonus":"BOSS_RELIC","is_prod":false,"is_daily":false,"chose_seed":false,"campfire_upgraded":1,"win_rate":0,"timestamp":1551420194,"path_taken":["M","?","$","M","M","E","R","?","T","M","M","M","?","M","R","BOSS","M","?","M","$","?","R","E","M","T","R","M","M","R","M","R","BOSS","M","?","M","?","M","R","M","M","T","M","?","M","?","M","R","BOSS"],"build_version":"2019-01-23","purchased_purges":1,"victory":false,"max_hp_per_floor":[75,75,75,75,75,75,75,75,75,75,75,75,75,75,75,75,75,75,75,75,75,75,75,75,75,75,75,75,75,75,75,75,75,75,75,75,75,75,75,75,75,75,75,75,75,75,75,75,75,75],"card_choices":[{"not_picked":["Recycle","Leap"],"picked":"Melter","floor":1.0},{"not_picked":["Turbo","Conserve Battery"],"picked":"Leap","floor":2.0},{"not_picked":["Force Field","Redo"],"picked":"Conserve Battery","floor":4.0},{"not_picked":["Hologram","Barrage"],"picked":"Defragment","floor":5.0},{"not_picked":["Scrape","Consume"],"picked":"Recycle","floor":6.0},{"not_picked":["Sweeping Beam","Scrape"],"picked":"Coolheaded","floor":10.0},{"not_picked":["BootSequence","Cold Snap"],"picked":"Seek","floor":11.0},{"not_picked":["Cold Snap","Lockon"],"picked":"Go for the Eyes","floor":12.0},{"not_picked":["Double Energy","Redo","Aggregate"],"picked":"SKIP","floor":14.0},{"not_picked":["FTL","Go for the Eyes+1"],"picked":"Streamline","floor":18.0},{"not_picked":["Lockon","Steam+1"],"picked":"Coolheaded+1","floor":20.0},{"not_picked":["Steam","Rebound","Biased Cognition"],"picked":"SKIP","floor":24.0},{"not_picked":["Sunder","Barrage","Steam"],"picked":"SKIP","floor":25.0},{"not_picked":["Leap","Beam Cell+1"],"picked":"Reinforced Body+1","floor":28.0},{"not_picked":["Hologram+1","Sweeping Beam"],"picked":"Coolheaded","floor":29.0},{"not_picked":["Streamline","Recycle","Ball Lightning"],"picked":"SKIP","floor":31.0},{"not_picked":["Hyperbeam","Buffer"],"picked":"Core Surge","floor":33.0},{"not_picked":["Conserve Battery+1","Ball Lightning"],"picked":"Sweeping Beam+1","floor":35},{"not_picked":["Beam Cell+1","Stack+1"],"picked":"Go for the Eyes+1","floor":36},{"not_picked":["Turbo+1","Sweeping Beam","Go for the Eyes+1"],"picked":"SKIP","floor":37},{"not_picked":["Sweeping Beam","Go for the Eyes+1"],"picked":"Streamline+1","floor":39},{"not_picked":["Fusion+1","Turbo","Rebound"],"picked":"SKIP","floor":41},{"not_picked":["Leap","Redo","Steam"],"picked":"SKIP","floor":42},{"not_picked":["Recycle","Ball Lightning+1"],"picked":"Barrage","floor":44},{"not_picked":["Creative AI","Ball Lightning+1"],"picked":"Streamline+1","floor":46},{"not_picked":["Swift Strike","Finesse"],"picked":"Dramatic Entrance","floor":47},{"not_picked":["Self Repair","Steam","Leap"],"picked":"SKIP","floor":48}],"player_experience":647350,"relics_obtained":[{"floor":6.0,"key":"Bronze Scales"},{"floor":8.0,"key":"Odd Mushroom"},{"floor":9.0,"key":"War Paint"},{"floor":19.0,"key":"Nilry\u0027s Codex"},{"floor":24.0,"key":"Art of War"},{"floor":26.0,"key":"Mercury Hourglass"},{"floor":36,"key":"Emotion Chip"},{"floor":43,"key":"Sundial"}],"event_choices":[{"damage_healed":0.0,"max_hp_gain":0.0,"max_hp_loss":0.0,"gold_gain":0.0,"event_name":"Mushrooms","player_choice":"Fought Mushrooms","floor":8.0,"gold_loss":0.0,"damage_taken":0.0},{"damage_healed":0.0,"max_hp_gain":0.0,"max_hp_loss":0.0,"gold_gain":0.0,"event_name":"Shining Light","player_choice":"Ignored","floor":13.0,"gold_loss":0.0,"damage_taken":0.0},{"damage_healed":0.0,"max_hp_gain":0.0,"max_hp_loss":0.0,"gold_gain":0.0,"event_name":"Cursed Tome","player_choice":"Obtained Book","floor":19.0,"gold_loss":0.0,"damage_taken":16.0},{"cards_removed":["Strike_B"],"damage_healed":0.0,"max_hp_gain":0.0,"max_hp_loss":0.0,"gold_gain":0.0,"event_name":"Beggar","player_choice":"Gave Gold","floor":22.0,"gold_loss":75.0,"damage_taken":0.0},{"damage_healed":0,"gold_gain":0,"player_choice":"Fight","damage_taken":0,"max_hp_gain":0,"max_hp_loss":0,"event_name":"MindBloom","floor":36,"gold_loss":0},{"cards_removed":["Recycle"],"damage_healed":0,"gold_gain":0,"player_choice":"Removed Skill","damage_taken":0,"max_hp_gain":0,"max_hp_loss":0,"event_name":"Falling","floor":38,"gold_loss":0},{"damage_healed":19,"gold_gain":0,"player_choice":"Writhe","damage_taken":0,"max_hp_gain":0,"max_hp_loss":0,"event_name":"Winding Halls","floor":45,"gold_loss":0,"cards_obtained":["Writhe"]},{"damage_healed":0,"gold_gain":0,"player_choice":"Memory 1","damage_taken":0,"max_hp_gain":0,"max_hp_loss":0,"event_name":"SensoryStone","floor":47,"gold_loss":0}],"is_beta":false,"boss_relics":[{"not_picked":["Coffee Dripper","Pandora\u0027s Box"],"picked":"Ectoplasm"},{"not_picked":["Astrolabe","Velvet Choker"],"picked":"White Beast Statue"}],"items_purged_floors":[21],"is_endless":false,"potions_floor_spawned":[1,2,6,12,14,29,31,35,36,37,39,41,42,44,46,48],"killed_by":"Awakened One","ascension_level":8}