{"gold_per_floor":[117,135,60,80,80,108,108,127,127,127],"floor_reached":10,"playtime":448,"items_purged":["Bash"],"score":78,"play_id":"fbea43d3-7274-4e36-8354-a537eb4e0d9d","local_time":"20181127221913","is_ascension_mode":true,"campfire_choices":[],"neow_cost":"NONE","seed_source_timestamp":279117106052074,"circlet_count":0,"master_deck":["Strike_R","Strike_R","Strike_R+1","Strike_R","Strike_R","Defend_R","Defend_R","Defend_R+1","Defend_R","Uppercut","Feed","Disarm"],"relics":["Runic Cube","Girya"],"potions_floor_usage":[8],"damage_taken":[{"damage":2,"enemies":"2 Louse","floor":1,"turns":4},{"damage":1,"enemies":"Small Slimes","floor":2,"turns":5},{"damage":4,"enemies":"Cultist","floor":4,"turns":5},{"damage":50,"enemies":"3 Sentries","floor":6,"turns":8},{"damage":3,"enemies":"Looter","floor":8,"turns":4},{"damage":6,"enemies":"Exordium Thugs","floor":10,"turns":4}],"seed_played":"2826066922866384710","potions_obtained":[{"floor":1,"key":"Dexterity Potion"},{"floor":6,"key":"Swift Potion"}],"is_trial":false,"path_per_floor":["M","M","$","M","?","E","?","M","T","M"],"character_chosen":"IRONCLAD","items_purchased":[],"campfire_rested":0,"item_purchase_floors":[],"current_hp_per_floor":[78,77,77,73,57,7,7,4,4,0],"gold":127,"neow_bonus":"BOSS_RELIC","is_prod":false,"is_daily":false,"chose_seed":false,"campfire_upgraded":0,"win_rate":0,"timestamp":1543378753,"path_taken":["M","M","$","M","?","E","?","M","T","?"],"build_version":"2018-11-15","purchased_purges":1,"victory":false,"max_hp_per_floor":[80,80,80,80,80,80,80,80,80,80],"card_choices":[{"not_picked":["Dual Wield","Clash"],"picked":"Uppercut","floor":1},{"not_picked":["Twin Strike","Clothesline","Sentinel"],"picked":"SKIP","floor":2},{"not_picked":["Headbutt","Combust","Evolve"],"picked":"SKIP","floor":4},{"not_picked":["Clash","Flex","Burning Pact"],"picked":"SKIP","floor":6},{"not_picked":["Clash","Heavy Blade"],"picked":"Disarm","floor":8}],"player_experience":535872,"relics_obtained":[{"floor":6,"key":"Girya"}],"event_choices":[{"damage_healed":0,"gold_gain":0,"player_choice":"Entered Light","damage_taken":16,"max_hp_gain":0,"max_hp_loss":0,"event_name":"Shining Light","floor":5,"gold_loss":0,"cards_upgraded":["Strike_R","Defend_R"]},{"damage_healed":0,"gold_gain":0,"player_choice":"1 cards matched","damage_taken":0,"max_hp_gain":0,"max_hp_loss":0,"event_name":"Match and Keep!","floor":7,"gold_loss":0,"cards_obtained":["Feed"]}],"is_beta":false,"boss_relics":[],"items_purged_floors":[3],"is_endless":false,"potions_floor_spawned":[1,6],"killed_by":"Exordium Thugs","ascension_level":3}