{"gold_per_floor":[116,126,55,1,11,40,40,65,88,88,120,67,80,91,91,189,189,200,200,217,667,214,214,233,233,314,342,342,360,372,386,386,488,488,507,518,100,0,15,45,64,81,81,81,81,97,97,108,108,108],"floor_reached":50,"playtime":3009,"items_purged":["Decay","Strike_B"],"score":669,"play_id":"2e57e122-83f7-4799-9616-5acb4b5d817e","local_time":"20190108212006","is_ascension_mode":true,"campfire_choices":[{"data":"Zap","floor":7.0,"key":"SMITH"},{"floor":15.0,"key":"REST"},{"floor":23,"key":"REST"},{"data":"Loop","floor":25,"key":"SMITH"},{"data":"Fission","floor":28,"key":"SMITH"},{"floor":32,"key":"REST"},{"data":"Force Field","floor":44,"key":"SMITH"},{"data":"Coolheaded","floor":47,"key":"SMITH"},{"data":"Seek","floor":49,"key":"SMITH"}],"neow_cost":"NONE","seed_source_timestamp":0,"circlet_count":0,"master_deck":["Strike_B","Strike_B","Defend_B","Defend_B","Defend_B","Defend_B","Zap+1","Dualcast","Coolheaded+1","Blizzard","Loop+1","Thunder Strike","Ball Lightning","Beam Cell+1","Go for the Eyes+1","Cold Snap+1","Fission+1","Ball Lightning+1","Redo+1","Defragment","Defragment","Loop","Static Discharge","Loop+1","Go for the Eyes+1","Seek+1","Capacitor","Self Repair","Bandage Up","Parasite","Loop+1","Force Field+1","Static Discharge+1","Parasite"],"special_seed":0,"relics":["Cracked Core","Blood Vial","Vajra","Oddly Smooth Stone","Ancient Tea Set","Blue Candle","Molten Egg 2","Runic Dome","Bird Faced Urn","Ornamental Fan","Orichalcum","Eternal Feather","DataDisk","Red Mask","Smiling Mask","Gremlin Horn"],"potions_floor_usage":[20,29,33,50,50,50],"damage_taken":[{"damage":0.0,"enemies":"Cultist","floor":1.0,"turns":4.0},{"damage":5.0,"enemies":"Jaw Worm","floor":2.0,"turns":3.0},{"damage":2.0,"enemies":"2 Louse","floor":5.0,"turns":3.0},{"damage":34.0,"enemies":"Gremlin Nob","floor":6.0,"turns":5.0},{"damage":24.0,"enemies":"3 Sentries","floor":8.0,"turns":8.0},{"damage":14.0,"enemies":"Gremlin Nob","floor":11.0,"turns":3.0},{"damage":0.0,"enemies":"Lots of Slimes","floor":13.0,"turns":1.0},{"damage":4.0,"enemies":"Large Slime","floor":14.0,"turns":4.0},{"damage":10.0,"enemies":"Slime Boss","floor":16.0,"turns":9.0},{"damage":4,"enemies":"Chosen","floor":18,"turns":4},{"damage":18,"enemies":"2 Thieves","floor":20,"turns":4},{"damage":9,"enemies":"Cultist and Chosen","floor":24,"turns":4},{"damage":16,"enemies":"Book of Stabbing","floor":27,"turns":4},{"damage":19,"enemies":"3 Cultists","floor":29,"turns":4},{"damage":7,"enemies":"Centurion and Healer","floor":30,"turns":6},{"damage":0,"enemies":"Shelled Parasite and Fungi","floor":31,"turns":3},{"damage":41,"enemies":"Champ","floor":33,"turns":9},{"damage":13,"enemies":"3 Darklings","floor":35,"turns":5},{"damage":6,"enemies":"3 Shapes","floor":36,"turns":5},{"damage":12,"enemies":"Writhing Mass","floor":39,"turns":6},{"damage":26,"enemies":"Giant Head","floor":40,"turns":6},{"damage":13,"enemies":"Sphere and 2 Shapes","floor":41,"turns":7},{"damage":60,"enemies":"Jaw Worm Horde","floor":42,"turns":5},{"damage":43,"enemies":"Maw","floor":46,"turns":7},{"damage":25,"enemies":"Writhing Mass","floor":48,"turns":7},{"damage":98,"enemies":"Donu and Deca","floor":50,"turns":9}],"seed_played":"7915740288866822725","potions_obtained":[{"floor":5.0,"key":"SteroidPotion"},{"floor":8.0,"key":"Energy Potion"},{"floor":11.0,"key":"Explosive Potion"},{"floor":14.0,"key":"Energy Potion"},{"floor":16.0,"key":"Dexterity Potion"},{"floor":20,"key":"SkillPotion"},{"floor":29,"key":"Strength Potion"},{"floor":36,"key":"Ancient Potion"},{"floor":48,"key":"Block Potion"}],"is_trial":false,"path_per_floor":["M","M","$","?","M","E","R","E","T","T","E","$","M","M","R","B",null,"M","?","M","?","$","R","M","R","T","E","R","M","M","M","R","B",null,"M","M","$","?","M","E","M","M","T","R","?","M","R","M","R","B"],"character_chosen":"DEFECT","items_purchased":["Blizzard","Go for the Eyes+1","Bird Faced Urn","Defragment","Self Repair","Bandage Up","DataDisk"],"campfire_rested":3,"item_purchase_floors":[3,12,22,22,37,37,37],"current_hp_per_floor":[75,70,70,70,70,38,38,16,16,16,4,4,6,4,26,18,75,71,71,55,13,13,35,32,32,32,24,24,13,18,28,50,23,75,66,72,72,72,75,62,75,36,36,54,54,42,60,68,75,0],"gold":108,"neow_bonus":"REMOVE_CARD","is_prod":false,"is_daily":false,"chose_seed":false,"campfire_upgraded":6,"win_rate":0,"timestamp":1546953606,"path_taken":["M","M","?","?","?","E","R","E","T","?","E","$","?","?","R","BOSS","M","?","?","?","$","R","M","R","T","E","R","M","M","?","R","BOSS","M","M","$","?","M","E","M","M","T","R","?","M","R","M","R","BOSS"],"build_version":"2019-01-03v4","purchased_purges":2,"victory":false,"max_hp_per_floor":[75,75,75,75,75,75,75,75,75,75,75,75,75,75,75,75,75,75,75,75,75,75,75,75,75,75,75,75,75,75,75,75,75,75,75,75,75,75,75,75,75,75,75,75,75,75,75,75,75,75],"card_choices":[{"not_picked":["Rip and Tear","Coolheaded"],"picked":"Cold Snap","floor":1.0},{"not_picked":["Cold Snap","Redo"],"picked":"Coolheaded","floor":2.0},{"not_picked":["Compile Driver","Steam"],"picked":"Loop","floor":5.0},{"not_picked":["Seek","Hologram"],"picked":"Thunder Strike","floor":6.0},{"not_picked":["Reboot","Aggregate"],"picked":"Ball Lightning","floor":8.0},{"not_picked":["Creative AI","Aggregate"],"picked":"Beam Cell","floor":11.0},{"not_picked":["Sunder+1","Loop"],"picked":"Cold Snap+1","floor":13.0},{"not_picked":["Genetic Algorithm","Gash+1","Steam"],"picked":"SKIP","floor":14.0},{"not_picked":["Thunder Strike+1","Buffer"],"picked":"Fission","floor":16.0},{"not_picked":["Redo","Streamline+1"],"picked":"Ball Lightning+1","floor":18},{"not_picked":["Sweeping Beam+1","Darkness"],"picked":"Redo+1","floor":20},{"not_picked":["Ball Lightning+1","Hologram"],"picked":"Defragment","floor":24},{"not_picked":["Gash+1","Machine Learning"],"picked":"Loop","floor":27},{"not_picked":["Hello World","Rebound+1"],"picked":"Static Discharge","floor":29},{"not_picked":["Scrape+1","FTL+1"],"picked":"Loop+1","floor":30},{"not_picked":["Sweeping Beam+1","Beam Cell+1"],"picked":"Go for the Eyes+1","floor":31},{"not_picked":["Rainbow","All For One+1"],"picked":"Seek","floor":33},{"not_picked":["Reprogram+1","Sweeping Beam+1"],"picked":"Capacitor","floor":35},{"not_picked":["Compile Driver+1","Turbo+1","Rip and Tear+1"],"picked":"SKIP","floor":36},{"not_picked":["Doom and Gloom+1","Gash+1"],"picked":"Loop+1","floor":39},{"not_picked":["Skim+1","Hologram","Sunder+1"],"picked":"SKIP","floor":40},{"not_picked":["Chaos+1","Undo+1"],"picked":"Force Field","floor":41},{"not_picked":["Barrage+1","Double Energy","Steam+1"],"picked":"SKIP","floor":42},{"not_picked":["Capacitor+1","Ball Lightning+1"],"picked":"Static Discharge+1","floor":46},{"not_picked":["Reprogram","Undo","Chaos+1"],"picked":"SKIP","floor":48}],"player_experience":597398,"relics_obtained":[{"floor":6.0,"key":"Vajra"},{"floor":8.0,"key":"Oddly Smooth Stone"},{"floor":9.0,"key":"Ancient Tea Set"},{"floor":10.0,"key":"Blue Candle"},{"floor":11.0,"key":"Molten Egg 2"},{"floor":26,"key":"Ornamental Fan"},{"floor":27,"key":"Orichalcum"},{"floor":40,"key":"Smiling Mask"},{"floor":43,"key":"Gremlin Horn"}],"event_choices":[{"damage_healed":0.0,"max_hp_gain":0.0,"max_hp_loss":0.0,"gold_gain":0.0,"event_name":"WeMeetAgain","player_choice":"Paid Gold","floor":4.0,"gold_loss":54.0,"damage_taken":0.0,"relics_obtained":["Blood Vial"]},{"damage_healed":0,"gold_gain":0,"player_choice":"Cursed","damage_taken":0,"max_hp_gain":0,"max_hp_loss":0,"event_name":"Wheel of Change","floor":19,"gold_loss":0,"cards_obtained":["Decay"]},{"damage_healed":0,"gold_gain":450,"player_choice":"GOLD GOLD GOLD GOLD GOLD ","damage_taken":42,"max_hp_gain":0,"max_hp_loss":0,"event_name":"Knowing Skull","floor":21,"potions_obtained":[],"gold_loss":0,"cards_obtained":[]},{"damage_healed":0,"gold_gain":0,"player_choice":"Paid","damage_taken":0,"relics_obtained":["Red Mask"],"max_hp_gain":0,"max_hp_loss":0,"event_name":"Tomb of Lord Red Mask","floor":38,"gold_loss":100},{"cards_removed":["Cold Snap"],"damage_healed":0,"gold_gain":0,"player_choice":"Removed Attack","damage_taken":0,"max_hp_gain":0,"max_hp_loss":0,"event_name":"Falling","floor":45,"gold_loss":0}],"is_beta":false,"boss_relics":[{"not_picked":["Lizard Tail","White Beast Statue"],"picked":"Runic Dome"},{"not_picked":["Sozu","Snecko Eye"],"picked":"Eternal Feather"}],"items_purged_floors":[22,37],"is_endless":false,"potions_floor_spawned":[5,8,11,14,16,18,20,29,36,39,46,48],"killed_by":"Donu and Deca","ascension_level":4}