{"gold_per_floor":[116,126,140,154,154,154,195,195,195,233,233,7,51,0,0,0],"floor_reached":16,"playtime":598,"items_purged":["Strike_R"],"score":207,"play_id":"a85d3553-d290-4d8f-8b99-9944fb486eaf","local_time":"20190228235335","is_ascension_mode":true,"campfire_choices":[{"data":"Bash","floor":6,"key":"SMITH"},{"data":"True Grit","floor":8,"key":"SMITH"},{"floor":11,"key":"REST"},{"floor":15,"key":"REST"}],"neow_cost":"NONE","seed_source_timestamp":582705248673768,"circlet_count":0,"master_deck":["AscendersBane","Strike_R","Strike_R","Strike_R","Strike_R","Defend_R","Defend_R","Defend_R","Defend_R","Bash+1","Warcry","Cleave","Battle Trance","Headbutt","True Grit+1","Armaments+1","Evolve","Warcry+1","Shrug It Off+1"],"relics":["Burning Blood","Golden Idol","Bag of Marbles","Toxic Egg 2","Calipers","Membership Card","Bottled Flame"],"potions_floor_usage":[2,4,10],"damage_taken":[{"damage":14,"enemies":"Jaw Worm","floor":1,"turns":5},{"damage":7,"enemies":"2 Louse","floor":2,"turns":2},{"damage":1,"enemies":"Cultist","floor":3,"turns":3},{"damage":27,"enemies":"Exordium Wildlife","floor":4,"turns":4},{"damage":32,"enemies":"Gremlin Nob","floor":7,"turns":4},{"damage":26,"enemies":"Lagavulin","floor":10,"turns":6},{"damage":31,"enemies":"Gremlin Nob","floor":13,"turns":4},{"damage":39,"enemies":"Hexaghost","floor":16,"turns":9}],"seed_played":"6949091665776578300","potions_obtained":[{"floor":1,"key":"SteroidPotion"},{"floor":3,"key":"Regen Potion"},{"floor":7,"key":"SkillPotion"}],"is_trial":false,"path_per_floor":["M","M","M","M","?","R","E","R","T","E","R","$","E","$","R","B"],"character_chosen":"IRONCLAD","items_purchased":["Membership Card","Evolve","Shrug It Off+1"],"campfire_rested":2,"item_purchase_floors":[12,12,14],"current_hp_per_floor":[67,66,71,62,62,62,36,36,36,16,38,38,13,13,35,0],"gold":0,"neow_bonus":"TEN_PERCENT_HP_BONUS","is_prod":false,"is_daily":false,"chose_seed":false,"campfire_upgraded":2,"win_rate":0,"timestamp":1551365615,"path_taken":["M","M","M","M","?","R","E","R","T","E","R","$","E","$","R","BOSS"],"build_version":"2019-01-23","purchased_purges":1,"victory":false,"max_hp_per_floor":[82,82,82,82,74,74,74,74,74,74,74,74,74,74,74,74],"card_choices":[{"not_picked":["Clothesline","Havoc"],"picked":"Warcry","floor":1},{"not_picked":["Hemokinesis","Flex"],"picked":"Cleave","floor":2},{"not_picked":["Disarm","Anger"],"picked":"Battle Trance","floor":3},{"not_picked":["Searing Blow","Dual Wield"],"picked":"Headbutt","floor":4},{"not_picked":["Shrug It Off","Iron Wave"],"picked":"True Grit","floor":7},{"not_picked":["Reckless Charge","Sword Boomerang"],"picked":"Armaments+1","floor":10},{"not_picked":["Bloodletting+1","Havoc+1"],"picked":"Warcry+1","floor":13}],"player_experience":137807,"relics_obtained":[{"floor":7,"key":"Bag of Marbles"},{"floor":9,"key":"Toxic Egg 2"},{"floor":10,"key":"Calipers"},{"floor":13,"key":"Bottled Flame"}],"event_choices":[{"damage_healed":0,"gold_gain":0,"player_choice":"Lose Max HP","damage_taken":0,"relics_obtained":["Golden Idol"],"max_hp_gain":0,"max_hp_loss":8,"event_name":"Golden Idol","floor":5,"gold_loss":0}],"is_beta":false,"boss_relics":[],"items_purged_floors":[14],"is_endless":false,"potions_floor_spawned":[1,3,7],"killed_by":"Hexaghost","ascension_level":15}