{"path_per_floor":["M","?","M","M","?","R","E","?","T","E","R","M","R","E","R","B",null,"M","M","M","?","?","R","?","?","T","M","M","M"],"character_chosen":"IRONCLAD","items_purchased":[],"gold_per_floor":[116,116,134,149,114,114,143,218,218,252,252,270,270,297,297,400,400,417,427,447,362,362,362,312,312,336,350,368,382],"floor_reached":30,"campfire_rested":2,"playtime":3404,"current_hp_per_floor":[80,64,70,66,80,80,73,62,62,55,82,72,72,66,66,20,90,85,89,47,47,31,58,58,58,58,35,24,20],"items_purged":[],"gold":382,"play_id":"9bfdb856-b974-451c-adbc-9ae2389ce081","is_prod":false,"is_daily":false,"is_ascension_mode":false,"campfire_upgraded":3,"path_taken":["M","?","?","M","?","R","E","?","T","E","R","M","R","E","R","BOSS","M","M","?","?","?","R","?","?","T","M","M","M","?"],"build_version":"2018-02-01-PROD3","purchased_purges":0,"victory":false,"master_deck":["Strike_R+1","Strike_R","Strike_R","Strike_R","Strike_R","Defend_R+1","Defend_R+1","Defend_R","Defend_R","Bash","Hemokinesis+1","Hemokinesis+1","Flex+1","Pommel Strike","Clothesline","Power Through+1","Uppercut","Limit Break","Rupture","Anger+1","Heavy Blade","Perfected Strike+1","Dropkick","Whirlwind+1"],"max_hp_per_floor":[80,80,80,80,80,80,80,80,80,90,90,90,90,90,90,90,90,90,90,90,90,90,90,90,90,90,90,90,90],"relics":["Burning Blood","Frozen Eye","Bag of Marbles","Pear","Bronze Scales","White Beast Statue","War Paint","Nilry\u0027s Codex","Ancient Tea Set"],"card_choices":[{"not_picked":["Dual Wield","Iron Wave"],"picked":"Hemokinesis"},{"not_picked":["Heavy Blade","Cleave"],"picked":"Hemokinesis"},{"not_picked":["Sword Boomerang","True Grit"],"picked":"Flex"},{"not_picked":["Flame Barrier","Intimidate"],"picked":"Pommel Strike"},{"not_picked":["Sever Soul","Anger"],"picked":"Clothesline"},{"not_picked":["Warcry","Infernal Blade"],"picked":"Power Through"},{"not_picked":["Iron Wave","Searing Blow"],"picked":"Uppercut"},{"not_picked":["Feed","Berserk"],"picked":"Limit Break"},{"not_picked":["Rampage","Headbutt"],"picked":"Rupture"},{"not_picked":["Clothesline","Warcry"],"picked":"Anger"},{"not_picked":["Clothesline","Fire Breathing"],"picked":"Heavy Blade"},{"not_picked":["Clothesline","Rupture"],"picked":"Perfected Strike"},{"not_picked":["Thunderclap","Brutality"],"picked":"Dropkick"},{"not_picked":["Infernal Blade","Pommel Strike"],"picked":"Whirlwind"}],"player_experience":6503,"potions_floor_usage":[10,14,16,20,27,29,29,30],"damage_taken":[{"damage":5,"enemies":"Jaw Worm","floor":1,"turns":5},{"damage":0,"enemies":"Small Slimes","floor":3,"turns":3},{"damage":10,"enemies":"2 Louse","floor":4,"turns":2},{"damage":13,"enemies":"Gremlin Nob","floor":7,"turns":3},{"damage":23,"enemies":"Lagavulin","floor":10,"turns":5},{"damage":16,"enemies":"Red Slaver","floor":12,"turns":2},{"damage":12,"enemies":"3 Sentries","floor":14,"turns":5},{"damage":52,"enemies":"Slime Boss","floor":16,"turns":12},{"damage":11,"enemies":"Shell Parasite","floor":18,"turns":7},{"damage":2,"enemies":"Chosen","floor":19,"turns":6},{"damage":48,"enemies":"Centurion and Healer","floor":20,"turns":7},{"damage":29,"enemies":"Slaver and Parasite","floor":27,"turns":5},{"damage":17,"enemies":"Snake Plant","floor":28,"turns":3},{"damage":10,"enemies":"Sentry and Sphere","floor":29,"turns":6},{"damage":20,"enemies":"Slaver and Parasite","floor":30,"turns":3}],"event_choices":[{"event_name":"Shining Light","player_choice":"Entered Light","floor":2,"damage_taken":0},{"event_name":"The Cleric","player_choice":"Healed","floor":5,"damage_taken":0},{"event_name":"World of Goop","player_choice":"Gather Gold","floor":8,"damage_taken":0},{"event_name":"Addict","player_choice":"Obtained Relic","floor":21,"damage_taken":0},{"event_name":"Cursed Tome","player_choice":"Obtained Book","floor":22,"damage_taken":0},{"event_name":"The Joust","player_choice":"Bet on Murderer","floor":24,"damage_taken":0},{"event_name":"Vampires","player_choice":"Ignored","floor":25,"damage_taken":0}],"boss_relics":[{"not_picked":["Eternal Feather","Lizard Tail"],"picked":"White Beast Statue"}],"potions_floor_spawned":[1,3,12,18,19,20,27,28,29],"seed_played":"-5574236765770222747","killed_by":"Slaver and Parasite","ascension_level":0,"is_trial":false}