{"gold_per_floor":[116,116,81,97,53,85,85,120,120,120,151,151,165,176,176,255,255,225,6,16,26,26,26,57,57,108,108],"floor_reached":27,"playtime":1412,"items_purged":["Defend_B"],"score":534,"play_id":"4d39cf34-8cf9-4218-acc7-bde5b7b4fb2d","local_time":"20181229150204","is_ascension_mode":true,"campfire_choices":[{"data":"Loop","floor":10.0,"key":"SMITH"},{"data":"Genetic Algorithm","floor":15.0,"key":"SMITH"},{"data":"Fission","floor":23.0,"key":"SMITH"},{"floor":25,"key":"REST"}],"neow_cost":"NONE","seed_source_timestamp":18443687574282,"circlet_count":0,"master_deck":["AscendersBane","Strike_B+1","Strike_B+1","Strike_B+1","Defend_B+1","Defend_B+1","Defend_B+1","Zap","Dualcast","Glacier","Cold Snap","Loop+1","Cold Snap","Genetic Algorithm+1","Conserve Battery","Fission+1","Sunder+1","Panache+1","Chill","Blizzard+1","Pain"],"special_seed":0,"relics":["Cracked Core","NeowsBlessing","Blood Vial","The Courier","Shuriken","Sundial","Frozen Egg 2","Cursed Key","Bottled Flame","Orichalcum"],"potions_floor_usage":[24],"damage_taken":[{"damage":0.0,"enemies":"Jaw Worm","floor":1.0,"turns":1.0},{"damage":0.0,"enemies":"Small Slimes","floor":4.0,"turns":1.0},{"damage":0.0,"enemies":"Lagavulin","floor":6.0,"turns":2.0},{"damage":16.0,"enemies":"Gremlin Nob","floor":8.0,"turns":4.0},{"damage":9.0,"enemies":"Lagavulin","floor":11.0,"turns":9.0},{"damage":0.0,"enemies":"Cultist","floor":13.0,"turns":4.0},{"damage":2.0,"enemies":"Large Slime","floor":14.0,"turns":9.0},{"damage":42.0,"enemies":"The Guardian","floor":16.0,"turns":17.0},{"damage":20.0,"enemies":"2 Thieves","floor":18.0,"turns":4.0},{"damage":13.0,"enemies":"Chosen","floor":20.0,"turns":5.0},{"damage":11.0,"enemies":"Sentry and Sphere","floor":21.0,"turns":8.0},{"damage":15,"enemies":"Slavers","floor":24,"turns":7},{"damage":49,"enemies":"Book of Stabbing","floor":27,"turns":5}],"seed_played":"4873470096195455864","potions_obtained":[{"floor":6.0,"key":"Strength Potion"},{"floor":13.0,"key":"Strength Potion"},{"floor":16.0,"key":"PowerPotion"},{"floor":20.0,"key":"Regen Potion"}],"is_trial":false,"path_per_floor":["M","?","?","M","$","E","T","T","R","E","?","M","R","B",null,"M","$","M","M","?","R","R","T","E"],"character_chosen":"DEFECT","items_purchased":["Loop","Panache+1"],"campfire_rested":1,"item_purchase_floors":[5,19],"current_hp_per_floor":[64,57,71,71,71,71,71,55,55,55,48,53,55,55,55,15,61,43,43,32,38,38,38,25,47,47,0],"gold":108,"neow_bonus":"THREE_ENEMY_KILL","is_prod":false,"is_daily":false,"chose_seed":false,"campfire_upgraded":3,"win_rate":0,"timestamp":1546092124,"path_taken":["M","?","?","M","?","E","?","E","T","R","E","?","?","M","R","BOSS","M","$","M","M","?","R","E","R","T","E"],"build_version":"2018-12-25","purchased_purges":1,"victory":false,"max_hp_per_floor":[71,71,71,71,71,71,71,71,71,71,71,76,76,76,76,76,76,76,76,76,76,76,76,76,76,76,76],"card_choices":[{"not_picked":["Rebound","Ball Lightning"],"picked":"Glacier","floor":1.0},{"not_picked":["Double Energy","Rip and Tear"],"picked":"Cold Snap","floor":4.0},{"not_picked":["Turbo","Rip and Tear"],"picked":"Cold Snap","floor":6.0},{"not_picked":["Aggregate","Rip and Tear","Compile Driver"],"picked":"SKIP","floor":8.0},{"not_picked":["Go for the Eyes","Rebound"],"picked":"Genetic Algorithm","floor":11.0},{"not_picked":["Sunder","Force Field","Consume"],"picked":"SKIP","floor":13.0},{"not_picked":["Reprogram","Gash"],"picked":"Conserve Battery","floor":14.0},{"not_picked":["Thunder Strike","Seek"],"picked":"Fission","floor":16.0},{"not_picked":["Barrage","Steam"],"picked":"Sunder+1","floor":18.0},{"not_picked":["Darkness","Sweeping Beam","Turbo"],"picked":"SKIP","floor":20.0},{"not_picked":["Rebound+1","Conserve Battery"],"picked":"Chill","floor":21.0},{"not_picked":["Melter","Coolheaded"],"picked":"Blizzard+1","floor":24}],"player_experience":877063,"relics_obtained":[{"floor":6.0,"key":"Blood Vial"},{"floor":7.0,"key":"The Courier"},{"floor":8.0,"key":"Shuriken"},{"floor":9.0,"key":"Sundial"},{"floor":11.0,"key":"Frozen Egg 2"},{"floor":24,"key":"Bottled Flame"},{"floor":26,"key":"Orichalcum"}],"event_choices":[{"cards_removed":["Strike_B"],"damage_healed":0.0,"max_hp_gain":0.0,"max_hp_loss":0.0,"gold_gain":0.0,"event_name":"Golden Wing","player_choice":"Card Removal","floor":2.0,"gold_loss":0.0,"damage_taken":7.0},{"damage_healed":17.0,"max_hp_gain":0.0,"max_hp_loss":0.0,"gold_gain":0.0,"event_name":"The Cleric","player_choice":"Healed","floor":3.0,"gold_loss":35.0,"damage_taken":0.0},{"damage_healed":0.0,"max_hp_gain":5.0,"max_hp_loss":0.0,"gold_gain":0.0,"event_name":"Big Fish","player_choice":"Donut","floor":12.0,"gold_loss":0.0,"damage_taken":0.0},{"damage_healed":0.0,"max_hp_gain":0.0,"max_hp_loss":0.0,"gold_gain":0.0,"event_name":"Back to Basics","player_choice":"Simplicity","floor":22.0,"gold_loss":0.0,"damage_taken":0.0,"cards_upgraded":["Strike_B","Strike_B","Strike_B","Defend_B","Defend_B","Defend_B"]}],"is_beta":true,"boss_relics":[{"not_picked":["Busted Crown","Coffee Dripper"],"picked":"Cursed Key"}],"items_purged_floors":[19],"is_endless":false,"potions_floor_spawned":[6,13,16,20],"killed_by":"Book of Stabbing","ascension_level":19}