{"gold_per_floor":[118,43,43,43,63,97,114,114,114,439,514,583,583,12,12,12],"floor_reached":16,"playtime":396,"items_purged":[],"score":255,"play_id":"0e68dd8d-c963-4daf-a3bc-86adae1c56b9","local_time":"20181226155412","is_ascension_mode":true,"campfire_choices":[{"data":"Neutralize","floor":8.0,"key":"SMITH"},{"data":"Dagger Spray","floor":15.0,"key":"SMITH"}],"neow_cost":"NONE","seed_source_timestamp":0,"circlet_count":0,"master_deck":["AscendersBane","Defend_G","Defend_G","Defend_G","Defend_G","Defend_G","Strike_G","Strike_G","Strike_G","Strike_G","Survivor","Neutralize+1","Dagger Spray+1","Dagger Throw","Dash","Endless Agony"],"special_seed":0,"relics":["Ring of the Snake","NeowsBlessing","Kunai","PreservedInsect","Old Coin","The Courier","Golden Idol","Ancient Tea Set","Matryoshka","Anchor","Regal Pillow"],"potions_floor_usage":[16,16],"damage_taken":[{"damage":0.0,"enemies":"Jaw Worm","floor":1.0,"turns":1.0},{"damage":0.0,"enemies":"Small Slimes","floor":5.0,"turns":1.0},{"damage":0.0,"enemies":"Lagavulin","floor":6.0,"turns":1.0},{"damage":0.0,"enemies":"2 Louse","floor":7.0,"turns":2.0},{"damage":5.0,"enemies":"3 Sentries","floor":10.0,"turns":6.0},{"damage":59,"enemies":"Hexaghost","floor":16,"turns":14}],"seed_played":"62550972795124461","potions_obtained":[{"floor":5.0,"key":"LiquidBronze"},{"floor":10.0,"key":"GamblersBrew"}],"is_trial":false,"path_per_floor":["M","$","?","M","E","M","R","T","?","T","?","R"],"character_chosen":"THE_SILENT","items_purchased":["Ancient Tea Set","Matryoshka","Anchor","Regal Pillow"],"campfire_rested":0,"item_purchase_floors":[14,14,14,14],"current_hp_per_floor":[59,59,59,64,64,64,64,64,64,59,48,48,48,48,48,0],"gold":12,"neow_bonus":"THREE_ENEMY_KILL","is_prod":false,"is_daily":false,"chose_seed":false,"campfire_upgraded":2,"win_rate":0,"timestamp":1545836052,"path_taken":["M","?","$","?","M","E","M","R","T","E","?","?","?","$","R","BOSS"],"build_version":"2018-12-25","purchased_purges":0,"victory":false,"max_hp_per_floor":[66,66,66,71,71,71,71,71,71,71,71,71,64,64,64,64],"card_choices":[{"not_picked":["Deflect","Acrobatics"],"picked":"Dagger Spray","floor":1.0},{"not_picked":["Calculated Gamble","Terror"],"picked":"Dagger Throw","floor":5.0},{"not_picked":["Caltrops","Poisoned Stab"],"picked":"Dash","floor":6.0},{"not_picked":["Slice","Flying Knee","Prepared"],"picked":"SKIP","floor":7.0},{"not_picked":["Dodge and Roll","Grand Finale"],"picked":"Endless Agony","floor":10.0}],"player_experience":872391,"relics_obtained":[{"floor":6.0,"key":"Kunai"},{"floor":9.0,"key":"PreservedInsect"},{"floor":10.0,"key":"Old Coin"},{"floor":12.0,"key":"The Courier"}],"event_choices":[{"cards_removed":["Strike_G"],"damage_healed":0.0,"max_hp_gain":0.0,"max_hp_loss":0.0,"gold_gain":0.0,"event_name":"The Cleric","player_choice":"Card Removal","floor":2.0,"gold_loss":75.0,"damage_taken":0.0},{"damage_healed":0.0,"max_hp_gain":5.0,"max_hp_loss":0.0,"gold_gain":0.0,"event_name":"Big Fish","player_choice":"Donut","floor":4.0,"gold_loss":0.0,"damage_taken":0.0},{"damage_healed":0.0,"max_hp_gain":0.0,"max_hp_loss":0.0,"gold_gain":75.0,"event_name":"World of Goop","player_choice":"Gather Gold","floor":11.0,"gold_loss":0.0,"damage_taken":11.0},{"damage_healed":0.0,"max_hp_gain":0.0,"max_hp_loss":7.0,"gold_gain":0.0,"event_name":"Golden Idol","player_choice":"Lose Max HP","floor":13.0,"gold_loss":0.0,"damage_taken":0.0,"relics_obtained":["Golden Idol"]}],"is_beta":true,"boss_relics":[],"items_purged_floors":[],"is_endless":false,"potions_floor_spawned":[5,10],"killed_by":"Hexaghost","ascension_level":19}