{"gold_per_floor":[119,119,68,68,85,114,132,132,159,184,184,215,215,242,242,345,345,345,293,293,40,40,40,40,40,40,40,40,16,16,16,16,16],"floor_reached":33,"playtime":2058,"items_purged":[],"score":546,"play_id":"3c3099ad-e89f-4092-9c80-ac5af8e4347c","local_time":"20190225153233","is_ascension_mode":true,"campfire_choices":[{"data":"Bash","floor":8.0,"key":"SMITH"},{"data":"Feel No Pain","floor":11.0,"key":"SMITH"},{"data":"Armaments","floor":13.0,"key":"SMITH"},{"data":"Pommel Strike","floor":15.0,"key":"SMITH"},{"data":"Corruption","floor":27.0,"key":"SMITH"},{"data":"True Grit","floor":32.0,"key":"SMITH"}],"neow_cost":"NONE","seed_source_timestamp":913875542041136,"circlet_count":0,"master_deck":["Strike_R","Strike_R","Strike_R","Strike_R","Strike_R","Defend_R","Defend_R","Defend_R","Defend_R","Bash+1","Armaments+1","Wild Strike","Pummel","Anger","Feel No Pain+1","Pommel Strike+1","Shrug It Off","Reaper","Cleave+1","True Grit+1","Corruption+1","Disarm","Bandage Up","Havoc","Spot Weakness+1","Whirlwind+1","Ghostly","Ghostly","Ghostly","Ghostly","Ghostly","Shrug It Off"],"special_seed":0,"relics":["Burning Blood","NeowsBlessing","FaceOfCleric","Bag of Marbles","PreservedInsect","Boot","Mercury Hourglass","Smiling Mask","Ectoplasm","Bag of Preparation","Pantograph","Strawberry","Mummified Hand"],"potions_floor_usage":[],"damage_taken":[{"damage":0.0,"enemies":"2 Louse","floor":1.0,"turns":1.0},{"damage":0.0,"enemies":"Jaw Worm","floor":5.0,"turns":1.0},{"damage":0.0,"enemies":"3 Sentries","floor":6.0,"turns":1.0},{"damage":0.0,"enemies":"Cultist","floor":7.0,"turns":2.0},{"damage":10.0,"enemies":"Gremlin Nob","floor":10.0,"turns":3.0},{"damage":20.0,"enemies":"Lagavulin","floor":12.0,"turns":5.0},{"damage":0.0,"enemies":"Gremlin Nob","floor":14.0,"turns":2.0},{"damage":26.0,"enemies":"Slime Boss","floor":16.0,"turns":8.0},{"damage":11.0,"enemies":"Spheric Guardian","floor":18.0,"turns":4.0},{"damage":2.0,"enemies":"Shell Parasite","floor":22.0,"turns":5.0},{"damage":24.0,"enemies":"Slavers","floor":23.0,"turns":5.0},{"damage":16.0,"enemies":"Centurion and Healer","floor":24.0,"turns":7.0},{"damage":15.0,"enemies":"Book of Stabbing","floor":25.0,"turns":4.0},{"damage":6.0,"enemies":"Chosen and Byrds","floor":30.0,"turns":7.0},{"damage":57,"enemies":"Collector","floor":33,"turns":7}],"seed_played":"363338978008462290","potions_obtained":[{"floor":5.0,"key":"PowerPotion"},{"floor":7.0,"key":"GamblersBrew"},{"floor":14.0,"key":"SkillPotion"},{"floor":16.0,"key":"SteroidPotion"},{"floor":24.0,"key":"Dexterity Potion"},{"floor":25.0,"key":"Fire Potion"}],"is_trial":false,"path_per_floor":["M","?","$","?","M","E","M","R","T","E","R","E","R","E","R","B",null,"M","$","T","$","M","E","M","E","T","R","?","$","M","?","R","B"],"character_chosen":"IRONCLAD","items_purchased":["Fire Potion","True Grit","Corruption","Disarm","Bandage Up","Shrug It Off"],"campfire_rested":0,"item_purchase_floors":[3,19,21,21,21,29],"current_hp_per_floor":[78,78,78,78,81,82,83,83,83,80,80,67,67,74,74,55,79,80,80,80,80,89,77,85,99,99,99,49,49,50,50,50,0],"gold":16,"neow_bonus":"THREE_ENEMY_KILL","is_prod":false,"is_daily":false,"chose_seed":false,"campfire_upgraded":6,"win_rate":0,"timestamp":1551137553,"path_taken":["M","?","?","?","M","E","M","R","T","E","R","E","R","E","R","BOSS","M","$","?","$","?","E","M","E","T","R","?","$","M","?","R","BOSS"],"build_version":"2019-01-23","purchased_purges":0,"victory":false,"max_hp_per_floor":[80,80,80,80,81,82,83,83,83,84,84,85,85,86,86,87,87,88,88,88,88,89,90,91,99,99,99,49,49,50,50,50,50],"card_choices":[{"not_picked":["Headbutt","Clash"],"picked":"Armaments","floor":1.0},{"not_picked":["Shockwave","Second Wind"],"picked":"Wild Strike","floor":5.0},{"not_picked":["Dropkick","Seeing Red"],"picked":"Pummel","floor":6.0},{"not_picked":["Clash","Spot Weakness"],"picked":"Anger","floor":7.0},{"not_picked":["Second Wind","Battle Trance"],"picked":"Feel No Pain","floor":10.0},{"not_picked":["Dual Wield","Corruption"],"picked":"Pommel Strike","floor":12.0},{"not_picked":["Exhume","Anger"],"picked":"Shrug It Off","floor":14.0},{"not_picked":["Double Tap","Barricade"],"picked":"Reaper","floor":16.0},{"not_picked":["Infernal Blade","Sentinel+1"],"picked":"Cleave+1","floor":18.0},{"not_picked":["Carnage","Cleave+1"],"picked":"Havoc","floor":22.0},{"not_picked":["Dual Wield","Brutality"],"picked":"Spot Weakness+1","floor":23.0},{"not_picked":["Fire Breathing","Havoc","Entrench"],"picked":"SKIP","floor":24.0},{"not_picked":["Blood for Blood","Dropkick+1"],"picked":"Whirlwind+1","floor":25.0},{"not_picked":["Sever Soul+1","Corruption","Anger"],"picked":"SKIP","floor":30.0}],"player_experience":483721,"relics_obtained":[{"floor":6.0,"key":"Bag of Marbles"},{"floor":9.0,"key":"PreservedInsect"},{"floor":10.0,"key":"Boot"},{"floor":12.0,"key":"Mercury Hourglass"},{"floor":14.0,"key":"Smiling Mask"},{"floor":20.0,"key":"Bag of Preparation"},{"floor":23.0,"key":"Pantograph"},{"floor":25.0,"key":"Strawberry"},{"floor":26.0,"key":"Mummified Hand"}],"event_choices":[{"damage_healed":0.0,"max_hp_gain":0.0,"max_hp_loss":0.0,"gold_gain":0.0,"event_name":"The Cleric","player_choice":"Leave","floor":2.0,"gold_loss":0.0,"damage_taken":0.0},{"damage_healed":0.0,"max_hp_gain":0.0,"max_hp_loss":0.0,"gold_gain":0.0,"event_name":"FaceTrader","player_choice":"Trade","floor":4.0,"gold_loss":0.0,"damage_taken":0.0,"relics_obtained":["FaceOfCleric"]},{"damage_healed":0.0,"max_hp_gain":0.0,"max_hp_loss":50.0,"gold_gain":0.0,"event_name":"Ghosts","player_choice":"Became a Ghost","floor":28.0,"gold_loss":0.0,"damage_taken":0.0,"cards_obtained":["Ghostly","Ghostly","Ghostly","Ghostly","Ghostly"]},{"damage_healed":0.0,"max_hp_gain":0.0,"max_hp_loss":0.0,"gold_gain":0.0,"event_name":"Beggar","player_choice":"Ignored","floor":31.0,"gold_loss":0.0,"damage_taken":0.0}],"is_beta":false,"boss_relics":[{"not_picked":["Fusion Hammer","Tiny House"],"picked":"Ectoplasm"}],"items_purged_floors":[],"is_endless":false,"potions_floor_spawned":[5,7,14,16,24,25],"killed_by":"Collector","ascension_level":9}