{"gold_per_floor":[117,117,42,53,53,53,72,90,90,90,103,122,122,222,222,222],"floor_reached":16,"playtime":4506,"items_purged":["Strike_R"],"score":142,"play_id":"a4cb71ea-4861-454d-b444-536567fbf9ef","local_time":"20190226010328","is_ascension_mode":false,"campfire_choices":[{"data":"Offering","floor":6,"key":"SMITH"},{"data":"Body Slam","floor":10,"key":"SMITH"},{"data":"Bash","floor":13,"key":"SMITH"},{"data":"Ghostly Armor","floor":15,"key":"SMITH"}],"neow_cost":"NONE","seed_source_timestamp":0,"circlet_count":0,"master_deck":["Strike_R","Strike_R","Strike_R","Strike_R","Defend_R","Defend_R","Defend_R","Defend_R","Bash+1","Offering+1","Body Slam+1","Ghostly Armor+1"],"special_seed":0,"relics":["Burning Blood","Ice Cream"],"potions_floor_usage":[16,16,16],"damage_taken":[{"damage":6,"enemies":"Jaw Worm","floor":1,"turns":4},{"damage":6,"enemies":"Cultist","floor":4,"turns":2},{"damage":1,"enemies":"2 Louse","floor":7,"turns":3},{"damage":10,"enemies":"Blue Slaver","floor":8,"turns":5},{"damage":6,"enemies":"2 Fungi Beasts","floor":11,"turns":3},{"damage":11,"enemies":"Large Slime","floor":12,"turns":11},{"damage":72,"enemies":"Slime Boss","floor":16,"turns":12}],"seed_played":"1676248723259855637","potions_obtained":[{"floor":2,"key":"Block Potion"},{"floor":2,"key":"SneckoOil"},{"floor":2,"key":"Weak Potion"},{"floor":11,"key":"Explosive Potion"}],"is_trial":false,"path_per_floor":["M","?","$","M","$","R","M","M","T","R","M","M","R","?","R","B"],"character_chosen":"IRONCLAD","items_purchased":[],"campfire_rested":0,"item_purchase_floors":[],"current_hp_per_floor":[80,80,80,80,80,80,80,76,76,76,76,71,71,71,71,0],"gold":222,"neow_bonus":"ONE_RANDOM_RARE_CARD","is_prod":false,"is_daily":false,"chose_seed":false,"campfire_upgraded":4,"win_rate":0,"timestamp":1551161008,"path_taken":["M","?","$","M","?","R","M","?","T","R","M","M","R","?","R","BOSS"],"build_version":"2019-01-23","purchased_purges":1,"victory":false,"max_hp_per_floor":[80,80,80,80,80,80,80,80,80,80,80,80,80,80,80,80],"card_choices":[{"not_picked":["Armaments","Twin Strike","Heavy Blade"],"picked":"SKIP","floor":1},{"not_picked":["Combust","Anger","Uppercut"],"picked":"SKIP","floor":4},{"not_picked":["Pommel Strike","Warcry"],"picked":"Body Slam","floor":7},{"not_picked":["Cleave","Fiend Fire"],"picked":"Ghostly Armor","floor":8},{"not_picked":["Entrench","Warcry","Intimidate"],"picked":"SKIP","floor":11},{"not_picked":["Twin Strike","Entrench","Rupture"],"picked":"SKIP","floor":12}],"player_experience":465064,"relics_obtained":[{"floor":9,"key":"Ice Cream"}],"event_choices":[{"damage_healed":0,"gold_gain":0,"player_choice":"Got Potions","damage_taken":0,"max_hp_gain":0,"max_hp_loss":0,"event_name":"Lab","floor":2,"gold_loss":0},{"damage_healed":0,"gold_gain":100,"player_choice":"Pray","damage_taken":0,"max_hp_gain":0,"max_hp_loss":0,"event_name":"Golden Shrine","floor":14,"gold_loss":0}],"is_beta":false,"boss_relics":[],"items_purged_floors":[3],"is_endless":false,"potions_floor_spawned":[7,11],"killed_by":"Slime Boss","ascension_level":0}