{"gold_per_floor":[112,125,139,139,151,151,177,177,204,217,243,17,17,45,45,149,149,104,104,36,36,36,36,36,36,36,36,36,36,36],"floor_reached":30,"playtime":1630,"items_purged":[],"score":389,"play_id":"a883a844-1690-4a29-a2ad-43cdad2aacc5","local_time":"20190225191948","is_ascension_mode":true,"campfire_choices":[{"data":"Bash","floor":6.0,"key":"SMITH"},{"data":"Hemokinesis","floor":8.0,"key":"SMITH"},{"data":"Uppercut","floor":15.0,"key":"SMITH"},{"floor":23,"key":"REST"},{"data":"Armaments","floor":27,"key":"SMITH"}],"neow_cost":"NONE","seed_source_timestamp":928008366475101,"circlet_count":0,"master_deck":["Strike_R","Strike_R","Strike_R","Strike_R","Defend_R","Defend_R","Defend_R","Defend_R","Bash+1","Twin Strike","Iron Wave","Disarm","Hemokinesis+1","Carnage","Blood for Blood","Uppercut+1","Rupture","Impervious","Armaments+1","Metallicize","Combust","Cleave","Pommel Strike"],"special_seed":0,"relics":["Burning Blood","Smiling Mask","Vajra","Lantern","Mummified Hand","Red Skull","Ectoplasm","MawBank","Oddly Smooth Stone","Nilry\u0027s Codex"],"potions_floor_usage":[22,25],"damage_taken":[{"damage":5.0,"enemies":"Cultist","floor":1.0,"turns":4.0},{"damage":0.0,"enemies":"2 Louse","floor":2.0,"turns":2.0},{"damage":0.0,"enemies":"Small Slimes","floor":3.0,"turns":4.0},{"damage":10.0,"enemies":"3 Louse","floor":5.0,"turns":4.0},{"damage":40.0,"enemies":"3 Sentries","floor":7.0,"turns":11.0},{"damage":12.0,"enemies":"Looter","floor":10.0,"turns":3.0},{"damage":15.0,"enemies":"Gremlin Nob","floor":11.0,"turns":4.0},{"damage":5.0,"enemies":"3 Sentries","floor":14.0,"turns":5.0},{"damage":25.0,"enemies":"The Guardian","floor":16.0,"turns":9.0},{"damage":18.0,"enemies":"2 Thieves","floor":18.0,"turns":3.0},{"damage":14,"enemies":"3 Byrds","floor":21,"turns":7},{"damage":19,"enemies":"Centurion and Healer","floor":22,"turns":5},{"damage":20,"enemies":"Gremlin Leader","floor":24,"turns":6},{"damage":15,"enemies":"Snake Plant","floor":25,"turns":3},{"damage":8,"enemies":"Colosseum Slavers","floor":28,"turns":3},{"damage":6,"enemies":"Chosen and Byrds","floor":30,"turns":1}],"seed_played":"-7911022355104514476","potions_obtained":[{"floor":3.0,"key":"GamblersBrew"},{"floor":5.0,"key":"Fire Potion"},{"floor":10.0,"key":"GamblersBrew"},{"floor":11.0,"key":"Swift Potion"},{"floor":16.0,"key":"Explosive Potion"},{"floor":21,"key":"PowerPotion"},{"floor":22,"key":"FearPotion"}],"is_trial":false,"path_per_floor":["M","M","M","?","M","R","E","R","T","M","E","$","T","E","R","B",null,"M","?","$","M","M","R","E","M","T","R","?","?","M"],"character_chosen":"IRONCLAD","items_purchased":["Uppercut","Rupture","EssenceOfSteel","Metallicize"],"campfire_rested":1,"item_purchase_floors":[12,12,12,20],"current_hp_per_floor":[81,87,88,88,84,84,50,50,50,44,35,35,35,36,36,17,70,58,41,41,33,20,47,33,24,24,24,22,6,0],"gold":36,"neow_bonus":"TEN_PERCENT_HP_BONUS","is_prod":false,"is_daily":false,"chose_seed":false,"campfire_upgraded":4,"win_rate":0,"timestamp":1551151188,"path_taken":["M","M","?","?","M","R","E","R","T","?","E","$","?","E","R","BOSS","M","?","$","M","M","R","E","M","T","R","?","?","M"],"build_version":"2019-01-23","purchased_purges":0,"victory":false,"max_hp_per_floor":[88,88,88,88,88,88,88,88,88,88,88,88,88,88,88,88,88,88,93,93,93,93,93,93,93,93,93,93,93,93],"card_choices":[{"not_picked":["Body Slam","Disarm"],"picked":"Twin Strike","floor":1.0},{"not_picked":["Headbutt","Wild Strike"],"picked":"Iron Wave","floor":2.0},{"not_picked":["Intimidate","Corruption","Heavy Blade"],"picked":"SKIP","floor":3.0},{"not_picked":["Shrug It Off","Offering"],"picked":"Disarm","floor":5.0},{"not_picked":["Disarm","Armaments"],"picked":"Hemokinesis","floor":7.0},{"not_picked":["Sever Soul","Blood for Blood"],"picked":"Carnage","floor":10.0},{"not_picked":["Wild Strike","Sever Soul"],"picked":"Blood for Blood","floor":11.0},{"not_picked":["Thunderclap","Cleave","Body Slam"],"picked":"SKIP","floor":14.0},{"not_picked":["Immolate","Bludgeon"],"picked":"Impervious","floor":16.0},{"not_picked":["Anger","Searing Blow"],"picked":"Armaments","floor":18.0},{"not_picked":["Perfected Strike+1","Clash"],"picked":"Combust","floor":21},{"not_picked":["Carnage","Hemokinesis"],"picked":"Cleave","floor":22},{"not_picked":["Bloodletting+1","Spot Weakness"],"picked":"Pommel Strike","floor":24},{"not_picked":["Perfected Strike","Cleave","Iron Wave"],"picked":"SKIP","floor":25}],"player_experience":490085,"relics_obtained":[{"floor":7.0,"key":"Smiling Mask"},{"floor":9.0,"key":"Vajra"},{"floor":11.0,"key":"Lantern"},{"floor":13.0,"key":"Mummified Hand"},{"floor":14.0,"key":"Red Skull"},{"floor":24,"key":"MawBank"},{"floor":26,"key":"Oddly Smooth Stone"},{"floor":29,"key":"Nilry\u0027s Codex"}],"event_choices":[{"cards_removed":["Strike_R"],"damage_healed":0.0,"max_hp_gain":0.0,"max_hp_loss":0.0,"gold_gain":0.0,"event_name":"Bonfire Elementals","player_choice":"Offered Basic","floor":4.0,"gold_loss":0.0,"damage_taken":0.0},{"damage_healed":0.0,"max_hp_gain":5.0,"max_hp_loss":0.0,"gold_gain":0.0,"event_name":"Forgotten Altar","player_choice":"Shed Blood","floor":19.0,"gold_loss":0.0,"damage_taken":22.0},{"damage_healed":0,"gold_gain":0,"player_choice":"Fight","damage_taken":0,"max_hp_gain":0,"max_hp_loss":0,"event_name":"Colosseum","floor":28,"gold_loss":0},{"damage_healed":0,"gold_gain":0,"player_choice":"Fled From Nobs","damage_taken":0,"max_hp_gain":0,"max_hp_loss":0,"event_name":"Colosseum","floor":28,"gold_loss":0},{"damage_healed":0,"gold_gain":0,"player_choice":"Obtained Book","damage_taken":16,"max_hp_gain":0,"max_hp_loss":0,"event_name":"Cursed Tome","floor":29,"gold_loss":0}],"is_beta":false,"boss_relics":[{"not_picked":["Orrery","Tiny House"],"picked":"Ectoplasm"}],"items_purged_floors":[],"is_endless":false,"potions_floor_spawned":[3,5,10,11,16,21,22,28],"killed_by":"Chosen and Byrds","ascension_level":9}