{"gold_per_floor":[213,233,246,17,29,56,56,56,56,56,73,90,90,108,108,108],"floor_reached":16,"playtime":1005,"items_purged":[],"score":130,"play_id":"6913d443-3c56-4490-bbe0-108569a6b432","local_time":"20180925055738","is_ascension_mode":true,"campfire_choices":[{"floor":7,"key":"REST"},{"data":"Prepared","floor":10,"key":"SMITH"},{"data":"Tools of the Trade","floor":13,"key":"SMITH"},{"data":"Tactician","floor":15,"key":"SMITH"}],"neow_cost":"NONE","seed_source_timestamp":598537348113078,"circlet_count":0,"master_deck":["Defend_G","Defend_G","Defend_G","Defend_G","Defend_G","Strike_G","Strike_G","Strike_G","Strike_G","Strike_G","Survivor","Neutralize","Backflip","Deflect","Tactician+1","Backflip","Cloak And Dagger","Prepared+1","Dagger Throw","Decay","PiercingWail","Tools of the Trade+1","Outmaneuver"],"relics":["Ring of the Snake","Pen Nib","Calipers","Bird Faced Urn"],"potions_floor_usage":[16,16,16],"damage_taken":[{"damage":0,"enemies":"2 Louse","floor":1,"turns":4},{"damage":2,"enemies":"Cultist","floor":2,"turns":4},{"damage":1,"enemies":"Jaw Worm","floor":3,"turns":5},{"damage":2,"enemies":"Looter","floor":5,"turns":4},{"damage":47,"enemies":"3 Sentries","floor":6,"turns":11},{"damage":0,"enemies":"Blue Slaver","floor":11,"turns":4},{"damage":0,"enemies":"Exordium Wildlife","floor":12,"turns":4},{"damage":4,"enemies":"2 Fungi Beasts","floor":14,"turns":5},{"damage":48,"enemies":"Slime Boss","floor":16,"turns":9}],"seed_played":"6441637553892347651","potions_obtained":[{"floor":1,"key":"Block Potion"},{"floor":6,"key":"Strength Potion"},{"floor":11,"key":"Ancient Potion"},{"floor":12,"key":"GhostInAJar"}],"is_trial":false,"path_per_floor":["M","M","M","$","M","E","R","?","T","R","M","M","R","M","R"],"character_chosen":"THE_SILENT","items_purchased":["Pen Nib","Backflip","Cloak And Dagger"],"campfire_rested":1,"item_purchase_floors":[4,4,4],"current_hp_per_floor":[70,68,67,67,65,18,39,39,39,39,39,39,39,37,37,0],"gold":108,"neow_bonus":"HUNDRED_GOLD","is_prod":false,"is_daily":false,"chose_seed":false,"campfire_upgraded":3,"win_rate":0,"timestamp":1537829858,"path_taken":["M","M","M","$","M","E","R","?","T","R","M","M","R","M","R","BOSS"],"build_version":"2018-09-20","purchased_purges":0,"victory":false,"max_hp_per_floor":[70,70,70,70,70,70,70,70,70,70,70,70,70,70,70,70],"card_choices":[{"not_picked":["Predator","Quick Slash"],"picked":"Backflip","floor":1},{"not_picked":["Quick Slash","Choke"],"picked":"Deflect","floor":2},{"not_picked":["Slice","All Out Attack"],"picked":"Tactician","floor":3},{"not_picked":["Acrobatics","Poisoned Stab"],"picked":"Prepared","floor":5},{"not_picked":["Prepared","Deadly Poison"],"picked":"Dagger Throw","floor":6},{"not_picked":["Cloak And Dagger","Sucker Punch"],"picked":"PiercingWail","floor":11},{"not_picked":["Bouncing Flask","Leg Sweep"],"picked":"Tools of the Trade","floor":12},{"not_picked":["Riddle With Holes","Blur"],"picked":"Outmaneuver","floor":14}],"player_experience":118307,"relics_obtained":[{"floor":6,"key":"Calipers"},{"floor":9,"key":"Bird Faced Urn"}],"event_choices":[{"event_name":"Wheel of Change","player_choice":"Curse","floor":8,"damage_taken":0}],"is_beta":false,"boss_relics":[],"items_purged_floors":[],"is_endless":false,"potions_floor_spawned":[1,6,11,12],"killed_by":"Slime Boss","ascension_level":5}