{"path_per_floor":["M","$","M","?","?","R","E","R","T","M","M","M","R","E","R","B",null,"M","$","?","M","$","R","E","$","T","?","R","M","E","M","R","B",null,"M","?","?","?","?","E","?","R","T","M","E","R","M","M","R","B"],"character_chosen":"DEFECT","items_purchased":["Cold Snap","Juzu Bracelet","Beam Cell","Gash"],"gold_per_floor":[111,65,83,83,83,83,109,109,109,129,140,152,152,184,184,284,284,303,110,110,128,53,53,86,12,12,12,12,31,64,79,79,174,174,190,190,190,190,242,271,271,271,351,369,400,400,416,431,431,431],"floor_reached":51,"campfire_rested":2,"playtime":2165,"item_purchase_floors":[2,19,19,25],"current_hp_per_floor":[74,74,74,74,67,67,48,48,48,48,47,46,46,33,33,19,75,75,75,75,69,69,69,52,52,52,52,52,40,37,36,58,39,75,75,75,66,66,51,51,51,51,51,51,51,51,46,38,60,18],"items_purged":["Strike_B"],"gold":431,"score":837,"play_id":"c42f6918-7a24-4bba-b387-a29113a7ddb7","local_time":"20180522214723","is_prod":false,"is_daily":false,"chose_seed":false,"is_ascension_mode":true,"campfire_upgraded":5,"timestamp":1526996843,"campfire_choices":[{"data":"Zap","floor":6,"key":"SMITH"},{"data":"Redo","floor":8,"key":"SMITH"},{"data":"1","floor":13,"key":"LIFT"},{"data":"Beam Cell","floor":15,"key":"SMITH"},{"data":"2","floor":23,"key":"LIFT"},{"data":"3","floor":28,"key":"LIFT"},{"floor":32,"key":"REST"},{"data":"Madness","floor":42,"key":"SMITH"},{"data":"Electrodynamics","floor":46,"key":"SMITH"},{"floor":49,"key":"REST"}],"path_taken":["M","?","?","?","?","R","E","R","T","?","?","M","R","E","R","BOSS","M","?","?","M","?","R","E","$","T","?","R","M","E","M","R","BOSS","M","?","?","?","?","E","?","R","T","M","E","R","M","M","R","BOSS"],"build_version":"2018-05-21v2","seed_source_timestamp":360021896712092,"purchased_purges":1,"victory":true,"master_deck":["Defend_B","Defend_B","Defend_B","Zap+1","Go for the Eyes","Cold Snap","Redo+1","All For One","Coolheaded","FTL","Beam Cell+1","Buffer","Chill","Rebound","Go for the Eyes","Turbo","Ball Lightning","Hologram+1","Beam Cell","All For One","Steam+1","Gash","Electrodynamics+1","White Noise+1","Amplify+1","Sweeping Beam+1","Cold Snap+1","Madness+1","Madness","Beam Cell+1","Mind Blast","Go for the Eyes"],"max_hp_per_floor":[75,75,75,75,75,75,75,75,75,75,75,75,75,75,75,75,75,75,75,75,75,75,75,75,75,75,75,75,75,75,75,75,75,75,75,75,75,75,75,75,75,75,75,75,75,75,75,75,75,75],"relics":["Cracked Core","Darkstone Periapt","Bronze Scales","Girya","Kunai","Orrery","Juzu Bracelet","Orichalcum","Symbiotic Virus","Ornamental Fan","Astrolabe","Thread and Needle","Turnip","Mummified Hand","Bottled Tornado"],"card_choices":[{"not_picked":["Doom and Gloom","Rebound"],"picked":"Go for the Eyes","floor":1},{"not_picked":["Recycle","Sweeping Beam"],"picked":"Redo","floor":3},{"not_picked":["Scrape","Genetic Algorithm"],"picked":"All For One","floor":7},{"not_picked":["Axe Kick","Ball Lightning"],"picked":"Coolheaded","floor":10},{"not_picked":["Rebound","White Noise"],"picked":"FTL","floor":11},{"not_picked":["Lockon","Genetic Algorithm","Ball Lightning"],"picked":"SKIP","floor":12},{"not_picked":["Rebound","White Noise"],"picked":"Beam Cell","floor":14},{"not_picked":["Biased Cognition","Core Surge"],"picked":"Buffer","floor":16},{"not_picked":["Sunder","Glacier"],"picked":"Chill","floor":17},{"not_picked":["Capacitor","Steam"],"picked":"Rebound","floor":17},{"not_picked":["Recycle","Coolheaded"],"picked":"Go for the Eyes","floor":17},{"not_picked":["Go for the Eyes","Force Field"],"picked":"Turbo","floor":17},{"not_picked":["Rebound","Heatsinks"],"picked":"Ball Lightning","floor":17},{"not_picked":["Auto Shields+1","Streamline"],"picked":"Hologram+1","floor":18},{"not_picked":["Redo","Chaos"],"picked":"Steam+1","floor":21},{"not_picked":["Fission","Hello World"],"picked":"Defragment","floor":24},{"not_picked":["Chill","Capacitor","Coolheaded"],"picked":"SKIP","floor":29},{"not_picked":["BootSequence","Rebound","Axe Kick"],"picked":"SKIP","floor":30},{"not_picked":["Coolheaded","Turbo","Hologram"],"picked":"SKIP","floor":31},{"not_picked":["Echo Form","Biased Cognition"],"picked":"Electrodynamics","floor":33},{"not_picked":["Lockon+1","Rebound"],"picked":"Cold Snap+1","floor":35},{"not_picked":["Capacitor","Rebound"],"picked":"Beam Cell+1","floor":40},{"not_picked":["Secret Weapon","Bandage Up"],"picked":"Mind Blast","floor":41},{"not_picked":["Hologram+1","Rebound+1","Barrage"],"picked":"SKIP","floor":44},{"not_picked":["Axe Kick+1","Stack","Chill"],"picked":"SKIP","floor":45},{"not_picked":["Cold Snap","Consume+1"],"picked":"Go for the Eyes","floor":47},{"not_picked":["Streamline+1","Barrage","Rebound+1"],"picked":"SKIP","floor":48}],"player_experience":44639,"potions_floor_usage":[24,39,45,50,50,50],"damage_taken":[{"damage":1,"enemies":"Cultist","floor":1,"turns":4},{"damage":0,"enemies":"Small Slimes","floor":3,"turns":3},{"damage":19,"enemies":"Lagavulin","floor":7,"turns":8},{"damage":0,"enemies":"2 Louse","floor":10,"turns":2},{"damage":1,"enemies":"Large Slime","floor":11,"turns":4},{"damage":1,"enemies":"Exordium Wildlife","floor":12,"turns":4},{"damage":13,"enemies":"3 Sentries","floor":14,"turns":6},{"damage":14,"enemies":"Slime Boss","floor":16,"turns":6},{"damage":0,"enemies":"Chosen","floor":18,"turns":4},{"damage":6,"enemies":"2 Thieves","floor":21,"turns":3},{"damage":17,"enemies":"Slavers","floor":24,"turns":4},{"damage":12,"enemies":"Slaver and Parasite","floor":29,"turns":3},{"damage":3,"enemies":"Gremlin Leader","floor":30,"turns":4},{"damage":1,"enemies":"Snecko","floor":31,"turns":3},{"damage":19,"enemies":"Collector","floor":33,"turns":8},{"damage":0,"enemies":"Orb Walker","floor":35,"turns":2},{"damage":15,"enemies":"Mysterious Sphere","floor":39,"turns":5},{"damage":7,"enemies":"Nemesis","floor":40,"turns":7},{"damage":0,"enemies":"Flame Bruiser 1 Orb","floor":44,"turns":3},{"damage":0,"enemies":"Giant Head","floor":45,"turns":6},{"damage":5,"enemies":"4 Shapes","floor":47,"turns":3},{"damage":8,"enemies":"Spire Growth","floor":48,"turns":4},{"damage":42,"enemies":"Donu and Deca","floor":50,"turns":10}],"relics_obtained":[{"floor":7,"key":"Bronze Scales"},{"floor":9,"key":"Girya"},{"floor":14,"key":"Kunai"},{"floor":24,"key":"Orichalcum"},{"floor":26,"key":"Symbiotic Virus"},{"floor":30,"key":"Ornamental Fan"},{"floor":39,"key":"Thread and Needle"},{"floor":40,"key":"Turnip"},{"floor":43,"key":"Mummified Hand"},{"floor":45,"key":"Bottled Tornado"}],"event_choices":[{"event_name":"Purifier","player_choice":"One Purge","floor":4,"damage_taken":0},{"event_name":"Scrap Ooze","player_choice":"success","floor":5,"damage_taken":7},{"event_name":"Duplicator","player_choice":"One dupe","floor":20,"damage_taken":0},{"event_name":"Vampires","player_choice":"Ignored","floor":27,"damage_taken":0},{"event_name":"Tomb of Lord Red Mask","player_choice":"Ignored","floor":36,"damage_taken":0},{"event_name":"Winding Halls","player_choice":"Embrace Madness","floor":37,"damage_taken":0},{"event_name":"Mysterious Sphere","player_choice":"Fight","floor":39,"damage_taken":0},{"event_name":"SensoryStone","player_choice":"Memory 1","floor":41,"damage_taken":0}],"boss_relics":[{"not_picked":["Runic Pyramid","Snecko Eye"],"picked":"Orrery"},{"not_picked":["Black Star","Velvet Choker"],"picked":"Astrolabe"}],"items_purged_floors":[22],"potions_floor_spawned":[10,14,18,21,31,40,44,47,48],"seed_played":"-2412832709363599095","ascension_level":1,"potions_obtained":[{"floor":10,"key":"Strength Potion"},{"floor":14,"key":"Explosive Potion"},{"floor":18,"key":"EssenceOfSteel"},{"floor":31,"key":"FearPotion"},{"floor":40,"key":"PowerPotion"},{"floor":47,"key":"FocusPotion"},{"floor":48,"key":"LiquidBronze"}],"is_trial":false}