{"gold_per_floor":[117,130,55,130,130,130,165,179,203,103,121,131,131,146,146,251,251,262,262,276,291,307,307,307],"floor_reached":24,"playtime":1924,"items_purged":["Defend_G","Defend_G"],"score":259,"play_id":"ad83f011-cdf8-443a-940b-2b55f3593125","local_time":"20181218225150","is_ascension_mode":true,"campfire_choices":[{"floor":6,"key":"RECALL"},{"data":"Adrenaline","floor":13,"key":"SMITH"},{"data":"Well Laid Plans","floor":15,"key":"SMITH"},{"floor":23,"key":"REST"}],"neow_cost":"NONE","seed_source_timestamp":534965561625501,"circlet_count":0,"master_deck":["Defend_G","Defend_G","Defend_G","Strike_G","Strike_G","Strike_G","Strike_G","Survivor","Neutralize","Well Laid Plans+1","Deadly Poison","Acrobatics","Escape Plan","Finisher","Adrenaline+1","Dodge and Roll","Envenom+1","Skewer","PiercingWail","Cloak And Dagger","Night Terror"],"relics":["Ring of the Snake","NeowsBlessing","Bag of Marbles","Cursed Key"],"potions_floor_usage":[22,24,24],"damage_taken":[{"damage":0,"enemies":"Cultist","floor":1,"turns":1},{"damage":0,"enemies":"2 Louse","floor":2,"turns":1},{"damage":0,"enemies":"3 Sentries","floor":7,"turns":1},{"damage":0,"enemies":"Small Slimes","floor":8,"turns":4},{"damage":0,"enemies":"Exordium Thugs","floor":11,"turns":4},{"damage":5,"enemies":"Exordium Wildlife","floor":12,"turns":4},{"damage":1,"enemies":"Blue Slaver","floor":14,"turns":3},{"damage":13,"enemies":"The Guardian","floor":16,"turns":11},{"damage":27,"enemies":"3 Byrds","floor":18,"turns":7},{"damage":16,"enemies":"2 Thieves","floor":20,"turns":5},{"damage":5,"enemies":"Centurion and Healer","floor":21,"turns":7},{"damage":15,"enemies":"Snecko","floor":22,"turns":6},{"damage":44,"enemies":"Gremlin Leader","floor":24,"turns":8}],"seed_played":"8322203014859211245","potions_obtained":[{"floor":7,"key":"GhostInAJar"},{"floor":8,"key":"LiquidBronze"},{"floor":14,"key":"Dexterity Potion"},{"floor":22,"key":"Fruit Juice"}],"is_trial":false,"path_per_floor":["M","M","$","?","?","R","E","M","T","$","M","M","R","M","R","B",null,"M","?","M","M","M","R","E"],"character_chosen":"THE_SILENT","items_purchased":[],"campfire_rested":1,"item_purchase_floors":[],"current_hp_per_floor":[70,70,70,59,59,59,59,59,59,59,59,54,54,53,53,40,70,43,43,27,22,12,34,0],"gold":307,"neow_bonus":"THREE_ENEMY_KILL","is_prod":false,"is_daily":false,"chose_seed":false,"campfire_upgraded":2,"win_rate":0,"timestamp":1545195110,"path_taken":["M","M","$","?","?","R","E","M","T","$","M","M","R","M","R","BOSS","M","?","M","?","M","R","E"],"build_version":"2018-12-13","purchased_purges":2,"victory":false,"max_hp_per_floor":[70,70,70,70,70,70,70,70,70,70,70,70,70,70,70,70,70,70,70,70,70,75,75,75],"card_choices":[{"not_picked":["Cloak And Dagger","Flechettes"],"picked":"Well Laid Plans","floor":1},{"not_picked":["Poisoned Stab","Quick Slash"],"picked":"Deadly Poison","floor":2},{"not_picked":["Riddle With Holes","Deadly Poison"],"picked":"Acrobatics","floor":7},{"not_picked":["Sucker Punch","Concentrate"],"picked":"Escape Plan","floor":8},{"not_picked":["Riddle With Holes","Choke"],"picked":"Finisher","floor":11},{"not_picked":["Acrobatics","Blade Dance"],"picked":"Adrenaline","floor":12},{"not_picked":["Slice","Bane"],"picked":"Dodge and Roll","floor":14},{"not_picked":["Storm of Steel","Doppelganger"],"picked":"Envenom","floor":16},{"not_picked":["Underhanded Strike+1","Flying Knee"],"picked":"Skewer","floor":18},{"not_picked":["Slice","Poisoned Stab"],"picked":"PiercingWail","floor":20},{"not_picked":["Calculated Gamble+1","Underhanded Strike"],"picked":"Cloak And Dagger","floor":21},{"not_picked":["Choke","Deflect"],"picked":"Night Terror","floor":22}],"player_experience":782600,"relics_obtained":[{"floor":7,"key":"Bag of Marbles"}],"event_choices":[{"damage_healed":0,"gold_gain":75,"player_choice":"Gather Gold","damage_taken":11,"max_hp_gain":0,"max_hp_loss":0,"event_name":"World of Goop","floor":4,"gold_loss":0},{"cards_removed":["Strike_G"],"damage_healed":0,"gold_gain":0,"player_choice":"Forget","damage_taken":0,"max_hp_gain":0,"max_hp_loss":0,"event_name":"Living Wall","floor":5,"gold_loss":0},{"damage_healed":0,"gold_gain":0,"player_choice":"Upgraded","damage_taken":0,"max_hp_gain":0,"max_hp_loss":0,"event_name":"Upgrade Shrine","floor":19,"gold_loss":0,"cards_upgraded":["Envenom"]}],"is_beta":false,"boss_relics":[{"not_picked":["White Beast Statue","HoveringKite"],"picked":"Cursed Key"}],"items_purged_floors":[3,10],"is_endless":false,"potions_floor_spawned":[7,8,14,16,22],"killed_by":"Gremlin Leader","ascension_level":3}