{"gold_per_floor":[119,132,151,169,169,169,200,200,200,218,66,93,268,303,303,408,408,408,408,408,408,408,408,408,408,408,408,308,308,233,193,193,193,193,193,193,193,193,193,193,193,193,193,193,193],"floor_reached":45,"playtime":3646,"items_purged":["Defend_B","Strike_B"],"score":593,"play_id":"051a8e72-8d8c-43cc-9931-065b882f567f","local_time":"20181030183142","is_ascension_mode":true,"campfire_choices":[{"data":"Conserve Battery","floor":6,"key":"SMITH"},{"floor":8,"key":"REST"},{"floor":15,"key":"REST"},{"floor":23,"key":"REST"},{"floor":25,"key":"REST"},{"floor":32,"key":"REST"},{"floor":40,"key":"REST"},{"floor":42,"key":"REST"}],"neow_cost":"NONE","seed_source_timestamp":130563716126928,"circlet_count":0,"master_deck":["Strike_B+1","Strike_B+1","Defend_B","Zap+1","Dualcast","Skim","Ball Lightning","Conserve Battery+1","Coolheaded+1","Capacitor","Seek","Rainbow","Conserve Battery+1","Go for the Eyes","Sunder","RitualDagger+1","Blizzard+1","Defragment+1","Loop+1","Violence","Creative AI","Go for the Eyes+1","Undo+1"],"relics":["Cracked Core","PreservedInsect","Omamori","Bottled Tornado","Whetstone","Ectoplasm","Orichalcum","Black Star","Dream Catcher","Lantern","Bag of Preparation","Potion Belt","Blood Vial"],"potions_floor_usage":[7,12,14,22,33,41],"damage_taken":[{"damage":0,"enemies":"Small Slimes","floor":1,"turns":3},{"damage":6,"enemies":"2 Louse","floor":2,"turns":2},{"damage":1,"enemies":"Cultist","floor":3,"turns":3},{"damage":23,"enemies":"Large Slime","floor":4,"turns":5},{"damage":20,"enemies":"3 Sentries","floor":7,"turns":5},{"damage":8,"enemies":"Blue Slaver","floor":10,"turns":3},{"damage":0,"enemies":"Gremlin Nob","floor":12,"turns":3},{"damage":20,"enemies":"3 Sentries","floor":14,"turns":5},{"damage":21,"enemies":"The Guardian","floor":16,"turns":10},{"damage":20,"enemies":"Shell Parasite","floor":18,"turns":6},{"damage":15,"enemies":"Spheric Guardian","floor":19,"turns":4},{"damage":30,"enemies":"Cultist and Chosen","floor":20,"turns":8},{"damage":36,"enemies":"Shelled Parasite and Fungi","floor":22,"turns":6},{"damage":14,"enemies":"Snake Plant","floor":27,"turns":4},{"damage":8,"enemies":"Centurion and Healer","floor":29,"turns":6},{"damage":9,"enemies":"Automaton","floor":33,"turns":9},{"damage":26,"enemies":"3 Darklings","floor":35,"turns":5},{"damage":15,"enemies":"Orb Walker","floor":36,"turns":5},{"damage":27,"enemies":"Reptomancer","floor":41,"turns":6},{"damage":22,"enemies":"Giant Head","floor":44,"turns":7},{"damage":40,"enemies":"Spire Growth","floor":45,"turns":3}],"seed_played":"7972788719472553359","potions_obtained":[{"floor":2,"key":"SpeedPotion"},{"floor":3,"key":"Explosive Potion"},{"floor":7,"key":"GamblersBrew"},{"floor":14,"key":"Fruit Juice"},{"floor":20,"key":"AttackPotion"},{"floor":27,"key":"PowerPotion"},{"floor":33,"key":"Fire Potion"},{"floor":44,"key":"SpeedPotion"}],"is_trial":false,"path_per_floor":["M","M","M","M","?","R","E","R","T","M","$","E","?","E","R","B",null,"M","M","M","?","M","R","?","R","T","M","$","M","?","?","R","B",null,"M","M","?","?","?","R","E","R","T","E"],"character_chosen":"DEFECT","items_purchased":["Capacitor"],"campfire_rested":7,"item_purchase_floors":[11],"current_hp_per_floor":[75,69,68,45,45,45,25,47,47,39,39,39,39,24,48,27,80,60,45,15,41,5,29,23,47,47,33,33,25,25,25,49,40,80,54,39,39,39,39,63,36,60,60,38,0],"gold":193,"neow_bonus":"TRANSFORM_CARD","is_prod":false,"is_daily":false,"chose_seed":false,"campfire_upgraded":1,"win_rate":0,"timestamp":1540949502,"path_taken":["M","M","M","M","?","R","E","R","T","?","$","E","?","E","R","BOSS","M","M","M","?","M","R","?","R","T","?","$","M","?","?","R","BOSS","M","M","?","?","?","R","E","R","T","E","M"],"build_version":"2018-10-25v2","purchased_purges":2,"victory":false,"max_hp_per_floor":[75,75,75,75,75,75,75,75,75,75,75,75,75,80,80,80,80,80,80,80,80,80,80,80,80,80,80,80,80,80,80,80,80,80,80,80,80,80,80,80,80,80,80,80,80],"card_choices":[{"not_picked":["Coolheaded","Force Field"],"picked":"Ball Lightning","floor":1},{"not_picked":["Skim","Leap","Turbo"],"picked":"SKIP","floor":2},{"not_picked":["Aggregate","Rip and Tear","Tempest"],"picked":"SKIP","floor":3},{"not_picked":["Darkness","Cold Snap"],"picked":"Conserve Battery","floor":4},{"not_picked":["Compile Driver","Ball Lightning"],"picked":"Coolheaded","floor":7},{"not_picked":["Compile Driver","Doom and Gloom","Gash"],"picked":"SKIP","floor":10},{"not_picked":["Conserve Battery","Darkness"],"picked":"Seek","floor":12},{"not_picked":["Scrape","Recycle","Steam"],"picked":"SKIP","floor":14},{"not_picked":["Core Surge","Buffer"],"picked":"Rainbow","floor":16},{"not_picked":["Steam","Go for the Eyes"],"picked":"Conserve Battery+1","floor":18},{"not_picked":["Gash+1","Lockon","Conserve Battery"],"picked":"SKIP","floor":19},{"not_picked":["Ball Lightning","Compile Driver+1"],"picked":"Go for the Eyes","floor":20},{"not_picked":["Gash","Skim"],"picked":"Sunder","floor":22},{"not_picked":["Scrape","Sunder"],"picked":"Blizzard+1","floor":27},{"not_picked":["Recycle","Turbo"],"picked":"Defragment","floor":29},{"not_picked":["Force Field","Fusion+1","Rebound"],"picked":"SKIP","floor":35},{"not_picked":["Auto Shields","Tempest+1"],"picked":"Loop+1","floor":36},{"not_picked":["Finesse","Forethought"],"picked":"Violence","floor":39},{"not_picked":["Steam+1","Storm"],"picked":"Creative AI","floor":41},{"not_picked":["Redo+1","Compile Driver+1"],"picked":"Go for the Eyes+1","floor":42},{"not_picked":["Hologram+1","Stack"],"picked":"Undo+1","floor":44}],"player_experience":152830,"relics_obtained":[{"floor":7,"key":"PreservedInsect"},{"floor":9,"key":"Omamori"},{"floor":12,"key":"Bottled Tornado"},{"floor":14,"key":"Whetstone"},{"floor":26,"key":"Orichalcum"},{"floor":41,"key":"Dream Catcher"},{"floor":41,"key":"Lantern"},{"floor":43,"key":"Bag of Preparation"},{"floor":44,"key":"Potion Belt"},{"floor":44,"key":"Blood Vial"}],"event_choices":[{"damage_healed":0,"gold_gain":0,"player_choice":"Grow","damage_taken":0,"max_hp_gain":0,"max_hp_loss":0,"event_name":"Living Wall","floor":5,"gold_loss":0,"cards_upgraded":["Zap"]},{"damage_healed":0,"gold_gain":175,"player_choice":"AGREE","damage_taken":0,"max_hp_gain":0,"max_hp_loss":0,"event_name":"Liars Game","floor":13,"gold_loss":0,"cards_obtained":["Doubt"]},{"damage_healed":26,"gold_gain":0,"player_choice":"Heal","damage_taken":0,"max_hp_gain":0,"max_hp_loss":0,"event_name":"The Library","floor":21,"gold_loss":0},{"damage_healed":0,"gold_gain":0,"player_choice":"Joined the Cult","damage_taken":6,"max_hp_gain":0,"max_hp_loss":0,"event_name":"Nest","floor":24,"gold_loss":0,"cards_obtained":["RitualDagger"]},{"cards_removed":["Defend_B"],"damage_healed":0,"gold_gain":0,"player_choice":"Gave Gold","damage_taken":0,"max_hp_gain":0,"max_hp_loss":0,"event_name":"Beggar","floor":30,"gold_loss":75},{"damage_healed":0,"gold_gain":0,"player_choice":"Upgraded Two","damage_taken":0,"max_hp_gain":0,"max_hp_loss":0,"event_name":"Designer","floor":31,"gold_loss":40,"cards_upgraded":["RitualDagger","Coolheaded"]},{"cards_removed":["Defend_B"],"damage_healed":0,"gold_gain":0,"player_choice":"Offered Basic","damage_taken":0,"max_hp_gain":0,"max_hp_loss":0,"event_name":"Bonfire Elementals","floor":37,"gold_loss":0},{"damage_healed":0,"gold_gain":0,"player_choice":"Forge","damage_taken":0,"max_hp_gain":0,"max_hp_loss":0,"event_name":"Accursed Blacksmith","floor":38,"gold_loss":0,"cards_upgraded":["Defragment"]},{"damage_healed":0,"gold_gain":0,"player_choice":"Memory 1","damage_taken":0,"max_hp_gain":0,"max_hp_loss":0,"event_name":"SensoryStone","floor":39,"gold_loss":0}],"is_beta":false,"boss_relics":[{"not_picked":["Eternal Feather","Empty Cage"],"picked":"Ectoplasm"},{"not_picked":["Nuclear Battery","White Beast Statue"],"picked":"Black Star"}],"items_purged_floors":[11,28],"is_endless":false,"potions_floor_spawned":[2,3,7,14,20,27,33,44],"killed_by":"Spire Growth","ascension_level":3}