{"gold_per_floor":[111,61,61,61,136,160,160,85,85,85,85,100,119,143,143,267,267,283,302,302,321,321],"floor_reached":22,"playtime":1225,"items_purged":["Strike_R"],"score":185,"play_id":"ff79cbd0-c736-46ea-8c95-acd4413208f5","local_time":"20181106220342","is_ascension_mode":true,"campfire_choices":[{"data":"Fire Breathing","floor":7,"key":"SMITH"},{"data":"Inflame","floor":11,"key":"SMITH"},{"data":"Anger","floor":15,"key":"SMITH"}],"neow_cost":"NONE","seed_source_timestamp":2413742004452546,"circlet_count":0,"master_deck":["Strike_R","Strike_R","Strike_R","Strike_R","Defend_R","Defend_R","Defend_R","Defend_R","Fire Breathing+1","Inflame+1","Twin Strike","Anger+1","Intimidate+1","Offering","Cleave","Seeing Red+1","Armaments"],"relics":["Black Star","Golden Idol","Meat on the Bone","Eternal Feather"],"potions_floor_usage":[16,16,16],"damage_taken":[{"damage":6,"enemies":"Jaw Worm","floor":1,"turns":5},{"damage":0,"enemies":"Small Slimes","floor":6,"turns":3},{"damage":1,"enemies":"2 Louse","floor":12,"turns":4},{"damage":1,"enemies":"Large Slime","floor":13,"turns":7},{"damage":6,"enemies":"Red Slaver","floor":14,"turns":3},{"damage":25,"enemies":"Slime Boss","floor":16,"turns":6},{"damage":11,"enemies":"Spheric Guardian","floor":18,"turns":3},{"damage":20,"enemies":"2 Thieves","floor":19,"turns":4},{"damage":38,"enemies":"3 Cultists","floor":21,"turns":6},{"damage":29,"enemies":"Masked Bandits","floor":22,"turns":3}],"seed_played":"7158718926813816636","potions_obtained":[{"floor":1,"key":"Ancient Potion"},{"floor":12,"key":"LiquidBronze"},{"floor":13,"key":"SteroidPotion"},{"floor":16,"key":"EssenceOfSteel"},{"floor":18,"key":"Block Potion"}],"is_trial":false,"path_per_floor":["M","?","?","?","?","M","R","$","T","$","R","M","M","M","R","B",null,"M","M","?","M","?"],"character_chosen":"IRONCLAD","items_purchased":[],"campfire_rested":0,"item_purchase_floors":[],"current_hp_per_floor":[74,74,79,79,68,68,68,68,68,68,68,67,66,60,60,47,79,68,48,48,22,0],"gold":321,"neow_bonus":"BOSS_RELIC","is_prod":false,"is_daily":false,"chose_seed":false,"campfire_upgraded":3,"win_rate":0,"timestamp":1541563422,"path_taken":["M","?","?","?","?","M","R","?","T","$","R","M","?","M","R","BOSS","M","M","?","?","?"],"build_version":"2018-11-01","purchased_purges":1,"victory":false,"max_hp_per_floor":[80,80,85,79,79,79,79,79,79,79,79,79,79,79,79,79,79,79,79,79,79,79],"card_choices":[{"not_picked":["Wild Strike","Flex"],"picked":"Fire Breathing","floor":1},{"not_picked":["Anger","Warcry"],"picked":"Inflame","floor":6},{"not_picked":["Disarm","Reckless Charge"],"picked":"Twin Strike","floor":12},{"not_picked":["Twin Strike","Carnage"],"picked":"Anger","floor":13},{"not_picked":["Pommel Strike","Shrug It Off"],"picked":"Intimidate","floor":14},{"not_picked":["Reaper","Bludgeon"],"picked":"Offering","floor":16},{"not_picked":["Heavy Blade","Thunderclap"],"picked":"Cleave","floor":18},{"not_picked":["Disarm","Headbutt"],"picked":"Seeing Red+1","floor":19},{"not_picked":["Shrug It Off","Perfected Strike"],"picked":"Armaments","floor":21}],"player_experience":25982,"relics_obtained":[{"floor":9,"key":"Meat on the Bone"}],"event_choices":[{"cards_removed":["Bash"],"damage_healed":0,"gold_gain":0,"player_choice":"Card Removal","damage_taken":0,"max_hp_gain":0,"max_hp_loss":0,"event_name":"The Cleric","floor":2,"gold_loss":50},{"damage_healed":0,"gold_gain":0,"player_choice":"Donut","damage_taken":0,"max_hp_gain":5,"max_hp_loss":0,"event_name":"Big Fish","floor":3,"gold_loss":0},{"damage_healed":0,"gold_gain":0,"player_choice":"Lose Max HP","damage_taken":0,"relics_obtained":["Golden Idol"],"max_hp_gain":0,"max_hp_loss":6,"event_name":"Golden Idol","floor":4,"gold_loss":0},{"damage_healed":0,"gold_gain":75,"player_choice":"Gather Gold","damage_taken":11,"max_hp_gain":0,"max_hp_loss":0,"event_name":"World of Goop","floor":5,"gold_loss":0},{"damage_healed":0,"gold_gain":0,"player_choice":"Upgraded","damage_taken":0,"max_hp_gain":0,"max_hp_loss":0,"event_name":"Upgrade Shrine","floor":20,"gold_loss":0,"cards_upgraded":["Intimidate"]},{"damage_healed":0,"gold_gain":0,"player_choice":"Fought Bandits","damage_taken":0,"max_hp_gain":0,"max_hp_loss":0,"event_name":"Masked Bandits","floor":22,"gold_loss":0}],"is_beta":false,"boss_relics":[{"not_picked":["Runic Cube","Fusion Hammer"],"picked":"Eternal Feather"}],"items_purged_floors":[8],"is_endless":false,"potions_floor_spawned":[1,12,13,14,16,18],"killed_by":"Masked Bandits","ascension_level":1}