{"gold_per_floor":[113,124,142,161,81,81,81,110,135,135,135,156,156,181,181,302,302,322,174,187,187,187,187,187],"floor_reached":24,"playtime":2643,"items_purged":["Strike_R"],"score":223,"play_id":"8705ac03-ba17-4df0-8026-daaa29ab480f","local_time":"20180921233442","is_ascension_mode":true,"campfire_choices":[{"floor":6,"key":"REST"},{"floor":13,"key":"REST"},{"data":"Spot Weakness","floor":15,"key":"SMITH"},{"data":"Shockwave","floor":23,"key":"SMITH"}],"neow_cost":"PERCENT_DAMAGE","seed_source_timestamp":273941242915566,"circlet_count":0,"master_deck":["Strike_R","Defend_R","Defend_R","Defend_R","Defend_R","Bash","Sword Boomerang","Twin Strike","Heavy Blade","Flame Barrier","Shrug It Off","Battle Trance","Shockwave+1","Spot Weakness+1","Iron Wave","Dark Shackles","Bludgeon","Sword Boomerang","Shrug It Off"],"relics":["Burning Blood","Odd Mushroom","Bag of Preparation","Bloody Idol","Philosopher\u0027s Stone"],"potions_floor_usage":[4,16,24,24],"damage_taken":[{"damage":2,"enemies":"2 Louse","floor":1,"turns":3},{"damage":0,"enemies":"Small Slimes","floor":2,"turns":2},{"damage":0,"enemies":"Jaw Worm","floor":3,"turns":4},{"damage":53,"enemies":"Gremlin Gang","floor":4,"turns":6},{"damage":26,"enemies":"The Mushroom Lair","floor":8,"turns":7},{"damage":5,"enemies":"Blue Slaver","floor":12,"turns":3},{"damage":8,"enemies":"Large Slime","floor":14,"turns":6},{"damage":33,"enemies":"Hexaghost","floor":16,"turns":10},{"damage":0,"enemies":"Chosen","floor":18,"turns":3},{"damage":23,"enemies":"Spheric Guardian","floor":20,"turns":4},{"damage":63,"enemies":"Gremlin Leader","floor":24,"turns":7}],"seed_played":"-4781600225837146832","potions_obtained":[{"floor":2,"key":"GamblersBrew"},{"floor":8,"key":"Regen Potion"},{"floor":12,"key":"Regen Potion"},{"floor":18,"key":"Energy Potion"}],"is_trial":false,"path_per_floor":["M","M","M","M","$","R","$","?","T","?","?","M","R","M","R","B",null,"M","$","M","?","?","R"],"character_chosen":"IRONCLAD","items_purchased":["Shockwave","Sword Boomerang","Shrug It Off"],"campfire_rested":2,"item_purchase_floors":[5,19,19],"current_hp_per_floor":[60,66,72,25,25,49,49,29,29,29,29,30,52,50,50,38,74,74,74,57,57,57,57,0],"gold":187,"neow_bonus":"TRANSFORM_TWO_CARDS","is_prod":false,"is_daily":false,"chose_seed":false,"campfire_upgraded":2,"win_rate":0,"timestamp":1537598082,"path_taken":["M","M","M","M","$","R","$","?","T","?","?","M","R","M","R","BOSS","M","$","M","?","?","R","E"],"build_version":"2018-09-20","purchased_purges":1,"victory":false,"max_hp_per_floor":[80,80,80,80,80,80,80,80,80,80,74,74,74,74,74,74,74,74,74,74,74,74,74,74],"card_choices":[{"not_picked":["Wild Strike","Clash"],"picked":"Heavy Blade","floor":1},{"not_picked":["Body Slam","Pommel Strike"],"picked":"Flame Barrier","floor":2},{"not_picked":["Pummel","Hemokinesis"],"picked":"Shrug It Off","floor":3},{"not_picked":["Rampage","Armaments"],"picked":"Battle Trance","floor":4},{"not_picked":["Iron Wave","Evolve"],"picked":"Spot Weakness","floor":8},{"not_picked":["Carnage","Wild Strike","Clothesline"],"picked":"SKIP","floor":12},{"not_picked":["Havoc","Twin Strike","Clothesline"],"picked":"SKIP","floor":14},{"not_picked":["Immolate","Barricade"],"picked":"Bludgeon","floor":16},{"not_picked":["Thunderclap","Sever Soul","Rupture"],"picked":"SKIP","floor":18},{"not_picked":["Clothesline","Cleave+1","Armaments"],"picked":"SKIP","floor":20}],"player_experience":218023,"relics_obtained":[{"floor":8,"key":"Odd Mushroom"},{"floor":9,"key":"Bag of Preparation"}],"event_choices":[{"event_name":"Mushrooms","player_choice":"Fought Mushrooms","floor":8,"damage_taken":0},{"event_name":"Match and Keep!","player_choice":"2 cards matched","floor":10,"damage_taken":0},{"event_name":"Match and Keep!","player_choice":"2 cards matched","floor":10,"damage_taken":0},{"event_name":"Golden Idol","player_choice":"Lose Max HP","floor":11,"damage_taken":0},{"event_name":"Back to Basics","player_choice":"Elegance","floor":21,"damage_taken":0},{"event_name":"Forgotten Altar","player_choice":"Gave Idol","floor":22,"damage_taken":0}],"is_beta":false,"boss_relics":[{"not_picked":["Busted Crown","Ectoplasm"],"picked":"Philosopher\u0027s Stone"}],"items_purged_floors":[19],"is_endless":false,"potions_floor_spawned":[2,8,12,18],"killed_by":"Gremlin Leader","ascension_level":4}