{"gold_per_floor":[114,129,204,219,234,84,99,114,114,144,150,150,150,169,169,294,294,264,264,264,264,224,74,74,74,74,74,74,74,74,74,74,74,74,74,74,74,74,0,0,0,0,0,0,0,0,0,0,0,0],"floor_reached":50,"playtime":5553,"items_purged":[],"score":575,"play_id":"93530bc4-7dd8-462f-ba86-b3829ecfd37e","local_time":"20181027215457","daily_mods":["SealedDeck","Uncertain Future","Lethality"],"is_ascension_mode":false,"campfire_choices":[{"data":"Creative AI","floor":12,"key":"SMITH"},{"data":"Genetic Algorithm","floor":15,"key":"SMITH"},{"data":"1","floor":30,"key":"LIFT"},{"data":"2","floor":32,"key":"LIFT"},{"data":"3","floor":40,"key":"LIFT"},{"floor":42,"key":"REST"},{"floor":49,"key":"REST"}],"neow_cost":"","seed_source_timestamp":1522775983232905,"circlet_count":0,"master_deck":["Conserve Battery+1","Cold Snap","Conserve Battery","FTL","Gash","Gash","Sweeping Beam","Gash","Beam Cell","Genetic Algorithm+1","Ball Lightning","Auto Shields+1","Conserve Battery","Beam Cell","Creative AI+1","Seek","Streamline","Sweeping Beam+1","Genetic Algorithm","Hologram+1","FTL+1","Ball Lightning+1","All For One","Double Energy","Beam Cell","All For One"],"special_seed":17832,"relics":["Cracked Core","Lantern","Bronze Scales","Juzu Bracelet","Omamori","Golden Idol","Ectoplasm","Strawberry","Bag of Marbles","Girya","Fusion Hammer","Red Mask","Boot","Bottled Tornado"],"potions_floor_usage":[10,16,28,31,33,41,41,41,50,50,50],"damage_taken":[{"damage":0,"enemies":"2 Louse","floor":1,"turns":2},{"damage":0,"enemies":"Small Slimes","floor":2,"turns":2},{"damage":0,"enemies":"Jaw Worm","floor":4,"turns":2},{"damage":0,"enemies":"Exordium Wildlife","floor":5,"turns":2},{"damage":6,"enemies":"3 Louse","floor":7,"turns":2},{"damage":0,"enemies":"Exordium Thugs","floor":8,"turns":2},{"damage":0,"enemies":"3 Sentries","floor":10,"turns":4},{"damage":0,"enemies":"3 Sentries","floor":11,"turns":4},{"damage":0,"enemies":"Exordium Wildlife","floor":14,"turns":2},{"damage":0,"enemies":"Slime Boss","floor":16,"turns":5},{"damage":0,"enemies":"2 Thieves","floor":18,"turns":3},{"damage":0,"enemies":"Chosen","floor":19,"turns":3},{"damage":5,"enemies":"3 Cultists","floor":20,"turns":3},{"damage":4,"enemies":"Snecko","floor":21,"turns":4},{"damage":1,"enemies":"Book of Stabbing","floor":27,"turns":4},{"damage":0,"enemies":"Centurion and Healer","floor":28,"turns":3},{"damage":11,"enemies":"3 Cultists","floor":29,"turns":3},{"damage":0,"enemies":"Snecko","floor":31,"turns":3},{"damage":16,"enemies":"Collector","floor":33,"turns":4},{"damage":0,"enemies":"Orb Walker","floor":35,"turns":1},{"damage":3,"enemies":"3 Shapes","floor":36,"turns":1},{"damage":0,"enemies":"Transient","floor":37,"turns":5},{"damage":11,"enemies":"Reptomancer","floor":41,"turns":4},{"damage":0,"enemies":"3 Darklings","floor":46,"turns":2},{"damage":3,"enemies":"Sphere and 2 Shapes","floor":47,"turns":3},{"damage":0,"enemies":"4 Shapes","floor":48,"turns":2},{"damage":88,"enemies":"Awakened One","floor":50,"turns":5}],"seed_played":"5963366377252793879","potions_obtained":[{"floor":1,"key":"Swift Potion"},{"floor":2,"key":"EntropicBrew"},{"floor":7,"key":"Regen Potion"},{"floor":16,"key":"SpeedPotion"},{"floor":18,"key":"Ancient Potion"},{"floor":27,"key":"Fruit Juice"},{"floor":31,"key":"Swift Potion"},{"floor":33,"key":"EssenceOfSteel"},{"floor":41,"key":"Poison Potion"}],"is_trial":false,"path_per_floor":["M","M","?","M","M","$","M","M","T","E","?","R","?","M","R","B",null,"M","M","M","M","?","$","?","?","T","E","M","M","R","M","R","B",null,"M","M","M","?","?","R","E","R","T","?","$","M","M","M","R"],"character_chosen":"DEFECT","items_purchased":["Lantern","Strawberry"],"campfire_rested":2,"item_purchase_floors":[6,23],"current_hp_per_floor":[75,75,64,64,64,64,58,58,58,70,70,70,52,52,52,52,75,75,75,70,66,66,73,73,73,73,72,77,66,66,66,66,50,87,87,84,84,84,84,84,73,87,87,87,87,87,84,84,87,0],"gold":0,"neow_bonus":"","is_prod":false,"is_daily":true,"chose_seed":false,"campfire_upgraded":2,"win_rate":0,"timestamp":1540702497,"path_taken":["M","M","?","M","M","$","M","M","T","E","?","R","?","M","R","BOSS","M","M","M","M","?","$","?","?","T","E","M","M","R","M","R","BOSS","M","M","M","?","?","R","E","R","T","?","$","M","M","M","R","BOSS"],"build_version":"2018-10-25v2","purchased_purges":0,"victory":false,"max_hp_per_floor":[75,75,75,75,75,75,75,75,75,75,75,75,75,75,75,75,75,75,75,75,75,75,82,82,82,82,82,87,87,87,87,87,87,87,87,87,87,87,87,87,87,87,87,87,87,87,87,87,87,87],"card_choices":[{"not_picked":["Hologram","Cold Snap"],"picked":"Ball Lightning","floor":1},{"not_picked":["Skim","Ball Lightning"],"picked":"Auto Shields","floor":2},{"not_picked":["Hello World","Capacitor"],"picked":"Conserve Battery","floor":4},{"not_picked":["Ball Lightning","Steam","Coolheaded"],"picked":"SKIP","floor":5},{"not_picked":["Glacier","Ball Lightning"],"picked":"Beam Cell","floor":7},{"not_picked":["Hello World","Compile Driver"],"picked":"Creative AI","floor":8},{"not_picked":["Loop","Static Discharge","Sweeping Beam"],"picked":"SKIP","floor":10},{"not_picked":["Darkness","Barrage","Beam Cell"],"picked":"SKIP","floor":14},{"not_picked":["Rainbow","Core Surge"],"picked":"Seek","floor":16},{"not_picked":["Tempest","Leap"],"picked":"Streamline","floor":18},{"not_picked":["Compile Driver","Barrage+1","Hello World"],"picked":"SKIP","floor":19},{"not_picked":["Beam Cell","Darkness"],"picked":"Sweeping Beam+1","floor":20},{"not_picked":["Conserve Battery","Turbo"],"picked":"Genetic Algorithm","floor":21},{"not_picked":["Melter","Steam Power"],"picked":"Hologram+1","floor":27},{"not_picked":["Static Discharge","Sweeping Beam"],"picked":"FTL+1","floor":28},{"not_picked":["Coolheaded","Streamline","Hello World"],"picked":"SKIP","floor":29},{"not_picked":["Steam+1","Beam Cell"],"picked":"Ball Lightning+1","floor":31},{"not_picked":["Meteor Strike","Machine Learning"],"picked":"All For One","floor":33},{"not_picked":["Aggregate","Coolheaded","Redo"],"picked":"SKIP","floor":35},{"not_picked":["Redo","Ball Lightning+1"],"picked":"Double Energy","floor":36},{"not_picked":["Melter","Conserve Battery+1"],"picked":"Beam Cell","floor":37},{"not_picked":["Force Field","Turbo+1","Heatsinks+1"],"picked":"SKIP","floor":41},{"not_picked":["Blizzard","Rebound+1"],"picked":"All For One","floor":46},{"not_picked":["Turbo","Cold Snap+1","Rebound"],"picked":"SKIP","floor":47},{"not_picked":["Fusion+1","Reprogram+1","Chill"],"picked":"SKIP","floor":48}],"player_experience":133290,"relics_obtained":[{"floor":9,"key":"Bronze Scales"},{"floor":10,"key":"Juzu Bracelet"},{"floor":11,"key":"Omamori"},{"floor":26,"key":"Bag of Marbles"},{"floor":27,"key":"Girya"},{"floor":41,"key":"Boot"},{"floor":43,"key":"Bottled Tornado"}],"event_choices":[{"damage_healed":0,"gold_gain":75,"player_choice":"Gather Gold","damage_taken":11,"max_hp_gain":0,"max_hp_loss":0,"event_name":"World of Goop","floor":3,"gold_loss":0},{"damage_healed":0,"gold_gain":30,"player_choice":"Searched \u00272\u0027 times","damage_taken":0,"max_hp_gain":0,"max_hp_loss":0,"event_name":"Dead Adventurer","floor":11,"gold_loss":0},{"damage_healed":0,"gold_gain":0,"player_choice":"Take Damage","damage_taken":18,"relics_obtained":["Golden Idol"],"max_hp_gain":0,"max_hp_loss":0,"event_name":"Golden Idol","floor":13,"gold_loss":0},{"damage_healed":0,"gold_gain":0,"player_choice":"Upgraded Two","damage_taken":0,"max_hp_gain":0,"max_hp_loss":0,"event_name":"Designer","floor":22,"gold_loss":40,"cards_upgraded":["Auto Shields","Conserve Battery"]},{"damage_healed":0,"gold_gain":0,"player_choice":"Ignored","damage_taken":0,"max_hp_gain":0,"max_hp_loss":0,"event_name":"Transmorgrifier","floor":25,"gold_loss":0},{"damage_healed":0,"gold_gain":0,"player_choice":"Ignored","damage_taken":0,"max_hp_gain":0,"max_hp_loss":0,"event_name":"The Moai Head","floor":38,"gold_loss":0},{"damage_healed":0,"gold_gain":0,"player_choice":"Paid","damage_taken":0,"relics_obtained":["Red Mask"],"max_hp_gain":0,"max_hp_loss":0,"event_name":"Tomb of Lord Red Mask","floor":39,"gold_loss":74},{"damage_healed":0,"gold_gain":0,"player_choice":"Memory 1","damage_taken":0,"max_hp_gain":0,"max_hp_loss":0,"event_name":"SensoryStone","floor":44,"gold_loss":0}],"is_beta":false,"boss_relics":[{"not_picked":["Lizard Tail","Cursed Key"],"picked":"Ectoplasm"},{"not_picked":["Eternal Feather","Snecko Eye"],"picked":"Fusion Hammer"}],"items_purged_floors":[],"is_endless":false,"potions_floor_spawned":[1,2,7,16,18,27,31,33,41,48],"killed_by":"Awakened One","ascension_level":0}