{"gold_per_floor":[116,132,132,132,150,180,180,193,243,243,260,260,110,126,126,226,226,239,239,224,124,124,156,156,6,6,6,6,25,25,25,25,129,129,149,249,249],"floor_reached":37,"playtime":2467,"items_purged":["Bash","Combust","Blood for Blood"],"score":443,"play_id":"9e23683f-52f3-4fec-8f46-d0c98418fcfb","local_time":"20181124203309","is_ascension_mode":true,"campfire_choices":[{"floor":7.0,"key":"RECALL"},{"floor":10.0,"key":"REST"},{"floor":12.0,"key":"REST"},{"data":"Armaments","floor":15.0,"key":"SMITH"},{"floor":24,"key":"REST"},{"floor":27,"key":"REST"},{"floor":32,"key":"REST"}],"neow_cost":"NONE","seed_source_timestamp":0,"circlet_count":0,"master_deck":["Flame Barrier","Anger","Seeing Red","Armaments+1","Feel No Pain+1","Headbutt","Inflame","Inflame","Reaper","Impervious","Metallicize","Flame Barrier","Shockwave","Disarm","Reaper","Shrug It Off","Uppercut","Shrug It Off"],"special_seed":0,"relics":["Pandora\u0027s Box","Paper Frog","Orrery","MutagenicStrength","Ancient Tea Set","The Courier","Fusion Hammer","Champion Belt"],"potions_floor_usage":[33,33,37],"damage_taken":[{"damage":7.0,"enemies":"Small Slimes","floor":1.0,"turns":3.0},{"damage":2.0,"enemies":"Jaw Worm","floor":2.0,"turns":4.0},{"damage":0.0,"enemies":"2 Louse","floor":5.0,"turns":2.0},{"damage":22.0,"enemies":"Lagavulin","floor":6.0,"turns":5.0},{"damage":11.0,"enemies":"2 Fungi Beasts","floor":8.0,"turns":4.0},{"damage":17.0,"enemies":"Large Slime","floor":11.0,"turns":5.0},{"damage":5.0,"enemies":"Looter","floor":14.0,"turns":3.0},{"damage":49.0,"enemies":"The Guardian","floor":16.0,"turns":7.0},{"damage":8.0,"enemies":"Shell Parasite","floor":18.0,"turns":6.0},{"damage":43.0,"enemies":"2 Thieves","floor":20.0,"turns":5.0},{"damage":18,"enemies":"Book of Stabbing","floor":23,"turns":6},{"damage":65,"enemies":"3 Cultists","floor":29,"turns":7},{"damage":114,"enemies":"Collector","floor":33,"turns":20},{"damage":32,"enemies":"3 Darklings","floor":35,"turns":8},{"damage":11,"enemies":"Mind Bloom Boss Battle","floor":36,"turns":9},{"damage":102,"enemies":"2 Orb Walkers","floor":37,"turns":5}],"seed_played":"8491930034369347686","potions_obtained":[{"floor":2.0,"key":"Poison Potion"},{"floor":6.0,"key":"FairyPotion"},{"floor":8.0,"key":"SmokeBomb"},{"floor":11.0,"key":"SneckoOil"},{"floor":29,"key":"LiquidBronze"},{"floor":36,"key":"Ancient Potion"}],"is_trial":false,"path_per_floor":["M","M","?","?","M","E","R","M","T","R","M","R","$","M","R","B",null,"M","?","M","$","?","E","R","$","T","R","?","M","?","$","R","B",null,"M","?","?"],"character_chosen":"IRONCLAD","items_purchased":["Impervious","Shrug It Off"],"campfire_rested":5,"item_purchase_floors":[13,25],"current_hp_per_floor":[73,71,55,60,60,38,38,27,27,52,35,60,60,63,63,14,85,77,77,42,42,42,28,53,53,53,78,78,40,40,40,65,2,85,63,82,0],"gold":249,"neow_bonus":"BOSS_RELIC","is_prod":false,"is_daily":false,"chose_seed":false,"campfire_upgraded":1,"win_rate":0,"timestamp":1543113189,"path_taken":["M","M","?","?","M","E","R","M","T","R","M","R","?","M","R","BOSS","M","?","M","$","?","E","R","$","T","R","?","M","?","?","R","BOSS","M","?","?"],"build_version":"2018-11-15","purchased_purges":3,"victory":false,"max_hp_per_floor":[80,80,80,85,85,85,85,85,85,85,85,85,85,85,85,85,85,85,85,85,85,85,85,85,85,85,85,85,85,85,85,85,85,85,85,85,85],"card_choices":[{"not_picked":["Body Slam","Sever Soul","Armaments"],"picked":"SKIP","floor":1.0},{"not_picked":["Cleave","Wild Strike","Pommel Strike"],"picked":"SKIP","floor":2.0},{"not_picked":["Flex","Corruption","Havoc"],"picked":"SKIP","floor":5.0},{"not_picked":["Headbutt","Perfected Strike"],"picked":"Inflame","floor":6.0},{"not_picked":["Twin Strike","Clash"],"picked":"Inflame","floor":8.0},{"not_picked":["Iron Wave","Perfected Strike"],"picked":"Reaper","floor":11.0},{"not_picked":["Combust","Wild Strike","Heavy Blade"],"picked":"SKIP","floor":14.0},{"not_picked":["Twin Strike","Armaments"],"picked":"Metallicize","floor":17.0},{"not_picked":["Headbutt","Carnage"],"picked":"Flame Barrier","floor":17.0},{"not_picked":["Cleave","Clothesline"],"picked":"Shockwave","floor":17.0},{"not_picked":["Clothesline","Infernal Blade","Warcry"],"picked":"SKIP","floor":18.0},{"not_picked":["Clothesline","Havoc"],"picked":"Disarm","floor":20.0},{"not_picked":["Perfected Strike","Body Slam"],"picked":"Reaper","floor":23},{"not_picked":["Havoc","Perfected Strike"],"picked":"Uppercut","floor":29},{"not_picked":["Evolve+1","Thunderclap"],"picked":"Shrug It Off","floor":35}],"player_experience":472322,"relics_obtained":[{"floor":6.0,"key":"Paper Frog"},{"floor":23,"key":"Ancient Tea Set"},{"floor":26,"key":"The Courier"},{"floor":36,"key":"Champion Belt"}],"event_choices":[{"damage_healed":0.0,"max_hp_gain":0.0,"max_hp_loss":0.0,"gold_gain":0.0,"event_name":"Shining Light","player_choice":"Entered Light","floor":3.0,"gold_loss":0.0,"damage_taken":16.0,"cards_upgraded":["Iron Wave","Feel No Pain"]},{"damage_healed":0.0,"max_hp_gain":5.0,"max_hp_loss":0.0,"gold_gain":0.0,"event_name":"Big Fish","player_choice":"Donut","floor":4.0,"gold_loss":0.0,"damage_taken":0.0},{"damage_healed":0.0,"max_hp_gain":0.0,"max_hp_loss":0.0,"gold_gain":0.0,"event_name":"Vampires","player_choice":"Ignored","floor":19.0,"gold_loss":0.0,"damage_taken":0.0},{"damage_healed":0,"gold_gain":0,"player_choice":"Inject Mutagens","damage_taken":0,"relics_obtained":["MutagenicStrength"],"max_hp_gain":0,"max_hp_loss":0,"event_name":"Drug Dealer","floor":22,"gold_loss":0},{"cards_removed":["Iron Wave"],"damage_healed":0,"gold_gain":0,"player_choice":"Elegance","damage_taken":0,"max_hp_gain":0,"max_hp_loss":0,"event_name":"Back to Basics","floor":30,"gold_loss":0},{"damage_healed":0,"gold_gain":0,"player_choice":"Fight","damage_taken":0,"max_hp_gain":0,"max_hp_loss":0,"event_name":"MindBloom","floor":36,"gold_loss":0},{"damage_healed":0,"gold_gain":0,"player_choice":"Fight","damage_taken":0,"max_hp_gain":0,"max_hp_loss":0,"event_name":"Mysterious Sphere","floor":37,"gold_loss":0}],"is_beta":false,"boss_relics":[{"not_picked":["Velvet Choker","White Beast Statue"],"picked":"Orrery"},{"not_picked":["Astrolabe","Philosopher\u0027s Stone"],"picked":"Fusion Hammer"}],"items_purged_floors":[13,21,25],"is_endless":false,"potions_floor_spawned":[2,6,8,11,29,36],"killed_by":"2 Orb Walkers","ascension_level":3}