{"path_per_floor":["M","M","?","$","M","E","R","M","T","E","$","?","?","M","R"],"character_chosen":"DEFECT","items_purchased":["Blizzard","Conserve Battery+1","Self Repair"],"gold_per_floor":[113,123,123,36,46,80,80,91,91,123,44,119,119,129,129,129],"floor_reached":16,"campfire_rested":1,"playtime":836,"item_purchase_floors":[4,11,11],"current_hp_per_floor":[68,64,57,57,57,29,49,38,38,24,24,13,13,16,16,0],"items_purged":["Strike_B"],"gold":129,"score":121,"play_id":"19677f7c-96b7-4162-b23e-dba19d4b4505","local_time":"20180608184301","is_prod":false,"is_daily":false,"chose_seed":false,"is_ascension_mode":true,"campfire_upgraded":1,"win_rate":0,"timestamp":1528454581,"campfire_choices":[{"floor":7,"key":"REST"},{"data":"Zap","floor":15,"key":"SMITH"}],"path_taken":["M","?","?","$","M","E","R","?","T","E","?","?","?","?","R","BOSS"],"build_version":"2018-06-07","seed_source_timestamp":3697985848121,"purchased_purges":1,"victory":false,"master_deck":["Strike_B","Strike_B","Strike_B","Defend_B","Defend_B","Defend_B","Defend_B","Zap+1","Dualcast","Echo Form+1","Undo","Compile Driver","Blizzard","Hologram","Glacier","Cold Snap","Conserve Battery+1","Self Repair"],"max_hp_per_floor":[68,68,68,68,68,68,68,68,68,68,68,68,68,68,68,68],"relics":["Cracked Core","The Courier","Shuriken","Toxic Egg 2","Boot"],"card_choices":[{"not_picked":["Multi-Cast","Fission"],"picked":"Echo Form","floor":0},{"not_picked":["Rebound","Rip and Tear"],"picked":"Undo","floor":1},{"not_picked":["Skim","White Noise"],"picked":"Compile Driver","floor":2},{"not_picked":["Steam","Compile Driver"],"picked":"Hologram","floor":5},{"not_picked":["Go for the Eyes","Darkness"],"picked":"Glacier","floor":6},{"not_picked":["Barrage","Capacitor","White Noise"],"picked":"SKIP","floor":8},{"not_picked":["Beam Cell","Blizzard"],"picked":"Cold Snap","floor":10},{"not_picked":["Hologram+1","Ball Lightning","Steam+1"],"picked":"SKIP","floor":14}],"player_experience":439192,"potions_floor_usage":[5,16],"damage_taken":[{"damage":0,"enemies":"Cultist","floor":1,"turns":4},{"damage":4,"enemies":"Small Slimes","floor":2,"turns":4},{"damage":0,"enemies":"2 Louse","floor":5,"turns":2},{"damage":28,"enemies":"Gremlin Nob","floor":6,"turns":4},{"damage":11,"enemies":"Blue Slaver","floor":8,"turns":4},{"damage":14,"enemies":"Lagavulin","floor":10,"turns":9},{"damage":4,"enemies":"Lots of Slimes","floor":14,"turns":4},{"damage":17,"enemies":"Hexaghost","floor":16,"turns":9}],"relics_obtained":[{"floor":6,"key":"Shuriken"},{"floor":9,"key":"Toxic Egg 2"},{"floor":10,"key":"Boot"}],"event_choices":[{"event_name":"Scrap Ooze","player_choice":"success","floor":3,"damage_taken":7},{"event_name":"World of Goop","player_choice":"Gather Gold","floor":12,"damage_taken":0},{"event_name":"Living Wall","player_choice":"Grow","floor":13,"damage_taken":0}],"boss_relics":[],"items_purged_floors":[4],"potions_floor_spawned":[2,6],"seed_played":"9090918893044073599","killed_by":"Hexaghost","ascension_level":2,"potions_obtained":[{"floor":2,"key":"Explosive Potion"},{"floor":6,"key":"AttackPotion"}],"is_trial":false}