{"gold_per_floor":[115,40,40,55,55,55,83,83,83,102,7,19,19,31,31,108,108,124,134,134,134,148,178,178,178],"floor_reached":25,"playtime":973,"items_purged":[],"score":492,"play_id":"9a1f5bd8-6a61-48ec-af8e-c4ed3e8ed30f","local_time":"20190101122436","is_ascension_mode":true,"campfire_choices":[{"data":"BootSequence","floor":6.0,"key":"SMITH"},{"data":"Zap","floor":8.0,"key":"SMITH"},{"data":"Chaos","floor":13.0,"key":"SMITH"},{"data":"Go for the Eyes","floor":15.0,"key":"SMITH"},{"floor":24,"key":"REST"}],"neow_cost":"NONE","seed_source_timestamp":2660783725917,"circlet_count":0,"master_deck":["AscendersBane","Strike_B","Defend_B","Defend_B","Defend_B","Defend_B","Zap+1","Dualcast","BootSequence+1","FTL","Leap","Chaos+1","FTL","Go for the Eyes+1","Creative AI","Steam+1","Genetic Algorithm","Blizzard","Glacier"],"special_seed":0,"relics":["Cracked Core","NeowsBlessing","Bag of Preparation","Oddly Smooth Stone","Letter Opener","Cursed Key","Calipers"],"potions_floor_usage":[23,25],"damage_taken":[{"damage":0.0,"enemies":"Cultist","floor":1.0,"turns":1.0},{"damage":0.0,"enemies":"2 Louse","floor":4.0,"turns":2.0},{"damage":0.0,"enemies":"3 Sentries","floor":7.0,"turns":1.0},{"damage":0.0,"enemies":"Small Slimes","floor":10.0,"turns":2.0},{"damage":5.0,"enemies":"Exordium Thugs","floor":12.0,"turns":3.0},{"damage":0.0,"enemies":"Blue Slaver","floor":14.0,"turns":3.0},{"damage":20.0,"enemies":"Hexaghost","floor":16.0,"turns":10.0},{"damage":10.0,"enemies":"Shell Parasite","floor":18.0,"turns":5.0},{"damage":0.0,"enemies":"Chosen","floor":19.0,"turns":5.0},{"damage":0,"enemies":"Centurion and Healer","floor":22,"turns":8},{"damage":35,"enemies":"Book of Stabbing","floor":23,"turns":5},{"damage":42,"enemies":"Slavers","floor":25,"turns":4}],"seed_played":"-4733794112023942064","potions_obtained":[{"floor":4.0,"key":"Energy Potion"},{"floor":10.0,"key":"FocusPotion"},{"floor":23,"key":"Strength Potion"}],"is_trial":false,"path_per_floor":["M","?","M","T","R","E","R","T","M","$","M","R","M","R","B",null,"M","M","?","M","E","R","E"],"character_chosen":"DEFECT","items_purchased":["FTL","Go for the Eyes"],"campfire_rested":1,"item_purchase_floors":[11,11],"current_hp_per_floor":[64,64,64,64,64,64,64,64,64,64,64,59,59,59,59,39,63,53,53,53,53,53,18,39,0],"gold":178,"neow_bonus":"THREE_ENEMY_KILL","is_prod":false,"is_daily":false,"chose_seed":false,"campfire_upgraded":4,"win_rate":0,"timestamp":1546341876,"path_taken":["M","?","?","?","?","R","E","R","T","M","$","?","R","M","R","BOSS","M","M","?","?","M","E","R","E"],"build_version":"2018-12-25","purchased_purges":0,"victory":false,"max_hp_per_floor":[71,71,71,71,71,71,71,71,71,71,71,71,71,71,71,71,71,71,71,71,71,71,71,71,71],"card_choices":[{"not_picked":["Beam Cell","Streamline"],"picked":"BootSequence","floor":1.0},{"not_picked":["Leap","Darkness"],"picked":"FTL","floor":4.0},{"not_picked":["Gash","Recycle"],"picked":"Leap","floor":7.0},{"not_picked":["Stack","Sweeping Beam"],"picked":"Chaos","floor":10.0},{"not_picked":["Barrage","Recycle","Rebound"],"picked":"SKIP","floor":12.0},{"not_picked":["Lockon","Sunder","Rebound"],"picked":"SKIP","floor":14.0},{"not_picked":["Seek","Amplify"],"picked":"Creative AI","floor":16.0},{"not_picked":["Redo","Skim+1"],"picked":"Steam+1","floor":18.0},{"not_picked":["Beam Cell","Sweeping Beam","Compile Driver"],"picked":"SKIP","floor":19.0},{"not_picked":["Doom and Gloom","Cold Snap","Compile Driver"],"picked":"SKIP","floor":22},{"not_picked":["Hello World","Compile Driver"],"picked":"Glacier","floor":23}],"player_experience":891275,"relics_obtained":[{"floor":5.0,"key":"Bag of Preparation"},{"floor":7.0,"key":"Oddly Smooth Stone"},{"floor":9.0,"key":"Letter Opener"},{"floor":23,"key":"Calipers"}],"event_choices":[{"cards_removed":["Strike_B"],"damage_healed":0.0,"max_hp_gain":0.0,"max_hp_loss":0.0,"gold_gain":0.0,"event_name":"The Cleric","player_choice":"Card Removal","floor":2.0,"gold_loss":75.0,"damage_taken":0.0},{"damage_healed":0.0,"max_hp_gain":0.0,"max_hp_loss":0.0,"gold_gain":0.0,"event_name":"WeMeetAgain","player_choice":"Ignored","floor":3.0,"gold_loss":0.0,"damage_taken":0.0},{"damage_healed":0,"gold_gain":0,"cards_transformed":["Strike_B","Strike_B"],"player_choice":"Became Test Subject","damage_taken":0,"max_hp_gain":0,"max_hp_loss":0,"event_name":"Drug Dealer","floor":20,"gold_loss":0,"cards_obtained":["Genetic Algorithm","Blizzard"]},{"damage_healed":0,"gold_gain":0,"player_choice":"0 cards matched","damage_taken":0,"max_hp_gain":0,"max_hp_loss":0,"event_name":"Match and Keep!","floor":21,"gold_loss":0,"cards_obtained":[]}],"is_beta":true,"boss_relics":[{"not_picked":["Empty Cage","Lizard Tail"],"picked":"Cursed Key"}],"items_purged_floors":[],"is_endless":false,"potions_floor_spawned":[4,10,14,23],"killed_by":"Slavers","ascension_level":20}