{"gold_per_floor":[119,119,119,119,143,143,183,183,265,440,458,51,84,108,108,228,291,309,309,309,309,234,234,22,35,35,66,66,66,81,96,96,219,219,234,234,248,4,17,51,75,111,135,151,175,175,206,206,206,206],"floor_reached":51,"playtime":1750,"items_purged":["Doubt","Strike_R"],"score":828,"play_id":"805278c1-7927-4c92-a01b-6e65bb8633a5","local_time":"20190301010717","is_ascension_mode":false,"campfire_choices":[{"data":"Bash","floor":6.0,"key":"SMITH"},{"data":"Inflame","floor":8.0,"key":"SMITH"},{"data":"Discovery","floor":15.0,"key":"SMITH"},{"data":"Armaments","floor":23.0,"key":"SMITH"},{"data":"Uppercut","floor":28.0,"key":"SMITH"},{"data":"Demon Form","floor":32.0,"key":"SMITH"},{"data":"Limit Break","floor":46.0,"key":"SMITH"},{"data":"Heavy Blade","floor":49.0,"key":"SMITH"}],"neow_cost":"NONE","seed_source_timestamp":9706641910438,"circlet_count":0,"master_deck":["Strike_R","Strike_R","Strike_R","Defend_R","Defend_R","Defend_R","Defend_R+1","Bash+1","Rampage+1","Inflame+1","Heavy Blade+1","Discovery+1","Shrug It Off","Evolve","Reaper","Demon Form+1","Armaments+1","Uppercut+1","Pummel","True Grit+1","Berserk","Feel No Pain+1","Limit Break+1","Shockwave+1","Reaper","Feel No Pain","Twin Strike+1","Iron Wave+1","Parasite","Havoc+1","Reaper+1","Corruption","Flame Barrier+1","Uppercut+1"],"special_seed":0,"relics":["Burning Blood","Vajra","Golden Idol","Thread and Needle","Paper Frog","Medical Kit","Odd Mushroom","Tiny House","MutagenicStrength","Boot","Nilry\u0027s Codex","Bronze Scales","Pear","Kunai","Sozu","Lantern","Molten Egg 2","Art of War","PreservedInsect","Frozen Egg 2"],"potions_floor_usage":[],"damage_taken":[{"damage":0.0,"enemies":"2 Louse","floor":1.0,"turns":4.0},{"damage":2.0,"enemies":"Small Slimes","floor":5.0,"turns":3.0},{"damage":26.0,"enemies":"Lagavulin","floor":7.0,"turns":5.0},{"damage":0.0,"enemies":"Cultist","floor":11.0,"turns":3.0},{"damage":1.0,"enemies":"The Mushroom Lair","floor":13.0,"turns":5.0},{"damage":0.0,"enemies":"Lots of Slimes","floor":14.0,"turns":5.0},{"damage":36.0,"enemies":"The Guardian","floor":16.0,"turns":9.0},{"damage":15.0,"enemies":"2 Thieves","floor":18.0,"turns":4.0},{"damage":2.0,"enemies":"Chosen","floor":25.0,"turns":4.0},{"damage":35.0,"enemies":"Book of Stabbing","floor":27.0,"turns":7.0},{"damage":1.0,"enemies":"Centurion and Healer","floor":30.0,"turns":5.0},{"damage":8.0,"enemies":"Chosen and Byrds","floor":31.0,"turns":5.0},{"damage":31.0,"enemies":"Automaton","floor":33.0,"turns":8.0},{"damage":6.0,"enemies":"Orb Walker","floor":35.0,"turns":3.0},{"damage":15.0,"enemies":"3 Darklings","floor":37.0,"turns":5.0},{"damage":15.0,"enemies":"Sphere and 2 Shapes","floor":39.0,"turns":4.0},{"damage":16.0,"enemies":"Reptomancer","floor":40.0,"turns":7.0},{"damage":19.0,"enemies":"Writhing Mass","floor":41.0,"turns":4.0},{"damage":75.0,"enemies":"Nemesis","floor":42.0,"turns":5.0},{"damage":11.0,"enemies":"Maw","floor":44.0,"turns":8.0},{"damage":0.0,"enemies":"4 Shapes","floor":45.0,"turns":5.0},{"damage":6.0,"enemies":"Giant Head","floor":47.0,"turns":6.0},{"damage":56,"enemies":"Donu and Deca","floor":50,"turns":8}],"seed_played":"8803136557008125200","potions_obtained":[{"floor":7.0,"key":"Block Potion"},{"floor":11.0,"key":"Explosive Potion"},{"floor":13.0,"key":"Weak Potion"},{"floor":14.0,"key":"Regen Potion"},{"floor":16.0,"key":"Fire Potion"},{"floor":17.0,"key":"EntropicBrew"},{"floor":30.0,"key":"SkillPotion"}],"is_trial":false,"path_per_floor":["M","$","?","?","M","R","E","R","T","?","M","$","?","M","R","B",null,"M","?","?","?","?","R","$","M","T","E","R","?","M","M","R","B",null,"M","?","M","$","M","E","M","E","T","M","M","R","E","?","R","B",null],"character_chosen":"IRONCLAD","items_purchased":["Discovery","Medical Kit","Shrug It Off","Pummel","Bronze Scales","Lantern"],"campfire_rested":0,"item_purchase_floors":[12,12,12,24,24,38],"current_hp_per_floor":[80,80,80,60,64,64,44,44,44,44,50,50,55,61,61,39,85,76,76,76,60,60,60,60,72,82,82,82,82,87,85,85,95,95,95,95,95,95,86,93,80,11,11,77,95,95,95,95,95,95],"gold":206,"neow_bonus":"RANDOM_COMMON_RELIC","is_prod":false,"is_daily":false,"chose_seed":false,"campfire_upgraded":8,"win_rate":0,"timestamp":1551424037,"path_taken":["M","$","?","?","M","R","E","R","T","?","M","$","?","M","R","BOSS","M","?","?","?","?","R","$","M","T","E","R","?","M","M","R","BOSS","M","?","M","$","?","E","?","E","T","M","M","R","E","?","R","BOSS"],"build_version":"2019-01-23","purchased_purges":2,"victory":true,"max_hp_per_floor":[80,80,80,80,80,80,80,80,80,80,80,80,80,80,80,80,85,85,85,85,85,85,85,85,85,95,95,95,95,95,95,95,95,95,95,95,95,95,95,95,95,95,95,95,95,95,95,95,95,95],"card_choices":[{"not_picked":["Wild Strike","Bloodletting"],"picked":"Rampage","floor":1.0},{"not_picked":["Combust","Feel No Pain","Clash"],"picked":"SKIP","floor":5.0},{"not_picked":["Offering","Body Slam"],"picked":"Inflame","floor":7.0},{"not_picked":["Intimidate","Wild Strike"],"picked":"Heavy Blade","floor":11.0},{"not_picked":["Seeing Red","Combust"],"picked":"Evolve","floor":13.0},{"not_picked":["True Grit","Twin Strike"],"picked":"Reaper","floor":14.0},{"not_picked":["Exhume","Dark Embrace"],"picked":"Demon Form","floor":16.0},{"not_picked":["Rampage","Clothesline"],"picked":"Armaments","floor":17.0},{"not_picked":["Disarm","Rampage+1"],"picked":"Uppercut","floor":18.0},{"not_picked":["Anger","Iron Wave+1"],"picked":"True Grit+1","floor":25.0},{"not_picked":["Perfected Strike","Thunderclap+1","Flex"],"picked":"SKIP","floor":27.0},{"not_picked":["Thunderclap","Clash"],"picked":"Feel No Pain+1","floor":30.0},{"not_picked":["Pommel Strike","Thunderclap","Searing Blow+1"],"picked":"SKIP","floor":31.0},{"not_picked":["Offering","Demon Form"],"picked":"Limit Break","floor":33.0},{"not_picked":["Armaments","Havoc"],"picked":"Shockwave+1","floor":35.0},{"not_picked":["Cleave+1","Headbutt+1"],"picked":"Feel No Pain","floor":37.0},{"not_picked":["Rampage+1","Clothesline+1"],"picked":"Twin Strike+1","floor":39.0},{"not_picked":["Sword Boomerang+1","Sever Soul"],"picked":"Iron Wave+1","floor":40.0},{"not_picked":["Flex+1","Evolve+1"],"picked":"Havoc+1","floor":41.0},{"not_picked":["Hemokinesis+1","Intimidate+1"],"picked":"Reaper+1","floor":42.0},{"not_picked":["Sword Boomerang+1","Iron Wave+1"],"picked":"Corruption","floor":44.0},{"not_picked":["Clothesline+1","Headbutt+1"],"picked":"Flame Barrier+1","floor":45.0},{"not_picked":["Clothesline+1","Anger+1"],"picked":"Uppercut+1","floor":47.0}],"player_experience":956402,"relics_obtained":[{"floor":7.0,"key":"Thread and Needle"},{"floor":9.0,"key":"Paper Frog"},{"floor":13.0,"key":"Odd Mushroom"},{"floor":21.0,"key":"Nilry\u0027s Codex"},{"floor":26.0,"key":"Pear"},{"floor":27.0,"key":"Kunai"},{"floor":40.0,"key":"Molten Egg 2"},{"floor":42.0,"key":"Art of War"},{"floor":43.0,"key":"PreservedInsect"},{"floor":47.0,"key":"Frozen Egg 2"}],"event_choices":[{"damage_healed":0.0,"max_hp_gain":0.0,"max_hp_loss":0.0,"gold_gain":0.0,"event_name":"Living Wall","player_choice":"Grow","floor":3.0,"gold_loss":0.0,"damage_taken":0.0,"cards_upgraded":["Rampage"]},{"damage_healed":0.0,"max_hp_gain":0.0,"max_hp_loss":0.0,"gold_gain":0.0,"event_name":"Golden Idol","player_choice":"Take Damage","floor":4.0,"gold_loss":0.0,"damage_taken":20.0,"relics_obtained":["Golden Idol"]},{"damage_healed":0.0,"max_hp_gain":0.0,"max_hp_loss":0.0,"gold_gain":175.0,"event_name":"Liars Game","player_choice":"AGREE","floor":10.0,"gold_loss":0.0,"damage_taken":0.0,"cards_obtained":["Doubt"]},{"damage_healed":0.0,"max_hp_gain":0.0,"max_hp_loss":0.0,"gold_gain":0.0,"event_name":"Mushrooms","player_choice":"Fought Mushrooms","floor":13.0,"gold_loss":0.0,"damage_taken":0.0},{"damage_healed":0.0,"max_hp_gain":0.0,"max_hp_loss":0.0,"gold_gain":0.0,"event_name":"Drug Dealer","player_choice":"Inject Mutagens","floor":19.0,"gold_loss":0.0,"damage_taken":0.0,"relics_obtained":["MutagenicStrength"]},{"damage_healed":0.0,"max_hp_gain":0.0,"max_hp_loss":0.0,"gold_gain":0.0,"event_name":"The Mausoleum","player_choice":"Opened","floor":20.0,"gold_loss":0.0,"damage_taken":0.0,"relics_obtained":["Boot"],"cards_obtained":["Writhe"]},{"damage_healed":0.0,"max_hp_gain":0.0,"max_hp_loss":0.0,"gold_gain":0.0,"event_name":"Cursed Tome","player_choice":"Obtained Book","floor":21.0,"gold_loss":0.0,"damage_taken":16.0},{"cards_removed":["Writhe"],"damage_healed":0.0,"max_hp_gain":0.0,"max_hp_loss":0.0,"gold_gain":0.0,"event_name":"Beggar","player_choice":"Gave Gold","floor":22.0,"gold_loss":75.0,"damage_taken":0.0},{"damage_healed":0.0,"max_hp_gain":0.0,"max_hp_loss":0.0,"gold_gain":0.0,"event_name":"The Library","player_choice":"Read","floor":29.0,"gold_loss":0.0,"damage_taken":0.0,"cards_obtained":["Berserk"]},{"damage_healed":0.0,"max_hp_gain":0.0,"max_hp_loss":0.0,"gold_gain":0.0,"cards_transformed":["Strike_R"],"event_name":"Transmorgrifier","player_choice":"Transformed","floor":36.0,"gold_loss":0.0,"damage_taken":0.0,"cards_obtained":["Reaper"]},{"damage_healed":0.0,"max_hp_gain":0.0,"max_hp_loss":0.0,"gold_gain":0.0,"event_name":"Mysterious Sphere","player_choice":"Ignored","floor":48.0,"gold_loss":0.0,"damage_taken":0.0}],"is_beta":false,"boss_relics":[{"not_picked":["Black Blood","Orrery"],"picked":"Tiny House"},{"not_picked":["Lizard Tail","Calling Bell"],"picked":"Sozu"}],"items_purged_floors":[12,38],"is_endless":false,"potions_floor_spawned":[7,11,13,14,16,30,35,39,42,44],"ascension_level":0}