{"gold_per_floor":[118,118,136,136,136,136,136,179,179,179,254,254,269,300,300,300],"floor_reached":16,"playtime":367,"items_purged":[],"score":212,"play_id":"243e92c2-b419-463d-9384-8962563cf694","local_time":"20190112213620","is_ascension_mode":true,"campfire_choices":[{"floor":6,"key":"REST"},{"floor":10,"key":"REST"},{"data":"Fission","floor":12,"key":"SMITH"},{"data":"Coolheaded","floor":15,"key":"SMITH"}],"neow_cost":"NONE","seed_source_timestamp":40539723097056,"circlet_count":0,"master_deck":["AscendersBane","Strike_B+1","Strike_B+1","Strike_B","Defend_B","Defend_B","Defend_B","Defend_B","Zap","Dualcast","Rainbow","Ball Lightning","Ball Lightning","White Noise","Fission+1","BootSequence","Coolheaded+1"],"special_seed":0,"relics":["Cracked Core","Golden Idol","Shuriken","Question Card","Dream Catcher","Molten Egg 2"],"potions_floor_usage":[8],"damage_taken":[{"damage":12,"enemies":"Small Slimes","floor":1,"turns":4},{"damage":0,"enemies":"2 Louse","floor":3,"turns":2},{"damage":25,"enemies":"Lagavulin","floor":8,"turns":6},{"damage":2,"enemies":"Jaw Worm","floor":13,"turns":2},{"damage":10,"enemies":"3 Sentries","floor":14,"turns":5},{"damage":29,"enemies":"The Guardian","floor":16,"turns":2}],"seed_played":"-5748047394043169687","potions_obtained":[{"floor":3,"key":"Regen Potion"}],"is_trial":false,"path_per_floor":["M","?","M","?","?","R","?","E","T","R","?","R","M","E","R","B"],"character_chosen":"DEFECT","items_purchased":[],"campfire_rested":2,"item_purchase_floors":[],"current_hp_per_floor":[52,52,52,33,26,45,34,24,24,43,32,32,30,20,20,0],"gold":300,"neow_bonus":"ONE_RANDOM_RARE_CARD","is_prod":false,"is_daily":false,"chose_seed":false,"campfire_upgraded":2,"win_rate":0,"timestamp":1547325380,"path_taken":["M","?","M","?","?","R","?","E","T","R","?","R","?","E","R","BOSS"],"build_version":"2019-01-10","purchased_purges":0,"victory":false,"max_hp_per_floor":[71,64,64,64,64,64,64,64,64,64,64,64,64,64,64,64],"card_choices":[{"not_picked":["Leap","Coolheaded"],"picked":"Ball Lightning","floor":1},{"not_picked":["Hologram","Redo"],"picked":"Ball Lightning","floor":3},{"not_picked":["Beam Cell","Lockon"],"picked":"White Noise","floor":8},{"not_picked":["Leap","Double Energy","Ball Lightning"],"picked":"Fission","floor":10},{"not_picked":["Sweeping Beam","Skim","Recycle"],"picked":"BootSequence","floor":13},{"not_picked":["Genetic Algorithm","Recycle","Hologram"],"picked":"Coolheaded","floor":14}],"player_experience":918540,"relics_obtained":[{"floor":8,"key":"Question Card"},{"floor":9,"key":"Dream Catcher"},{"floor":14,"key":"Molten Egg 2"}],"event_choices":[{"damage_healed":0,"gold_gain":0,"player_choice":"Lose Max HP","damage_taken":0,"relics_obtained":["Golden Idol"],"max_hp_gain":0,"max_hp_loss":7,"event_name":"Golden Idol","floor":2,"gold_loss":0},{"damage_healed":0,"gold_gain":0,"player_choice":"Entered Light","damage_taken":19,"max_hp_gain":0,"max_hp_loss":0,"event_name":"Shining Light","floor":4,"gold_loss":0,"cards_upgraded":["Strike_B","Strike_B"]},{"cards_removed":["Strike_B"],"damage_healed":0,"gold_gain":0,"player_choice":"Card Removal","damage_taken":7,"max_hp_gain":0,"max_hp_loss":0,"event_name":"Golden Wing","floor":5,"gold_loss":0},{"damage_healed":0,"gold_gain":0,"player_choice":"Success","damage_taken":11,"relics_obtained":["Shuriken"],"max_hp_gain":0,"max_hp_loss":0,"event_name":"Scrap Ooze","floor":7,"gold_loss":0},{"damage_healed":0,"gold_gain":75,"player_choice":"Gather Gold","damage_taken":11,"max_hp_gain":0,"max_hp_loss":0,"event_name":"World of Goop","floor":11,"gold_loss":0}],"is_beta":true,"boss_relics":[],"items_purged_floors":[],"is_endless":false,"potions_floor_spawned":[3],"killed_by":"The Guardian","ascension_level":20}