{"gold_per_floor":[112,112,125,125,139,172,172,172,195,212,89,107,107,122,122,224,224,239,239,255,255,155,155,155],"floor_reached":24,"playtime":2400,"items_purged":["Strike_R","Doubt"],"score":206,"play_id":"54688e6c-5a9b-479a-9b30-1ae7a0a2addf","local_time":"20180803083608","is_ascension_mode":true,"campfire_choices":[{"data":"Searing Blow","floor":8,"key":"SMITH"},{"data":"Searing Blow+1","floor":13,"key":"SMITH"},{"floor":15,"key":"REST"},{"data":"Searing Blow+2","floor":23,"key":"SMITH"}],"neow_cost":"NONE","seed_source_timestamp":603410881138219,"circlet_count":0,"master_deck":["Strike_R","Defend_R","Defend_R","Defend_R","Defend_R","Bash","Cleave","Warcry","Searing Blow+3","Cleave","Ghostly Armor","Iron Wave","Headbutt","Headbutt","Rage","Flex"],"relics":["Burning Blood","Happy Flower","Blood Vial","Anchor","Empty Cage"],"potions_floor_usage":[6,16,16,24],"damage_taken":[{"damage":8,"enemies":"Jaw Worm","floor":1,"turns":3},{"damage":2,"enemies":"2 Louse","floor":3,"turns":3},{"damage":1,"enemies":"Cultist","floor":5,"turns":4},{"damage":52,"enemies":"Lagavulin","floor":6,"turns":10},{"damage":0,"enemies":"Lots of Slimes","floor":10,"turns":2},{"damage":0,"enemies":"3 Louse","floor":12,"turns":2},{"damage":0,"enemies":"Blue Slaver","floor":14,"turns":3},{"damage":35,"enemies":"Slime Boss","floor":16,"turns":9},{"damage":31,"enemies":"3 Byrds","floor":18,"turns":8},{"damage":25,"enemies":"Spheric Guardian","floor":20,"turns":4},{"damage":60,"enemies":"Gremlin Leader","floor":24,"turns":4}],"seed_played":"8087420584232192617","potions_obtained":[{"floor":5,"key":"Ancient Potion"},{"floor":6,"key":"Ancient Potion"},{"floor":10,"key":"Swift Potion"},{"floor":14,"key":"EssenceOfSteel"},{"floor":18,"key":"BloodPotion"}],"is_trial":false,"path_per_floor":["M","?","M","?","M","E","?","R","T","M","$","M","R","M","R","B",null,"M","?","M","?","$","R"],"character_chosen":"IRONCLAD","items_purchased":["Iron Wave"],"campfire_rested":1,"item_purchase_floors":[11],"current_hp_per_floor":[78,78,80,85,85,39,39,39,39,47,47,55,55,63,85,56,85,60,60,43,43,43,43,0],"gold":155,"neow_bonus":"RANDOM_COMMON_RELIC","is_prod":false,"is_daily":false,"chose_seed":false,"campfire_upgraded":3,"win_rate":0,"timestamp":1533310568,"path_taken":["M","?","?","?","M","E","?","R","T","M","$","?","R","M","R","BOSS","M","?","?","?","$","R","E"],"build_version":"2018-08-02","purchased_purges":2,"victory":false,"max_hp_per_floor":[80,80,80,85,85,85,85,85,85,85,85,85,85,85,85,85,85,85,85,85,85,85,85,85],"card_choices":[{"not_picked":["Shrug It Off","Carnage"],"picked":"Cleave","floor":1},{"not_picked":["Heavy Blade","True Grit"],"picked":"Warcry","floor":3},{"not_picked":["Clothesline","Body Slam"],"picked":"Searing Blow","floor":5},{"not_picked":["Anger","Hemokinesis"],"picked":"Cleave","floor":6},{"not_picked":["Dark Embrace","Perfected Strike"],"picked":"Ghostly Armor","floor":10},{"not_picked":["Cleave","Twin Strike"],"picked":"Headbutt","floor":12},{"not_picked":["Pommel Strike","Warcry"],"picked":"Headbutt","floor":14},{"not_picked":["Iron Wave+1","Headbutt"],"picked":"Rage","floor":18},{"not_picked":["Thunderclap+1","Clash","Twin Strike"],"picked":"SKIP","floor":20}],"player_experience":28626,"relics_obtained":[{"floor":6,"key":"Blood Vial"},{"floor":9,"key":"Anchor"}],"event_choices":[{"event_name":"Living Wall","player_choice":"Forget","floor":2,"damage_taken":0},{"event_name":"Big Fish","player_choice":"Donut","floor":4,"damage_taken":0},{"event_name":"Shining Light","player_choice":"Ignored","floor":7,"damage_taken":0},{"event_name":"Match and Keep!","player_choice":"2 cards matched","floor":19,"damage_taken":0},{"event_name":"The Mausoleum","player_choice":"No","floor":21,"damage_taken":0}],"is_beta":false,"boss_relics":[{"not_picked":["Sozu","Calling Bell"],"picked":"Empty Cage"}],"items_purged_floors":[11,22],"is_endless":false,"potions_floor_spawned":[5,6,10,14,18],"killed_by":"Gremlin Leader","ascension_level":1}