{"gold_per_floor":[17,34,49,49,63,63,88,88,88,88,108,137,200,218,218,313,313,324,334,346,76,102,102,130,130,130,130,130,50,50,67,67,164,164,177,177,193,209,209,209,209,219,219,235,235,251,251,267,267,267],"floor_reached":51,"playtime":4077,"items_purged":["Strike_R","Bash"],"score":679,"play_id":"8fa456e4-6b83-4cc0-9b98-914fc458f5e3","local_time":"20190227002327","is_ascension_mode":false,"campfire_choices":[{"data":"Flex","floor":6,"key":"SMITH"},{"data":"Limit Break","floor":8,"key":"SMITH"},{"data":"Cleave","floor":10,"key":"SMITH"},{"data":"True Grit","floor":15,"key":"SMITH"},{"data":"Demon Form","floor":23,"key":"SMITH"},{"data":"Shockwave","floor":25,"key":"SMITH"},{"data":"Metallicize","floor":32,"key":"SMITH"},{"data":"Heavy Blade","floor":40,"key":"SMITH"},{"data":"Shrug It Off","floor":45,"key":"SMITH"},{"data":"Warcry","floor":49,"key":"SMITH"}],"neow_cost":"NO_GOLD","seed_source_timestamp":37148614879294,"circlet_count":0,"master_deck":["Defend_R+1","Defend_R","Defend_R+1","Defend_R","Limit Break+1","Pummel","Flex+1","Shrug It Off","Cleave+1","Warcry+1","True Grit+1","Demon Form+1","Offering","Shrug It Off+1","Shockwave+1","Bite","Bite","Bite","Metallicize+1","Impervious","Madness","Madness","Heavy Blade+1","Parasite"],"relics":["Burning Blood","Art of War","PreservedInsect","Shuriken","Vajra","Snecko Eye","Strange Spoon","Red Mask","Ice Cream","The Courier","Cursed Key"],"potions_floor_usage":[33,33,50,50,50],"damage_taken":[{"damage":1,"enemies":"Cultist","floor":1,"turns":4},{"damage":0,"enemies":"2 Louse","floor":2,"turns":3},{"damage":1,"enemies":"Jaw Worm","floor":3,"turns":3},{"damage":6,"enemies":"2 Fungi Beasts","floor":5,"turns":4},{"damage":26,"enemies":"Lagavulin","floor":7,"turns":8},{"damage":2,"enemies":"Looter","floor":11,"turns":2},{"damage":9,"enemies":"3 Sentries","floor":12,"turns":4},{"damage":4,"enemies":"Lagavulin Event","floor":13,"turns":3},{"damage":0,"enemies":"Large Slime","floor":14,"turns":6},{"damage":13,"enemies":"Slime Boss","floor":16,"turns":7},{"damage":7,"enemies":"Shell Parasite","floor":18,"turns":6},{"damage":20,"enemies":"2 Thieves","floor":19,"turns":3},{"damage":14,"enemies":"Centurion and Healer","floor":20,"turns":6},{"damage":31,"enemies":"Masked Bandits","floor":22,"turns":5},{"damage":6,"enemies":"Book of Stabbing","floor":24,"turns":4},{"damage":6,"enemies":"Shelled Parasite and Fungi","floor":31,"turns":4},{"damage":48,"enemies":"Collector","floor":33,"turns":13},{"damage":28,"enemies":"3 Darklings","floor":35,"turns":16},{"damage":40,"enemies":"3 Shapes","floor":37,"turns":5},{"damage":5,"enemies":"Jaw Worm Horde","floor":38,"turns":6},{"damage":2,"enemies":"Writhing Mass","floor":42,"turns":6},{"damage":6,"enemies":"Spire Growth","floor":44,"turns":3},{"damage":14,"enemies":"Jaw Worm Horde","floor":46,"turns":5},{"damage":0,"enemies":"Maw","floor":48,"turns":5},{"damage":34,"enemies":"Time Eater","floor":50,"turns":14}],"seed_played":"4661811364626833449","potions_obtained":[{"floor":1,"key":"AttackPotion"},{"floor":2,"key":"Fire Potion"},{"floor":11,"key":"PowerPotion"},{"floor":22,"key":"Block Potion"},{"floor":37,"key":"Dexterity Potion"},{"floor":46,"key":"AttackPotion"}],"is_trial":false,"path_per_floor":["M","M","M","?","M","R","E","R","T","R","M","E","?","M","R","B",null,"M","M","M","$","?","R","E","R","T","?","?","$","?","M","R","B",null,"M","?","M","M","?","R","?","M","T","M","R","M","?","M","R","B",null],"character_chosen":"IRONCLAD","items_purchased":["Strange Spoon"],"campfire_rested":0,"item_purchase_floors":[21],"current_hp_per_floor":[80,80,80,64,64,64,44,44,44,44,48,45,47,53,53,46,80,79,65,57,57,32,32,32,32,32,32,32,32,32,38,38,22,56,56,49,25,40,40,40,40,52,52,54,54,56,56,56,56,28],"gold":267,"neow_bonus":"THREE_RARE_CARDS","is_prod":false,"is_daily":false,"chose_seed":false,"campfire_upgraded":10,"win_rate":0,"timestamp":1551245007,"path_taken":["M","M","?","?","M","R","E","R","T","R","M","E","?","M","R","BOSS","M","M","M","$","?","R","E","R","T","?","?","$","?","M","R","BOSS","M","?","M","M","?","R","?","M","T","M","R","?","?","M","R","BOSS"],"build_version":"2019-01-23","purchased_purges":2,"victory":true,"max_hp_per_floor":[80,80,80,80,80,80,80,80,80,80,80,80,80,80,80,80,80,80,80,80,80,80,80,80,80,80,80,56,56,56,56,56,56,56,56,56,56,56,56,56,56,56,56,56,56,56,56,56,56,56],"card_choices":[{"not_picked":["Reaper","Juggernaut"],"picked":"Limit Break","floor":0},{"not_picked":["Perfected Strike","Uppercut"],"picked":"Pummel","floor":1},{"not_picked":["Armaments","Cleave"],"picked":"Flex","floor":2},{"not_picked":["Entrench","Havoc","Headbutt"],"picked":"SKIP","floor":3},{"not_picked":["Flex","Headbutt"],"picked":"Shrug It Off","floor":5},{"not_picked":["Immolate","Iron Wave"],"picked":"Cleave","floor":7},{"not_picked":["Dual Wield","Sword Boomerang"],"picked":"Warcry","floor":11},{"not_picked":["Headbutt","Flex"],"picked":"True Grit","floor":12},{"not_picked":["Anger","Flex"],"picked":"Demon Form","floor":14},{"not_picked":["Brutality","Demon Form"],"picked":"Offering","floor":16},{"not_picked":["Headbutt","Anger","Twin Strike"],"picked":"SKIP","floor":18},{"not_picked":["Clothesline","Anger"],"picked":"Shrug It Off","floor":19},{"not_picked":["Havoc","Searing Blow","Blood for Blood"],"picked":"SKIP","floor":20},{"not_picked":["Shrug It Off","Havoc"],"picked":"Shockwave","floor":22},{"not_picked":["Seeing Red","Limit Break","Anger"],"picked":"SKIP","floor":24},{"not_picked":["Combust","Iron Wave"],"picked":"Metallicize","floor":31},{"not_picked":["Barricade","Offering"],"picked":"Impervious","floor":33},{"not_picked":["Clash+1","Bloodletting","Body Slam+1"],"picked":"SKIP","floor":35},{"not_picked":["Metallicize+1","Intimidate"],"picked":"Heavy Blade","floor":37},{"not_picked":["Sever Soul","Thunderclap+1","Warcry"],"picked":"SKIP","floor":38},{"not_picked":["Clash+1","Heavy Blade","Intimidate+1"],"picked":"SKIP","floor":42},{"not_picked":["Sword Boomerang+1","Body Slam+1","Clothesline"],"picked":"SKIP","floor":44},{"not_picked":["Pommel Strike+1","Perfected Strike","Anger"],"picked":"SKIP","floor":46},{"not_picked":["Carnage","Rampage","Disarm"],"picked":"SKIP","floor":48}],"player_experience":483345,"relics_obtained":[{"floor":7,"key":"Art of War"},{"floor":9,"key":"PreservedInsect"},{"floor":12,"key":"Shuriken"},{"floor":22,"key":"Red Mask"},{"floor":24,"key":"Ice Cream"},{"floor":26,"key":"The Courier"}],"event_choices":[{"damage_healed":0,"gold_gain":0,"player_choice":"Entered Light","damage_taken":16,"max_hp_gain":0,"max_hp_loss":0,"event_name":"Shining Light","floor":4,"gold_loss":0,"cards_upgraded":["Defend_R","Defend_R"]},{"damage_healed":0,"gold_gain":0,"player_choice":"Searched \u00272\u0027 times","damage_taken":0,"relics_obtained":["Vajra"],"max_hp_gain":0,"max_hp_loss":0,"event_name":"Dead Adventurer","floor":13,"gold_loss":0},{"damage_healed":0,"gold_gain":0,"player_choice":"Fought Bandits","damage_taken":0,"max_hp_gain":0,"max_hp_loss":0,"event_name":"Masked Bandits","floor":22,"gold_loss":0},{"damage_healed":0,"gold_gain":0,"player_choice":"Ignored","damage_taken":0,"max_hp_gain":0,"max_hp_loss":0,"event_name":"Ghosts","floor":27,"gold_loss":0},{"damage_healed":0,"gold_gain":0,"player_choice":"Became a vampire","damage_taken":0,"max_hp_gain":0,"max_hp_loss":24,"event_name":"Vampires","floor":28,"gold_loss":0,"cards_obtained":["Bite","Bite","Bite","Bite","Bite"]},{"cards_removed":["Bite"],"damage_healed":0,"gold_gain":0,"player_choice":"Elegance","damage_taken":0,"max_hp_gain":0,"max_hp_loss":0,"event_name":"Back to Basics","floor":30,"gold_loss":0},{"damage_healed":0,"gold_gain":0,"player_choice":"Embrace Madness","damage_taken":7,"max_hp_gain":0,"max_hp_loss":0,"event_name":"Winding Halls","floor":36,"gold_loss":0,"cards_obtained":["Madness","Madness"]},{"damage_healed":0,"gold_gain":0,"player_choice":"Memory 1","damage_taken":0,"max_hp_gain":0,"max_hp_loss":0,"event_name":"SensoryStone","floor":39,"gold_loss":0},{"damage_healed":0,"gold_gain":0,"player_choice":"Ignored","damage_taken":0,"max_hp_gain":0,"max_hp_loss":0,"event_name":"NoteForYourself","floor":41,"gold_loss":0},{"cards_removed":["Bite"],"damage_healed":0,"gold_gain":0,"player_choice":"Removed Attack","damage_taken":0,"max_hp_gain":0,"max_hp_loss":0,"event_name":"Falling","floor":47,"gold_loss":0}],"is_beta":false,"boss_relics":[{"not_picked":["Lizard Tail","Sozu"],"picked":"Snecko Eye"},{"not_picked":["Runic Dome","Busted Crown"],"picked":"Cursed Key"}],"items_purged_floors":[21,29],"is_endless":false,"potions_floor_spawned":[1,2,11,19,22,24,31,37,46,48],"ascension_level":0}