{"gold_per_floor":[112,128,146,166,180,180,197,122,122,122,132,151,51,69,69,174,174,189,264,279,130,143,143],"floor_reached":23,"playtime":1422,"items_purged":["Strike_R","Strike_R","Strike_R"],"score":189,"play_id":"05df1e4e-03dd-4e61-aef6-d1d368883e1d","local_time":"20190209171240","is_ascension_mode":false,"campfire_choices":[{"data":"Body Slam","floor":6.0,"key":"SMITH"},{"data":"Entrench","floor":10.0,"key":"SMITH"},{"data":"Metallicize","floor":15.0,"key":"SMITH"}],"neow_cost":"NONE","seed_source_timestamp":0,"circlet_count":0,"master_deck":["Strike_R","Strike_R","Defend_R","Defend_R","Defend_R","Defend_R","Bash","Bludgeon","Metallicize+1","Body Slam+1","Entrench+1","Juggernaut","Shrug It Off"],"special_seed":0,"relics":["Burning Blood","Philosopher\u0027s Stone"],"potions_floor_usage":[],"damage_taken":[{"damage":1.0,"enemies":"Cultist","floor":1.0,"turns":3.0},{"damage":0.0,"enemies":"Small Slimes","floor":2.0,"turns":3.0},{"damage":5.0,"enemies":"Jaw Worm","floor":3.0,"turns":4.0},{"damage":17.0,"enemies":"Exordium Wildlife","floor":4.0,"turns":3.0},{"damage":7.0,"enemies":"Gremlin Gang","floor":5.0,"turns":9.0},{"damage":14.0,"enemies":"Exordium Thugs","floor":7.0,"turns":6.0},{"damage":0.0,"enemies":"Large Slime","floor":11.0,"turns":4.0},{"damage":6.0,"enemies":"Gremlin Gang","floor":12.0,"turns":6.0},{"damage":6.0,"enemies":"Looter","floor":14.0,"turns":4.0},{"damage":53.0,"enemies":"The Guardian","floor":16.0,"turns":13.0},{"damage":6,"enemies":"Shell Parasite","floor":18,"turns":6},{"damage":7,"enemies":"Chosen","floor":20,"turns":4},{"damage":36,"enemies":"Sentry and Sphere","floor":22,"turns":8},{"damage":47,"enemies":"Gremlin Leader","floor":23,"turns":4}],"seed_played":"1879542221208791543","potions_obtained":[{"floor":2.0,"key":"EntropicBrew"},{"floor":11.0,"key":"LiquidBronze"},{"floor":12.0,"key":"FearPotion"},{"floor":16.0,"key":"AttackPotion"},{"floor":18,"key":"Explosive Potion"}],"is_trial":false,"path_per_floor":["M","?"],"character_chosen":"IRONCLAD","items_purchased":["Shrug It Off"],"campfire_rested":0,"item_purchase_floors":[21],"current_hp_per_floor":[80,80,80,69,68,68,60,60,60,60,66,66,66,66,66,19,80,80,72,71,71,41,0],"gold":143,"neow_bonus":"ONE_RANDOM_RARE_CARD","is_prod":false,"is_daily":false,"chose_seed":false,"campfire_upgraded":3,"win_rate":0,"timestamp":1549728760,"path_taken":["M","M","M","M","M","R","M","$","T","R","M","?","$","M","R","BOSS","M","?","M","$","M","E"],"build_version":"2019-01-23","purchased_purges":3,"victory":false,"max_hp_per_floor":[80,80,80,80,80,80,80,80,80,80,80,80,80,80,80,80,80,80,80,80,80,80,80],"card_choices":[{"not_picked":["Heavy Blade","True Grit","Thunderclap"],"picked":"SKIP","floor":1.0},{"not_picked":["Carnage","Cleave","Anger"],"picked":"SKIP","floor":2.0},{"not_picked":["Twin Strike","Ghostly Armor","Blood for Blood"],"picked":"SKIP","floor":3.0},{"not_picked":["Pommel Strike","Power Through"],"picked":"Metallicize","floor":4.0},{"not_picked":["Uppercut","Armaments"],"picked":"Body Slam","floor":5.0},{"not_picked":["Hemokinesis","Double Tap"],"picked":"Entrench","floor":7.0},{"not_picked":["Whirlwind","Thunderclap","Havoc"],"picked":"SKIP","floor":11.0},{"not_picked":["Battle Trance","Burning Pact","Armaments"],"picked":"SKIP","floor":12.0},{"not_picked":["Thunderclap","Blood for Blood","Heavy Blade"],"picked":"SKIP","floor":14.0},{"not_picked":["Berserk","Reaper"],"picked":"Juggernaut","floor":16.0},{"not_picked":["Warcry","Spot Weakness","Carnage"],"picked":"SKIP","floor":18},{"not_picked":["Wild Strike","Carnage","Havoc"],"picked":"SKIP","floor":20},{"not_picked":["Wild Strike","Warcry","Headbutt+1"],"picked":"SKIP","floor":22}],"player_experience":151298,"relics_obtained":[],"event_choices":[{"damage_healed":0,"gold_gain":75,"player_choice":"Touch","damage_taken":8,"max_hp_gain":0,"max_hp_loss":0,"event_name":"FaceTrader","floor":19,"gold_loss":0}],"is_beta":false,"boss_relics":[{"not_picked":["Fusion Hammer","Empty Cage"],"picked":"Philosopher\u0027s Stone"}],"items_purged_floors":[8,13,21],"is_endless":false,"potions_floor_spawned":[2,11,12,16,18],"killed_by":"Gremlin Leader","ascension_level":0}