{"gold_per_floor":[117,117,192,204,217,217,233,244,244,244,244,254,264,283,283,283],"floor_reached":16,"playtime":633,"items_purged":[],"score":130,"play_id":"e0ab15a4-96d2-49d6-9b66-8d134237e175","local_time":"20190227000631","is_ascension_mode":true,"campfire_choices":[{"floor":6.0,"key":"REST"},{"data":"Self Repair","floor":10.0,"key":"SMITH"},{"floor":15,"key":"REST"}],"neow_cost":"NONE","seed_source_timestamp":0,"circlet_count":0,"master_deck":["Strike_B","Strike_B","Strike_B","Strike_B","Defend_B","Defend_B","Defend_B","Defend_B","Zap","Dualcast","Streamline","Self Repair+1","Self Repair"],"special_seed":0,"relics":["Cracked Core","Matryoshka","Letter Opener"],"potions_floor_usage":[16,16,16],"damage_taken":[{"damage":0.0,"enemies":"Jaw Worm","floor":1.0,"turns":5.0},{"damage":8.0,"enemies":"2 Louse","floor":4.0,"turns":3.0},{"damage":1.0,"enemies":"Cultist","floor":5.0,"turns":3.0},{"damage":11.0,"enemies":"Looter","floor":7.0,"turns":4.0},{"damage":6.0,"enemies":"Blue Slaver","floor":8.0,"turns":4.0},{"damage":47.0,"enemies":"Exordium Thugs","floor":12.0,"turns":5.0},{"damage":7.0,"enemies":"Looter","floor":13.0,"turns":3.0},{"damage":11.0,"enemies":"Exordium Wildlife","floor":14.0,"turns":5.0},{"damage":57,"enemies":"Hexaghost","floor":16,"turns":9}],"seed_played":"-3339759154656880064","potions_obtained":[{"floor":0.0,"key":"SteroidPotion"},{"floor":0.0,"key":"SkillPotion"},{"floor":0.0,"key":"SkillPotion"},{"floor":1.0,"key":"Strength Potion"},{"floor":8.0,"key":"Dexterity Potion"},{"floor":12.0,"key":"LiquidBronze"},{"floor":13.0,"key":"Strength Potion"}],"is_trial":false,"path_per_floor":["M","?","?","M","M","R","M","M","T","R","?","M","M","M","R","B"],"character_chosen":"DEFECT","items_purchased":[],"campfire_rested":2,"item_purchase_floors":[],"current_hp_per_floor":[68,73,65,57,56,80,69,70,70,70,58,21,24,30,54,0],"gold":283,"neow_bonus":"THREE_SMALL_POTIONS","is_prod":false,"is_daily":false,"chose_seed":false,"campfire_upgraded":1,"win_rate":0,"timestamp":1551247591,"path_taken":["M","?","?","M","M","R","?","M","T","R","?","M","M","M","R","BOSS"],"build_version":"2019-01-23","purchased_purges":0,"victory":false,"max_hp_per_floor":[75,80,80,80,80,80,80,80,80,80,80,80,80,80,80,80],"card_choices":[{"not_picked":["Reprogram","Leap","Barrage"],"picked":"SKIP","floor":1.0},{"not_picked":["Lockon","Compile Driver"],"picked":"Streamline","floor":4.0},{"not_picked":["Redo","Steam","Blizzard"],"picked":"SKIP","floor":5.0},{"not_picked":["Compile Driver","Reinforced Body"],"picked":"Self Repair","floor":7.0},{"not_picked":["Fusion","Rainbow","Go for the Eyes"],"picked":"SKIP","floor":8.0},{"not_picked":["Cold Snap","Static Discharge","Leap"],"picked":"SKIP","floor":12.0},{"not_picked":["Steam","Chill"],"picked":"Self Repair","floor":13.0},{"not_picked":["Compile Driver","Leap","Coolheaded"],"picked":"SKIP","floor":14.0}],"player_experience":1521434,"relics_obtained":[{"floor":9.0,"key":"Matryoshka"}],"event_choices":[{"damage_healed":0.0,"max_hp_gain":5.0,"max_hp_loss":0.0,"gold_gain":0.0,"event_name":"Big Fish","player_choice":"Donut","floor":2.0,"gold_loss":0.0,"damage_taken":0.0},{"damage_healed":0.0,"max_hp_gain":0.0,"max_hp_loss":0.0,"gold_gain":75.0,"event_name":"FaceTrader","player_choice":"Touch","floor":3.0,"gold_loss":0.0,"damage_taken":8.0},{"damage_healed":0.0,"max_hp_gain":0.0,"max_hp_loss":0.0,"gold_gain":0.0,"event_name":"Scrap Ooze","player_choice":"Success","floor":11.0,"gold_loss":0.0,"damage_taken":12.0,"relics_obtained":["Letter Opener"]}],"is_beta":false,"boss_relics":[],"items_purged_floors":[],"is_endless":false,"potions_floor_spawned":[1,8,12,13],"killed_by":"Hexaghost","ascension_level":7}