{"gold_per_floor":[118,131,148,168,168,168,201,23,48,59,234,199,199,227,227,324,324,336,101,119,119,43,43,75,75,101,101,115,127,144,243,243,243],"floor_reached":33,"playtime":2576,"items_purged":[],"score":399,"play_id":"9fc2d30d-b31b-4a56-b2b5-9f31635ab16d","local_time":"20190228174329","is_ascension_mode":true,"campfire_choices":[{"data":"Clothesline","floor":6.0,"key":"SMITH"},{"data":"True Grit","floor":13.0,"key":"SMITH"},{"data":"Infernal Blade","floor":15.0,"key":"SMITH"},{"data":"Metallicize","floor":23.0,"key":"SMITH"},{"data":"Armaments","floor":25.0,"key":"SMITH"},{"data":"Demon Form","floor":27.0,"key":"SMITH"},{"data":"Immolate","floor":32.0,"key":"SMITH"}],"neow_cost":"NONE","seed_source_timestamp":1180066593399617,"circlet_count":0,"master_deck":["Strike_R","Strike_R","Strike_R","Strike_R","Strike_R","Defend_R","Defend_R","Defend_R","Defend_R","Bash+1","Twin Strike","Headbutt","Clothesline+1","Sword Boomerang","Infernal Blade+1","True Grit+1","Armaments+1","Doubt","Demon Form+1","Immolate+1","Warcry","Shrug It Off","Metallicize+1","Pommel Strike","Shrug It Off","True Grit"],"special_seed":0,"relics":["Burning Blood","Du-Vu Doll","Magic Flower","Potion Belt","Coffee Dripper","Anchor","Bag of Marbles","PreservedInsect"],"potions_floor_usage":[33,33],"damage_taken":[{"damage":1.0,"enemies":"Cultist","floor":1.0,"turns":3.0},{"damage":0.0,"enemies":"2 Louse","floor":2.0,"turns":3.0},{"damage":0.0,"enemies":"Small Slimes","floor":3.0,"turns":3.0},{"damage":12.0,"enemies":"Looter","floor":4.0,"turns":4.0},{"damage":37.0,"enemies":"Lagavulin","floor":7.0,"turns":10.0},{"damage":4.0,"enemies":"Red Slaver","floor":10.0,"turns":4.0},{"damage":31.0,"enemies":"3 Sentries","floor":14.0,"turns":7.0},{"damage":30.0,"enemies":"The Guardian","floor":16.0,"turns":16.0},{"damage":20.0,"enemies":"Shell Parasite","floor":18.0,"turns":6.0},{"damage":4.0,"enemies":"2 Thieves","floor":20.0,"turns":4.0},{"damage":17.0,"enemies":"Colosseum Slavers","floor":21.0,"turns":4.0},{"damage":34.0,"enemies":"Gremlin Leader","floor":24.0,"turns":8.0},{"damage":17.0,"enemies":"Centurion and Healer","floor":28.0,"turns":7.0},{"damage":11.0,"enemies":"3 Cultists","floor":29.0,"turns":5.0},{"damage":0.0,"enemies":"Snake Plant","floor":30.0,"turns":2.0},{"damage":63,"enemies":"Automaton","floor":33,"turns":6}],"seed_played":"-5121397496155872581","potions_obtained":[{"floor":1.0,"key":"Weak Potion"},{"floor":2.0,"key":"Regen Potion"},{"floor":4.0,"key":"BloodPotion"},{"floor":20.0,"key":"Fire Potion"},{"floor":28.0,"key":"Strength Potion"},{"floor":30.0,"key":"Explosive Potion"}],"is_trial":false,"path_per_floor":["M","M","M","M","T","R","E","$","T","M","?","?","R","E","R","B",null,"M","$","M","?","$","R","E","R","T","R","M","M","M","?","R","B"],"character_chosen":"IRONCLAD","items_purchased":["Infernal Blade","True Grit","Strength Potion","Regen Potion","Anchor","Metallicize"],"campfire_rested":0,"item_purchase_floors":[8,8,8,19,19,22],"current_hp_per_floor":[77,80,80,74,74,74,55,55,55,60,60,80,80,58,58,49,72,61,61,66,58,58,58,57,57,57,57,49,47,56,56,56,0],"gold":243,"neow_bonus":"UPGRADE_CARD","is_prod":false,"is_daily":false,"chose_seed":false,"campfire_upgraded":7,"win_rate":0,"timestamp":1551404609,"path_taken":["M","?","M","M","?","R","E","$","T","M","?","?","R","E","R","BOSS","M","$","M","?","$","R","E","R","T","R","M","M","M","?","R","BOSS"],"build_version":"2019-01-23","purchased_purges":0,"victory":false,"max_hp_per_floor":[80,80,80,80,80,80,80,80,80,80,80,80,80,80,80,80,80,80,80,80,80,80,80,80,80,80,80,80,80,80,80,80,80],"card_choices":[{"not_picked":["Disarm","Body Slam"],"picked":"Twin Strike","floor":1.0},{"not_picked":["Heavy Blade","Seeing Red"],"picked":"Headbutt","floor":2.0},{"not_picked":["Shockwave","Metallicize"],"picked":"Clothesline","floor":3.0},{"not_picked":["Clothesline","Body Slam"],"picked":"Sword Boomerang","floor":4.0},{"not_picked":["Heavy Blade","Sword Boomerang","Second Wind"],"picked":"SKIP","floor":7.0},{"not_picked":["Body Slam","Fire Breathing"],"picked":"Armaments","floor":10.0},{"not_picked":["Clothesline","Anger"],"picked":"Demon Form","floor":14.0},{"not_picked":["Barricade","Double Tap"],"picked":"Immolate","floor":16.0},{"not_picked":["Rupture","Intimidate"],"picked":"Warcry","floor":18.0},{"not_picked":["Clothesline","Havoc"],"picked":"Shrug It Off","floor":20.0},{"not_picked":["Reckless Charge","Clothesline"],"picked":"Pommel Strike","floor":24.0},{"not_picked":["Blood for Blood+1","Pommel Strike","Havoc+1"],"picked":"SKIP","floor":28.0},{"not_picked":["Bloodletting","Intimidate"],"picked":"Shrug It Off","floor":29.0},{"not_picked":["Flex","Havoc"],"picked":"True Grit","floor":30.0}],"player_experience":502041,"relics_obtained":[{"floor":5.0,"key":"Du-Vu Doll"},{"floor":7.0,"key":"Magic Flower"},{"floor":14.0,"key":"Potion Belt"},{"floor":24.0,"key":"Bag of Marbles"},{"floor":26.0,"key":"PreservedInsect"}],"event_choices":[{"damage_healed":0.0,"max_hp_gain":0.0,"max_hp_loss":0.0,"gold_gain":175.0,"event_name":"Liars Game","player_choice":"AGREE","floor":11.0,"gold_loss":0.0,"damage_taken":0.0,"cards_obtained":["Doubt"]},{"damage_healed":20.0,"max_hp_gain":0.0,"max_hp_loss":0.0,"gold_gain":0.0,"event_name":"The Cleric","player_choice":"Healed","floor":12.0,"gold_loss":35.0,"damage_taken":0.0},{"damage_healed":0.0,"max_hp_gain":0.0,"max_hp_loss":0.0,"gold_gain":0.0,"event_name":"Colosseum","player_choice":"Fight","floor":21.0,"gold_loss":0.0,"damage_taken":0.0},{"damage_healed":0.0,"max_hp_gain":0.0,"max_hp_loss":0.0,"gold_gain":0.0,"event_name":"Colosseum","player_choice":"Fled From Nobs","floor":21.0,"gold_loss":0.0,"damage_taken":0.0},{"damage_healed":0.0,"max_hp_gain":0.0,"max_hp_loss":0.0,"gold_gain":99.0,"event_name":"Nest","player_choice":"Stole From Cult","floor":31.0,"gold_loss":0.0,"damage_taken":0.0}],"is_beta":false,"boss_relics":[{"not_picked":["Empty Cage","Sozu"],"picked":"Coffee Dripper"}],"items_purged_floors":[],"is_endless":false,"potions_floor_spawned":[1,2,4,20,21,28,30],"killed_by":"Automaton","ascension_level":9}