{"gold_per_floor":[114,64,84,84,101,129,129,54,79,89,89,101,112,112,112,216,216,236,151,151,162,176,176,195,195,247,258,258,292,292],"floor_reached":30,"playtime":2328,"items_purged":["Defend_R"],"score":279,"play_id":"5a9e3047-503d-45ff-ad7a-a01833abfa0e","local_time":"20181104152649","is_ascension_mode":false,"campfire_choices":[{"data":"Anger","floor":7,"key":"SMITH"},{"floor":15,"key":"REST"},{"floor":23,"key":"REST"}],"neow_cost":"NONE","seed_source_timestamp":2216023728356752,"circlet_count":0,"master_deck":["Defend_R","Defend_R","Anger+1","Twin Strike","Rampage","Headbutt","Anger","Shrug It Off","Sword Boomerang","Feed","Rage","Pommel Strike","Armaments","Anger","Bite","Bite","Bite","Bite","Bite","Twin Strike+1"],"relics":["Burning Blood","NeowsBlessing","Centennial Puzzle","Vajra","Kunai","Runic Pyramid","Gambling Chip","Boot","Pantograph"],"potions_floor_usage":[6,16,27,28,29],"damage_taken":[{"damage":0,"enemies":"Jaw Worm","floor":1,"turns":1},{"damage":0,"enemies":"2 Louse","floor":3,"turns":1},{"damage":0,"enemies":"Cultist","floor":5,"turns":1},{"damage":25,"enemies":"Gremlin Nob","floor":6,"turns":4},{"damage":11,"enemies":"Large Slime","floor":10,"turns":3},{"damage":14,"enemies":"Blue Slaver","floor":12,"turns":3},{"damage":8,"enemies":"Red Slaver","floor":13,"turns":2},{"damage":42,"enemies":"Hexaghost","floor":16,"turns":9},{"damage":16,"enemies":"Shell Parasite","floor":18,"turns":5},{"damage":0,"enemies":"Chosen","floor":21,"turns":4},{"damage":19,"enemies":"Centurion and Healer","floor":22,"turns":5},{"damage":30,"enemies":"Sentry and Sphere","floor":24,"turns":6},{"damage":24,"enemies":"Snake Plant","floor":27,"turns":3},{"damage":0,"enemies":"Shelled Parasite and Fungi","floor":28,"turns":1},{"damage":48,"enemies":"Book of Stabbing","floor":29,"turns":5},{"damage":36,"enemies":"Snecko","floor":30,"turns":5}],"seed_played":"7842758277417163252","potions_obtained":[{"floor":5,"key":"Poison Potion"},{"floor":10,"key":"Energy Potion"},{"floor":12,"key":"Weak Potion"},{"floor":21,"key":"Energy Potion"},{"floor":24,"key":"SmokeBomb"},{"floor":27,"key":"Weak Potion"},{"floor":29,"key":"AttackPotion"}],"is_trial":false,"path_per_floor":["M","?","M","?","M","E","R","$","T","M","?","M","M","?","R","B",null,"M","?","?","M","M","R","M","?","T","M","M","E","M"],"character_chosen":"IRONCLAD","items_purchased":[],"campfire_rested":2,"item_purchase_floors":[],"current_hp_per_floor":[80,80,80,80,80,61,61,61,61,56,56,48,46,39,63,27,80,73,73,57,63,50,74,50,50,50,46,52,26,0],"gold":292,"neow_bonus":"THREE_ENEMY_KILL","is_prod":false,"is_daily":false,"chose_seed":false,"campfire_upgraded":1,"win_rate":0.0,"timestamp":1541366809,"path_taken":["M","?","M","?","M","E","R","?","T","?","?","M","M","?","R","BOSS","M","?","?","M","M","R","M","?","T","M","M","E","M"],"build_version":"2018-11-01","purchased_purges":1,"victory":false,"max_hp_per_floor":[80,80,80,80,80,80,80,80,80,80,80,80,80,80,80,80,80,83,83,83,83,83,83,83,58,58,62,62,66,66],"card_choices":[{"not_picked":["True Grit","Flex"],"picked":"Anger","floor":1},{"not_picked":["Carnage","Power Through"],"picked":"Twin Strike","floor":3},{"not_picked":["Carnage","Pommel Strike"],"picked":"Rampage","floor":5},{"not_picked":["Reaper","Searing Blow"],"picked":"Headbutt","floor":6},{"not_picked":["Reckless Charge","Warcry"],"picked":"Anger","floor":10},{"not_picked":["Cleave","Thunderclap"],"picked":"Shrug It Off","floor":12},{"not_picked":["Pummel","Flex"],"picked":"Sword Boomerang","floor":13},{"not_picked":["Dark Embrace","Berserk"],"picked":"Feed","floor":16},{"not_picked":["Cleave+1","Thunderclap"],"picked":"Rage","floor":18},{"not_picked":["Anger","Bloodletting"],"picked":"Pommel Strike","floor":21},{"not_picked":["Flex","Iron Wave"],"picked":"Armaments","floor":22},{"not_picked":["Iron Wave","Entrench+1"],"picked":"Anger","floor":24},{"not_picked":["Searing Blow","Berserk"],"picked":"Twin Strike+1","floor":27},{"not_picked":["Shockwave+1","Perfected Strike","Feel No Pain"],"picked":"SKIP","floor":29}],"player_experience":3832,"relics_obtained":[{"floor":6,"key":"Centennial Puzzle"},{"floor":9,"key":"Vajra"},{"floor":26,"key":"Boot"},{"floor":29,"key":"Pantograph"}],"event_choices":[{"cards_removed":["Bash"],"damage_healed":0,"gold_gain":0,"player_choice":"Card Removal","damage_taken":0,"max_hp_gain":0,"max_hp_loss":0,"event_name":"The Cleric","floor":2,"gold_loss":50},{"cards_removed":["Defend_R"],"damage_healed":0,"gold_gain":0,"player_choice":"Forget","damage_taken":0,"max_hp_gain":0,"max_hp_loss":0,"event_name":"Living Wall","floor":4,"gold_loss":0},{"damage_healed":0,"gold_gain":30,"player_choice":"Searched \u00271\u0027 times","damage_taken":0,"max_hp_gain":0,"max_hp_loss":0,"event_name":"Dead Adventurer","floor":11,"gold_loss":0},{"damage_healed":0,"gold_gain":0,"player_choice":"Success","damage_taken":7,"relics_obtained":["Kunai"],"max_hp_gain":0,"max_hp_loss":0,"event_name":"Scrap Ooze","floor":14,"gold_loss":0},{"damage_healed":0,"gold_gain":0,"player_choice":"Obtained Relic","damage_taken":0,"relics_obtained":["Gambling Chip"],"max_hp_gain":0,"max_hp_loss":0,"event_name":"Addict","floor":19,"gold_loss":85},{"damage_healed":0,"gold_gain":0,"player_choice":"Obtained Book","damage_taken":16,"max_hp_gain":0,"max_hp_loss":0,"event_name":"Cursed Tome","floor":20,"gold_loss":0},{"damage_healed":0,"gold_gain":0,"player_choice":"Became a vampire","damage_taken":0,"max_hp_gain":0,"max_hp_loss":25,"event_name":"Vampires","floor":25,"gold_loss":0,"cards_obtained":["Bite","Bite","Bite","Bite","Bite"]}],"is_beta":false,"boss_relics":[{"not_picked":["Sozu","Busted Crown"],"picked":"Runic Pyramid"}],"items_purged_floors":[8],"is_endless":false,"potions_floor_spawned":[5,10,12,21,24,27,29],"killed_by":"Snecko","ascension_level":0}