{"gold_per_floor":[117,117,117,132,132,162,162,162,237,251,251,269,288,288,288,391,391,410,335,335,235,160,35,35,52,76,76,76,76,90,105,105,202,202,218,235,235,252,252,102,120,131,154,154,174,186,197,210,210,210],"floor_reached":51,"playtime":2940,"items_purged":["Strike_B","Strike_B","Defend_B","Writhe"],"score":676,"play_id":"0123799b-599e-4f46-a49f-0a88fa49f24f","local_time":"20181114071219","is_ascension_mode":false,"campfire_choices":[{"data":"Zap","floor":7,"key":"SMITH"},{"floor":11,"key":"REST"},{"data":"FTL","floor":15,"key":"SMITH"},{"data":"Seek","floor":24,"key":"SMITH"},{"data":"Capacitor","floor":27,"key":"SMITH"},{"floor":32,"key":"REST"},{"floor":44,"key":"REST"},{"floor":49,"key":"REST"}],"neow_cost":"NONE","seed_source_timestamp":3049742273473066,"circlet_count":0,"master_deck":["Defend_B+1","Defend_B","Defend_B+1","Zap+1","Capacitor+1","FTL+1","Seek+1","Clumsy","RitualDagger","Cold Snap+1","Buffer+1","Cold Snap+1","Glacier","Parasite","Defragment+1","Normality","Loop+1","Parasite","Cold Snap+1"],"relics":["Cracked Core","NeowsBlessing","Regal Pillow","Ice Cream","Dodecahedron","Bottled Lightning","Cursed Key","Anchor","Inserter","Strawberry"],"potions_floor_usage":[16,16,33,50,50],"damage_taken":[{"damage":0,"enemies":"Small Slimes","floor":1,"turns":1},{"damage":0,"enemies":"Jaw Worm","floor":4,"turns":1},{"damage":0,"enemies":"3 Sentries","floor":6,"turns":2},{"damage":0,"enemies":"2 Louse","floor":10,"turns":3},{"damage":2,"enemies":"Blue Slaver","floor":12,"turns":4},{"damage":5,"enemies":"Looter","floor":13,"turns":4},{"damage":29,"enemies":"Slime Boss","floor":16,"turns":10},{"damage":17,"enemies":"2 Thieves","floor":18,"turns":5},{"damage":9,"enemies":"3 Byrds","floor":25,"turns":5},{"damage":8,"enemies":"Centurion and Healer","floor":30,"turns":14},{"damage":9,"enemies":"Shelled Parasite and Fungi","floor":31,"turns":6},{"damage":62,"enemies":"Automaton","floor":33,"turns":17},{"damage":28,"enemies":"3 Darklings","floor":35,"turns":9},{"damage":18,"enemies":"Orb Walker","floor":36,"turns":5},{"damage":33,"enemies":"Maw","floor":38,"turns":11},{"damage":3,"enemies":"Transient","floor":41,"turns":5},{"damage":0,"enemies":"Writhing Mass","floor":42,"turns":13},{"damage":0,"enemies":"Maw","floor":45,"turns":12},{"damage":13,"enemies":"Transient","floor":46,"turns":5},{"damage":0,"enemies":"Sphere and 2 Shapes","floor":47,"turns":6},{"damage":0,"enemies":"Writhing Mass","floor":48,"turns":10},{"damage":58,"enemies":"Awakened One","floor":50,"turns":34}],"seed_played":"8459391397982370744","potions_obtained":[{"floor":1,"key":"FairyPotion"},{"floor":4,"key":"SpeedPotion"},{"floor":12,"key":"Dexterity Potion"},{"floor":13,"key":"Strength Potion"},{"floor":30,"key":"Ancient Potion"},{"floor":31,"key":"SneckoOil"},{"floor":35,"key":"Regen Potion"},{"floor":36,"key":"Swift Potion"},{"floor":47,"key":"PowerPotion"}],"is_trial":false,"path_per_floor":["M","?","?","M","?","E","R","?","T","M","R","M","M","T","R","B",null,"M","$","?","$","?","$","R","M","T","R","?","?","M","M","R","B",null,"M","M","?","M","?","$","M","M","T","R","M","M","M","M","R","B",null],"character_chosen":"DEFECT","items_purchased":[],"campfire_rested":4,"item_purchase_floors":[],"current_hp_per_floor":[75,60,65,65,53,53,53,53,53,53,80,78,73,73,73,44,80,63,63,63,63,63,63,63,54,54,54,48,48,40,31,70,8,80,52,34,34,1,21,21,18,18,25,66,66,53,53,53,87,39],"gold":210,"neow_bonus":"THREE_ENEMY_KILL","is_prod":false,"is_daily":false,"chose_seed":false,"campfire_upgraded":4,"win_rate":0.0,"timestamp":1542201139,"path_taken":["M","?","?","?","?","E","R","?","T","M","R","M","M","?","R","BOSS","M","$","?","$","?","$","R","M","T","R","?","?","M","M","R","BOSS","M","?","?","?","?","?","M","M","T","R","M","?","M","M","R","BOSS"],"build_version":"2018-11-08","purchased_purges":4,"victory":true,"max_hp_per_floor":[75,75,80,80,80,80,80,80,80,80,80,80,80,80,80,80,80,80,80,80,80,80,80,80,80,80,80,80,80,80,80,80,80,80,80,80,80,80,80,80,80,80,87,87,87,87,87,87,87,87],"card_choices":[{"not_picked":["Consume","Double Energy","Doom and Gloom"],"picked":"SKIP","floor":1},{"not_picked":["Compile Driver","Ball Lightning"],"picked":"Capacitor","floor":4},{"not_picked":["Doom and Gloom","Beam Cell","Lockon"],"picked":"SKIP","floor":6},{"not_picked":["Turbo","Darkness"],"picked":"FTL","floor":10},{"not_picked":["Fusion","Rebound","Turbo"],"picked":"SKIP","floor":12},{"not_picked":["Static Discharge","Hologram","Conserve Battery"],"picked":"SKIP","floor":13},{"not_picked":["Meteor Strike","Rainbow"],"picked":"Seek","floor":16},{"not_picked":["Turbo+1","Compile Driver","Rebound"],"picked":"SKIP","floor":18},{"not_picked":["Streamline","Hello World","Blizzard+1"],"picked":"SKIP","floor":25},{"not_picked":["Aggregate+1","Turbo","Leap"],"picked":"SKIP","floor":30},{"not_picked":["Turbo","Meteor Strike"],"picked":"Cold Snap+1","floor":31},{"not_picked":["Thunder Strike","Creative AI"],"picked":"Buffer","floor":33},{"not_picked":["Skim","Barrage"],"picked":"Cold Snap+1","floor":35},{"not_picked":["Hologram","Leap","Sweeping Beam+1"],"picked":"SKIP","floor":36},{"not_picked":["Redo","Capacitor"],"picked":"Glacier","floor":38},{"not_picked":["Beam Cell+1","Barrage","Turbo"],"picked":"SKIP","floor":41},{"not_picked":["Ball Lightning+1","Sweeping Beam"],"picked":"Defragment+1","floor":42},{"not_picked":["Gash","Genetic Algorithm","Coolheaded"],"picked":"SKIP","floor":45},{"not_picked":["Chaos","Amplify","Turbo"],"picked":"SKIP","floor":46},{"not_picked":["Heatsinks","Streamline"],"picked":"Loop+1","floor":47},{"not_picked":["Hologram","Hello World"],"picked":"Cold Snap+1","floor":48}],"player_experience":207170,"relics_obtained":[{"floor":6,"key":"Ice Cream"},{"floor":9,"key":"Dodecahedron"},{"floor":14,"key":"Bottled Lightning"},{"floor":26,"key":"Anchor"},{"floor":43,"key":"Strawberry"}],"event_choices":[{"damage_healed":0,"gold_gain":0,"player_choice":"Entered Light","damage_taken":15,"max_hp_gain":0,"max_hp_loss":0,"event_name":"Shining Light","floor":2,"gold_loss":0,"cards_upgraded":["Defend_B","Defend_B"]},{"damage_healed":0,"gold_gain":0,"player_choice":"Donut","damage_taken":0,"max_hp_gain":5,"max_hp_loss":0,"event_name":"Big Fish","floor":3,"gold_loss":0},{"damage_healed":0,"gold_gain":0,"player_choice":"Success","damage_taken":12,"relics_obtained":["Regal Pillow"],"max_hp_gain":0,"max_hp_loss":0,"event_name":"Scrap Ooze","floor":5,"gold_loss":0},{"cards_removed":["Dualcast"],"damage_healed":0,"gold_gain":0,"player_choice":"Forget","damage_taken":0,"max_hp_gain":0,"max_hp_loss":0,"event_name":"Living Wall","floor":8,"gold_loss":0},{"cards_removed":["Strike_B"],"damage_healed":0,"gold_gain":0,"player_choice":"Elegance","damage_taken":0,"max_hp_gain":0,"max_hp_loss":0,"event_name":"Back to Basics","floor":20,"gold_loss":0},{"cards_removed":["Strike_B"],"damage_healed":0,"gold_gain":0,"player_choice":"Gave Gold","damage_taken":0,"max_hp_gain":0,"max_hp_loss":0,"event_name":"Beggar","floor":22,"gold_loss":75},{"damage_healed":0,"gold_gain":0,"player_choice":"Joined the Cult","damage_taken":6,"max_hp_gain":0,"max_hp_loss":0,"event_name":"Nest","floor":28,"gold_loss":0,"cards_obtained":["RitualDagger"]},{"damage_healed":0,"gold_gain":0,"player_choice":"Bought 0 Potions","damage_taken":0,"max_hp_gain":0,"max_hp_loss":0,"event_name":"The Woman in Blue","floor":29,"gold_loss":0},{"damage_healed":0,"gold_gain":0,"player_choice":"Upgraded","damage_taken":0,"max_hp_gain":0,"max_hp_loss":0,"event_name":"Upgrade Shrine","floor":37,"gold_loss":0,"cards_upgraded":["Buffer"]},{"damage_healed":20,"gold_gain":0,"player_choice":"Writhe","damage_taken":0,"max_hp_gain":0,"max_hp_loss":0,"event_name":"Winding Halls","floor":39,"gold_loss":0,"cards_obtained":["Writhe"]}],"is_beta":false,"boss_relics":[{"not_picked":["Astrolabe","Philosopher\u0027s Stone"],"picked":"Cursed Key"},{"not_picked":["Runic Pyramid","Velvet Choker"],"picked":"Inserter"}],"items_purged_floors":[19,21,23,40],"is_endless":false,"potions_floor_spawned":[1,4,12,13,30,31,35,36,41,47,48],"ascension_level":0}