{"gold_per_floor":[109,125,125,75,75,75,94,94,94,121,134,151,76,76],"floor_reached":14,"playtime":294,"items_purged":["Force Field+1"],"score":108,"play_id":"bcc597de-99ed-46a5-82c8-0404ea50affa","local_time":"20181231000827","is_ascension_mode":true,"campfire_choices":[{"data":"Force Field","floor":6,"key":"SMITH"},{"data":"Zap","floor":8,"key":"SMITH"}],"neow_cost":"NONE","seed_source_timestamp":192461962980800,"circlet_count":0,"master_deck":["Strike_B","Strike_B","Defend_B","Defend_B","Zap+1","Dualcast","Ball Lightning","Ball Lightning","Redo","Coolheaded+1","Undo+1","Coolheaded+1"],"relics":["Cracked Core","Du-Vu Doll","Toxic Egg 2"],"potions_floor_usage":[],"damage_taken":[{"damage":4,"enemies":"2 Louse","floor":1,"turns":2},{"damage":0,"enemies":"Cultist","floor":2,"turns":2},{"damage":12,"enemies":"Jaw Worm","floor":7,"turns":2},{"damage":40,"enemies":"Lagavulin","floor":10,"turns":4},{"damage":6,"enemies":"Looter","floor":11,"turns":2},{"damage":1,"enemies":"Blue Slaver","floor":12,"turns":3},{"damage":8,"enemies":"Gremlin Gang","floor":14,"turns":1}],"seed_played":"-8965003627453676634","potions_obtained":[{"floor":2,"key":"SkillPotion"},{"floor":11,"key":"AttackPotion"},{"floor":12,"key":"Dexterity Potion"}],"is_trial":false,"path_per_floor":["M","M","?","?","?","R","M","R","T","E","M","M","$","M"],"character_chosen":"DEFECT","items_purchased":[],"campfire_rested":0,"item_purchase_floors":[],"current_hp_per_floor":[71,71,64,64,64,64,52,52,52,12,6,5,5,0],"gold":76,"neow_bonus":"REMOVE_CARD","is_prod":false,"is_daily":false,"chose_seed":false,"campfire_upgraded":2,"win_rate":0,"timestamp":1546186107,"path_taken":["M","M","?","?","?","R","M","R","T","E","M","M","$","?"],"build_version":"2018-12-20","purchased_purges":1,"victory":false,"max_hp_per_floor":[75,75,75,75,75,75,75,75,75,75,75,75,75,75],"card_choices":[{"not_picked":["Cold Snap","Capacitor"],"picked":"Ball Lightning","floor":1},{"not_picked":["Aggregate","Turbo"],"picked":"Ball Lightning","floor":2},{"not_picked":["Multi-Cast","Force Field"],"picked":"Redo","floor":7},{"not_picked":["Rip and Tear","Reinforced Body"],"picked":"Coolheaded","floor":10},{"not_picked":["Lockon","Hologram+1"],"picked":"Undo+1","floor":11},{"not_picked":["Leap+1","Redo+1"],"picked":"Coolheaded+1","floor":12}],"player_experience":554596,"relics_obtained":[{"floor":9,"key":"Du-Vu Doll"},{"floor":10,"key":"Toxic Egg 2"}],"event_choices":[{"cards_removed":["Strike_B"],"damage_healed":0,"gold_gain":0,"player_choice":"Card Removal","damage_taken":7,"max_hp_gain":0,"max_hp_loss":0,"event_name":"Golden Wing","floor":3,"gold_loss":0},{"cards_removed":["Defend_B"],"damage_healed":0,"gold_gain":0,"player_choice":"Card Removal","damage_taken":0,"max_hp_gain":0,"max_hp_loss":0,"event_name":"The Cleric","floor":4,"gold_loss":50},{"damage_healed":0,"gold_gain":0,"cards_transformed":["Defend_B"],"player_choice":"Transformed","damage_taken":0,"max_hp_gain":0,"max_hp_loss":0,"event_name":"Transmorgrifier","floor":5,"gold_loss":0,"cards_obtained":["Force Field"]}],"is_beta":false,"boss_relics":[],"items_purged_floors":[13],"is_endless":false,"potions_floor_spawned":[2,11,12],"killed_by":"Gremlin Gang","ascension_level":4}