{"gold_per_floor":[119,135,154,229,229,257,275,1,1,32,49,49,49,68,68,147,147,166,166,185,185],"floor_reached":21,"playtime":868,"items_purged":[],"score":334,"play_id":"b3602ed5-6deb-4532-af17-4378b040b6da","local_time":"20190301015905","is_ascension_mode":true,"campfire_choices":[{"data":"Armaments","floor":12,"key":"SMITH"},{"floor":15,"key":"REST"}],"neow_cost":"NONE","seed_source_timestamp":589965457765014,"circlet_count":0,"master_deck":["AscendersBane","Strike_R","Strike_R","Strike_R","Strike_R","Strike_R","Defend_R","Defend_R","Defend_R","Defend_R","Bash","Iron Wave","Armaments+1","Headbutt","Body Slam+1","Disarm","Entrench","Body Slam+1","Sentinel","Shrug It Off","Barricade","Warcry"],"relics":["Burning Blood","NeowsBlessing","Molten Egg 2","Lee\u0027s Waffle","The Courier","StoneCalendar","Runic Dome"],"potions_floor_usage":[6,14,16,21],"damage_taken":[{"damage":0,"enemies":"Cultist","floor":1,"turns":1},{"damage":0,"enemies":"Jaw Worm","floor":2,"turns":1},{"damage":0,"enemies":"Small Slimes","floor":3,"turns":1},{"damage":35,"enemies":"Gremlin Nob","floor":6,"turns":5},{"damage":20,"enemies":"Exordium Thugs","floor":7,"turns":7},{"damage":35,"enemies":"3 Sentries","floor":10,"turns":10},{"damage":21,"enemies":"Red Slaver","floor":11,"turns":5},{"damage":0,"enemies":"Gremlin Gang","floor":14,"turns":5},{"damage":37,"enemies":"Slime Boss","floor":16,"turns":7},{"damage":6,"enemies":"Shell Parasite","floor":18,"turns":5},{"damage":39,"enemies":"Spheric Guardian","floor":20,"turns":7},{"damage":38,"enemies":"Snake Plant","floor":21,"turns":6}],"seed_played":"-7314369298040207651","potions_obtained":[{"floor":2,"key":"Regen Potion"},{"floor":10,"key":"Energy Potion"},{"floor":13,"key":"Weak Potion"},{"floor":20,"key":"SteroidPotion"}],"is_trial":false,"path_per_floor":["M","M","M","?","?","E","M","$","T","E","M","R","?","M","R","B",null,"M","?","M","M"],"character_chosen":"IRONCLAD","items_purchased":["Entrench","Lee\u0027s Waffle"],"campfire_rested":1,"item_purchase_floors":[8,8],"current_hp_per_floor":[74,75,75,64,59,44,30,82,82,53,38,38,38,44,68,37,71,71,71,38,0],"gold":185,"neow_bonus":"THREE_ENEMY_KILL","is_prod":false,"is_daily":false,"chose_seed":false,"campfire_upgraded":1,"win_rate":0,"timestamp":1551373145,"path_taken":["M","?","M","?","?","E","M","$","T","E","M","R","?","M","R","BOSS","M","?","M","?"],"build_version":"2019-01-23","purchased_purges":0,"victory":false,"max_hp_per_floor":[75,75,75,75,75,75,75,82,82,82,82,82,82,82,82,82,82,82,82,82,82],"card_choices":[{"not_picked":["Clash","Havoc"],"picked":"Iron Wave","floor":1},{"not_picked":["Headbutt","Cleave"],"picked":"Armaments","floor":2},{"not_picked":["Wild Strike","Havoc"],"picked":"Headbutt","floor":3},{"not_picked":["Second Wind","Heavy Blade"],"picked":"Body Slam","floor":6},{"not_picked":["Exhume","Rage"],"picked":"Disarm","floor":7},{"not_picked":["Pummel+1","Headbutt+1"],"picked":"Body Slam+1","floor":10},{"not_picked":["Fire Breathing","Headbutt+1"],"picked":"Sentinel","floor":11},{"not_picked":["Armaments","Searing Blow+1"],"picked":"Shrug It Off","floor":14},{"not_picked":["Double Tap","Offering"],"picked":"Barricade","floor":16},{"not_picked":["Thunderclap+1","Reckless Charge+1","Flex"],"picked":"SKIP","floor":18},{"not_picked":["Bloodletting","Wild Strike+1"],"picked":"Warcry","floor":20}],"player_experience":144852,"relics_obtained":[{"floor":6,"key":"Molten Egg 2"},{"floor":9,"key":"The Courier"},{"floor":10,"key":"StoneCalendar"}],"event_choices":[{"damage_healed":0,"gold_gain":75,"player_choice":"Gather Gold","damage_taken":11,"max_hp_gain":0,"max_hp_loss":0,"event_name":"World of Goop","floor":4,"gold_loss":0},{"damage_healed":0,"gold_gain":0,"player_choice":"Fled","damage_taken":5,"max_hp_gain":0,"max_hp_loss":0,"event_name":"Scrap Ooze","floor":5,"gold_loss":0},{"damage_healed":0,"gold_gain":0,"player_choice":"Got Potions","damage_taken":0,"max_hp_gain":0,"max_hp_loss":0,"event_name":"Lab","floor":13,"gold_loss":0},{"damage_healed":0,"gold_gain":0,"player_choice":"0 cards matched","damage_taken":0,"max_hp_gain":0,"max_hp_loss":0,"event_name":"Match and Keep!","floor":19,"gold_loss":0,"cards_obtained":[]}],"is_beta":false,"boss_relics":[{"not_picked":["Ectoplasm","Black Blood"],"picked":"Runic Dome"}],"items_purged_floors":[],"is_endless":false,"potions_floor_spawned":[2,10,20],"killed_by":"Snake Plant","ascension_level":15}