{"gold_per_floor":[217,235,253,271,117,117,145,160,230,230,230],"floor_reached":11,"playtime":281,"items_purged":["Strike_B"],"score":90,"play_id":"6f45ba00-5264-46e2-9d2f-a4dcee9e30fd","local_time":"20190105205903","is_ascension_mode":true,"campfire_choices":[{"data":"Zap","floor":6,"key":"SMITH"},{"floor":10,"key":"REST"}],"neow_cost":"NONE","seed_source_timestamp":64163196607500,"circlet_count":0,"master_deck":["Strike_B","Strike_B","Strike_B","Defend_B","Defend_B","Defend_B","Defend_B","Zap+1","Dualcast","Redo","Static Discharge","Auto Shields","FTL","Defragment","Genetic Algorithm","Beam Cell"],"relics":["Cracked Core","Ginger","Gremlin Horn"],"potions_floor_usage":[8],"damage_taken":[{"damage":1,"enemies":"Cultist","floor":1,"turns":4},{"damage":12,"enemies":"Jaw Worm","floor":2,"turns":3},{"damage":8,"enemies":"Small Slimes","floor":3,"turns":3},{"damage":6,"enemies":"Looter","floor":4,"turns":4},{"damage":9,"enemies":"Lagavulin","floor":7,"turns":6},{"damage":17,"enemies":"3 Louse","floor":8,"turns":2},{"damage":48,"enemies":"Gremlin Nob","floor":11,"turns":4}],"seed_played":"-4668414870985647284","potions_obtained":[{"floor":2,"key":"LiquidBronze"},{"floor":7,"key":"LiquidBronze"}],"is_trial":false,"path_per_floor":["M","M","M","M","$","R","E","M","T","R","E"],"character_chosen":"DEFECT","items_purchased":["Defragment"],"campfire_rested":1,"item_purchase_floors":[5],"current_hp_per_floor":[74,62,54,48,48,48,39,22,22,44,0],"gold":230,"neow_bonus":"HUNDRED_GOLD","is_prod":false,"is_daily":false,"chose_seed":false,"campfire_upgraded":1,"win_rate":0,"timestamp":1546693143,"path_taken":["M","M","M","M","$","R","E","M","T","R","E"],"build_version":"2019-01-03v4","purchased_purges":1,"victory":false,"max_hp_per_floor":[75,75,75,75,75,75,75,75,75,75,75],"card_choices":[{"not_picked":["Beam Cell","Rebound"],"picked":"Redo","floor":1},{"not_picked":["Turbo","Rebound"],"picked":"Static Discharge","floor":2},{"not_picked":["Redo","Skim"],"picked":"Auto Shields","floor":3},{"not_picked":["White Noise","Gash"],"picked":"FTL","floor":4},{"not_picked":["Go for the Eyes","Barrage"],"picked":"Genetic Algorithm","floor":7},{"not_picked":["White Noise","Biased Cognition"],"picked":"Beam Cell","floor":8}],"player_experience":576518,"relics_obtained":[{"floor":7,"key":"Ginger"},{"floor":9,"key":"Gremlin Horn"}],"event_choices":[],"is_beta":false,"boss_relics":[],"items_purged_floors":[5],"is_endless":false,"potions_floor_spawned":[2,7],"killed_by":"Gremlin Nob","ascension_level":4}