{"gold_per_floor":[111,122,122,122,134,134,152,171,171,205,46,46,60,8,8,113,113,132,47,57,57,68,68,84,84,84,84],"floor_reached":27,"playtime":3947,"items_purged":["Strike_B"],"score":237,"play_id":"5a396d8d-b3e5-47ce-b9ad-3daca69de4d7","local_time":"20180917192321","is_ascension_mode":true,"campfire_choices":[{"data":"Fission","floor":6.0,"key":"SMITH"},{"data":"Capacitor","floor":12.0,"key":"SMITH"},{"floor":15.0,"key":"REST"},{"floor":23.0,"key":"REST"},{"floor":25,"key":"REST"}],"neow_cost":"PERCENT_DAMAGE","seed_source_timestamp":124345786151195,"circlet_count":0,"master_deck":["Strike_B","Strike_B","Defend_B","Defend_B","Defend_B","Defend_B","Zap","Dualcast","Fission+1","Barrage","Coolheaded","Static Discharge","Chaos","Compile Driver","Reboot","Capacitor+1","Conserve Battery","Coolheaded","Thunder Strike","Ball Lightning","Barrage+1","Reinforced Body","Redo","Capacitor"],"special_seed":0,"relics":["Cracked Core","Mercury Hourglass","Bag of Preparation","Vajra","Philosopher\u0027s Stone","Boot","Pantograph"],"potions_floor_usage":[],"damage_taken":[{"damage":7.0,"enemies":"Jaw Worm","floor":1.0,"turns":3.0},{"damage":2.0,"enemies":"Small Slimes","floor":2.0,"turns":5.0},{"damage":0.0,"enemies":"2 Louse","floor":5.0,"turns":2.0},{"damage":11.0,"enemies":"Exordium Thugs","floor":7.0,"turns":3.0},{"damage":0.0,"enemies":"Gremlin Gang","floor":8.0,"turns":2.0},{"damage":8.0,"enemies":"Gremlin Nob","floor":10.0,"turns":3.0},{"damage":2.0,"enemies":"Looter","floor":13.0,"turns":3.0},{"damage":16.0,"enemies":"Slime Boss","floor":16.0,"turns":6.0},{"damage":11.0,"enemies":"Spheric Guardian","floor":18.0,"turns":3.0},{"damage":4.0,"enemies":"Chosen","floor":20.0,"turns":3.0},{"damage":35.0,"enemies":"Snake Plant","floor":22.0,"turns":4.0},{"damage":10,"enemies":"3 Cultists","floor":24,"turns":3},{"damage":64,"enemies":"Slavers","floor":27,"turns":5}],"seed_played":"-6983624117210401517","potions_obtained":[{"floor":2.0,"key":"FearPotion"},{"floor":7.0,"key":"AttackPotion"},{"floor":8.0,"key":"Fire Potion"},{"floor":16.0,"key":"Swift Potion"}],"is_trial":false,"path_per_floor":["M","M","?","T","M","R","M","M","T","E","$","R","M","$","R","B",null,"M","?","M","?","M","R","M","R","T"],"character_chosen":"DEFECT","items_purchased":["Capacitor","Conserve Battery","SteroidPotion"],"campfire_rested":3,"item_purchase_floors":[11,11,14],"current_hp_per_floor":[47,45,70,70,70,70,59,59,59,51,51,51,49,49,71,55,75,64,64,60,60,25,47,37,59,59,0],"gold":84,"neow_bonus":"THREE_RARE_CARDS","is_prod":false,"is_daily":false,"chose_seed":false,"campfire_upgraded":2,"win_rate":0,"timestamp":1537237401,"path_taken":["M","M","?","?","?","R","M","M","T","E","?","R","M","$","R","BOSS","M","?","?","?","M","R","M","R","T","E"],"build_version":"2018-09-06","purchased_purges":1,"victory":false,"max_hp_per_floor":[75,75,75,75,75,75,75,75,75,75,75,75,75,75,75,75,75,75,75,75,75,75,75,75,75,75,75],"card_choices":[{"not_picked":["Amplify","Multi-Cast"],"picked":"Fission","floor":0.0},{"not_picked":["Hologram","White Noise"],"picked":"Barrage","floor":1.0},{"not_picked":["Reprogram","Redo"],"picked":"Coolheaded","floor":2.0},{"not_picked":["Coolheaded","Streamline"],"picked":"Static Discharge","floor":5.0},{"not_picked":["Static Discharge","Rebound"],"picked":"Chaos","floor":7.0},{"not_picked":["Storm","Steam"],"picked":"Compile Driver","floor":8.0},{"not_picked":["Undo","Coolheaded"],"picked":"Reboot","floor":10.0},{"not_picked":["Static Discharge","Streamline"],"picked":"Coolheaded","floor":13.0},{"not_picked":["Hyperbeam","Reboot"],"picked":"Thunder Strike","floor":16.0},{"not_picked":["Leap+1","Hologram+1"],"picked":"Ball Lightning","floor":18.0},{"not_picked":["Coolheaded","Steam"],"picked":"Barrage+1","floor":20.0},{"not_picked":["Gash","FTL"],"picked":"Redo","floor":22.0},{"not_picked":["Darkness","Beam Cell"],"picked":"Capacitor","floor":24}],"player_experience":204047,"relics_obtained":[{"floor":4.0,"key":"Mercury Hourglass"},{"floor":9.0,"key":"Bag of Preparation"},{"floor":10.0,"key":"Vajra"},{"floor":26,"key":"Pantograph"}],"event_choices":[{"event_name":"Big Fish","player_choice":"Banana","floor":3.0,"damage_taken":0.0},{"event_name":"Addict","player_choice":"Obtained Relic","floor":19.0,"damage_taken":0.0},{"event_name":"Transmorgrifier","player_choice":"Transform","floor":21.0,"damage_taken":0.0}],"is_beta":false,"boss_relics":[{"not_picked":["Astrolabe","Eternal Feather"],"picked":"Philosopher\u0027s Stone"}],"items_purged_floors":[11],"is_endless":false,"potions_floor_spawned":[2,7,8,16],"killed_by":"Slavers","ascension_level":2}