{"path_per_floor":["?","?","?","?","?","?","?","?","?","?","?","?","?","?","?","B",null,"?","?","?","?","?"],"character_chosen":"IRONCLAD","items_purchased":["Regen Potion"],"gold_per_floor":[114,64,79,94,94,154,169,244,294,309,246,271,286,301,301,401,401,416,431,431,446,461],"floor_reached":23,"campfire_rested":1,"playtime":1042,"current_hp_per_floor":[80,80,73,57,57,35,22,22,22,23,23,23,22,14,53,13,80,67,58,58,46,49],"items_purged":[],"gold":461,"score":197,"play_id":"a04837e6-83a3-4c1a-b23d-b37bfe851b8f","local_time":"20180302132823","daily_mods":[{"name":"Diverse","description":"Start with 2 cards from another class.","modID":"Diverse","img":{"data":{"file":{"file":{"path":"images\\ui\\run_mods\\diverse.png"},"type":"Internal"},"width":64,"height":64,"format":"RGBA8888","useMipMaps":false,"isPrepared":false},"glTarget":3553,"glHandle":685,"minFilter":"Linear","magFilter":"Linear","uWrap":"ClampToEdge","vWrap":"ClampToEdge"},"positive":true},{"name":"Uncertain Future","description":"The map shows only ?.","modID":"Uncertain Future","img":{"data":{"file":{"file":{"path":"images\\ui\\run_mods\\uncertain_future.png"},"type":"Internal"},"width":64,"height":64,"format":"RGBA8888","useMipMaps":false,"isPrepared":false},"glTarget":3553,"glHandle":679,"minFilter":"Linear","magFilter":"Linear","uWrap":"ClampToEdge","vWrap":"ClampToEdge"},"positive":false},{"name":"Binary","description":"Card rewards contain only 2 cards.","modID":"Binary","img":{"data":{"file":{"file":{"path":"images\\ui\\run_mods\\binary.png"},"type":"Internal"},"width":64,"height":64,"format":"RGBA8888","useMipMaps":false,"isPrepared":false},"glTarget":3553,"glHandle":680,"minFilter":"Linear","magFilter":"Linear","uWrap":"ClampToEdge","vWrap":"ClampToEdge"},"positive":false},{"name":"Vintage","description":"The Merchant\u0027s prices are increased by 25%.","modID":"Vintage","img":{"data":{"file":{"file":{"path":"images\\ui\\run_mods\\vintage.png"},"type":"Internal"},"width":64,"height":64,"format":"RGBA8888","useMipMaps":false,"isPrepared":false},"glTarget":3553,"glHandle":677,"minFilter":"Linear","magFilter":"Linear","uWrap":"ClampToEdge","vWrap":"ClampToEdge"},"positive":false}],"is_prod":false,"is_daily":true,"is_ascension_mode":false,"campfire_upgraded":0,"timestamp":1519964903,"path_taken":["?","?","?","?","?","?","?","?","?","?","?","?","?","?","?","BOSS","?","?","?","?","?","?"],"build_version":"2018-03-01-PROD1","purchased_purges":0,"victory":false,"master_deck":["Strike_R","Strike_R","Strike_R","Defend_R","Defend_R","Defend_R","Bash","Bouncing Flask","Bouncing Flask","Warcry","Battle Trance","Sentinel","Spot Weakness","Shockwave","Shrug It Off","Armaments","Warcry","Reaper","Cleave+1","Armaments+1","Limit Break","Ghostly Armor","Clothesline+1"],"max_hp_per_floor":[80,80,80,80,80,80,80,80,80,80,80,80,80,80,80,80,80,80,80,80,80,80],"relics":["Burning Blood","Tiny Chest","Gremlin Horn","Regal Pillow","Omamori","Cursed Key"],"card_choices":[{"not_picked":["Clash"],"picked":"Warcry"},{"not_picked":["Body Slam"],"picked":"Battle Trance"},{"not_picked":["Body Slam"],"picked":"Sentinel"},{"not_picked":["Battle Trance"],"picked":"Spot Weakness"},{"not_picked":["Clothesline"],"picked":"Shockwave"},{"not_picked":["Wild Strike"],"picked":"Shrug It Off"},{"not_picked":["Combust"],"picked":"Armaments"},{"not_picked":["Heavy Blade"],"picked":"Warcry"},{"not_picked":["Impervious"],"picked":"Reaper"},{"not_picked":["Perfected Strike"],"picked":"Cleave"},{"not_picked":["Rage"],"picked":"Armaments"},{"not_picked":["Clash"],"picked":"Ghostly Armor"},{"not_picked":["Iron Wave"],"picked":"Clothesline"}],"player_experience":529325,"potions_floor_usage":[6,7,16,16,18,22,22,23],"damage_taken":[{"damage":1,"enemies":"Cultist","floor":1,"turns":3},{"damage":13,"enemies":"Jaw Worm","floor":3,"turns":3},{"damage":22,"enemies":"Small Slimes","floor":4,"turns":4},{"damage":28,"enemies":"Gremlin Nob","floor":6,"turns":5},{"damage":19,"enemies":"2 Fungi Beasts","floor":7,"turns":4},{"damage":5,"enemies":"Red Slaver","floor":10,"turns":5},{"damage":7,"enemies":"Looter","floor":13,"turns":3},{"damage":14,"enemies":"Blue Slaver","floor":14,"turns":3},{"damage":61,"enemies":"Slime Boss","floor":16,"turns":12},{"damage":37,"enemies":"3 Byrds","floor":18,"turns":6},{"damage":25,"enemies":"Chosen","floor":19,"turns":4},{"damage":18,"enemies":"Snecko","floor":21,"turns":5},{"damage":11,"enemies":"Cultist and Chosen","floor":22,"turns":5},{"damage":68,"enemies":"Slavers","floor":23,"turns":5}],"event_choices":[{"event_name":"The Cleric","player_choice":"Card Removal","floor":2,"damage_taken":0},{"event_name":"Bonfire Elementals","player_choice":"BASIC","floor":5,"damage_taken":0},{"event_name":"Transmorgrifier","player_choice":"Transform","floor":20,"damage_taken":0}],"boss_relics":[{"not_picked":["Question Card","Velvet Choker"],"picked":"Cursed Key"}],"potions_floor_spawned":[3,4,6,10,16,19,21],"seed_played":"-4064848218327866266","killed_by":"Slavers","ascension_level":0,"is_trial":false}