{"gold_per_floor":[16,29,40,315,114,146,162,162,210,28,41,41,96,112,112,208,208,188,463,478,71,89,89,100,100,126,126,139,139,153,153,153,253,253,264,47,147,166,179,179,25,25,74,0,0,0,10,110,110,110],"floor_reached":50,"playtime":10781,"items_purged":["Regret","Regret"],"score":492,"play_id":"b36f116c-982d-4550-adfd-9e657becef41","local_time":"20190107222929","is_ascension_mode":false,"campfire_choices":[{"data":"Blind","floor":8,"key":"SMITH"},{"data":"Storm","floor":15,"key":"SMITH"},{"data":"Self Repair","floor":23,"key":"SMITH"},{"data":"Streamline","floor":25,"key":"SMITH"},{"data":"Double Energy","floor":27,"key":"SMITH"},{"data":"Streamline","floor":32,"key":"SMITH"},{"data":"Thunder Strike","floor":40,"key":"SMITH"},{"data":"Capacitor","floor":42,"key":"SMITH"},{"data":"Creative AI","floor":46,"key":"SMITH"},{"floor":49,"key":"REST"}],"neow_cost":"NO_GOLD","seed_source_timestamp":68204159413853,"circlet_count":0,"master_deck":["Strike_B","Strike_B","Defend_B","Defend_B","Defend_B","Zap","Dualcast","Reinforced Body","Conserve Battery","Genetic Algorithm","Self Repair+1","Blind+1","Ball Lightning","Force Field","Storm+1","Doom and Gloom","Chill","Fusion","White Noise","Double Energy+1","Thunder Strike+1","Go for the Eyes","Heatsinks","Apotheosis","Lockon","Redo","Reprogram+1","Streamline+1","Reboot","Streamline+1","Creative AI+1","Scrape+1","Force Field+1","Darkness+1","Defragment+1","Capacitor+1","Stack","Ball Lightning","Melter","Ball Lightning+1","Double Energy+1"],"relics":["Cracked Core","FossilizedHelix","Question Card","Regal Pillow","Strawberry","Nuclear Battery","Juzu Bracelet","CultistMask","Astrolabe","Calipers","Bag of Preparation","Oddly Smooth Stone","Red Mask"],"potions_floor_usage":[6,16,30,33,33,50],"damage_taken":[{"damage":0,"enemies":"Small Slimes","floor":1,"turns":3},{"damage":0,"enemies":"Cultist","floor":2,"turns":3},{"damage":0,"enemies":"Jaw Worm","floor":3,"turns":5},{"damage":26,"enemies":"3 Sentries","floor":6,"turns":11},{"damage":0,"enemies":"Looter","floor":7,"turns":3},{"damage":0,"enemies":"Blue Slaver","floor":11,"turns":4},{"damage":14,"enemies":"Gremlin Nob","floor":13,"turns":6},{"damage":0,"enemies":"Gremlin Gang","floor":14,"turns":5},{"damage":42,"enemies":"Slime Boss","floor":16,"turns":16},{"damage":0,"enemies":"2 Thieves","floor":18,"turns":5},{"damage":33,"enemies":"3 Byrds","floor":20,"turns":7},{"damage":0,"enemies":"Centurion and Healer","floor":22,"turns":4},{"damage":0,"enemies":"Shelled Parasite and Fungi","floor":24,"turns":6},{"damage":5,"enemies":"Snake Plant","floor":28,"turns":5},{"damage":14,"enemies":"Centurion and Healer","floor":30,"turns":7},{"damage":51,"enemies":"Automaton","floor":33,"turns":7},{"damage":22,"enemies":"3 Darklings","floor":35,"turns":4},{"damage":3,"enemies":"Mind Bloom Boss Battle","floor":37,"turns":6},{"damage":1,"enemies":"3 Shapes","floor":38,"turns":4},{"damage":35,"enemies":"Maw","floor":39,"turns":8},{"damage":12,"enemies":"Jaw Worm Horde","floor":47,"turns":3},{"damage":124,"enemies":"Awakened One","floor":50,"turns":9}],"seed_played":"8069689843839472488","potions_obtained":[{"floor":2,"key":"GamblersBrew"},{"floor":3,"key":"LiquidBronze"},{"floor":7,"key":"Regen Potion"},{"floor":13,"key":"Explosive Potion"},{"floor":16,"key":"Block Potion"},{"floor":18,"key":"PowerPotion"},{"floor":22,"key":"PowerPotion"},{"floor":30,"key":"Energy Potion"},{"floor":35,"key":"Ancient Potion"}],"is_trial":false,"path_per_floor":["M","M","M","?","$","E","M","R","T","$","M","?","?","M","R","B",null,"M","?","M","$","M","R","M","R","T","R","M","?","M","?","R","B",null,"M","$","?","M","M","R","$","R","T","?","$","R","M","?","R","B"],"character_chosen":"DEFECT","items_purchased":["Self Repair","Blind","Storm","Doom and Gloom","Chill","Apotheosis","Lockon","Redo","Capacitor","Stack","Ball Lightning","PowerPotion","Bag of Preparation"],"campfire_rested":1,"item_purchase_floors":[5,5,10,10,10,21,21,21,36,36,36,36,41],"current_hp_per_floor":[75,75,75,75,75,56,63,63,63,63,70,70,70,77,77,42,82,82,82,56,56,66,66,76,76,76,76,81,81,77,77,77,36,82,70,70,77,76,51,51,51,51,51,51,51,51,49,49,82,0],"gold":110,"neow_bonus":"ONE_RARE_RELIC","is_prod":false,"is_daily":false,"chose_seed":false,"campfire_upgraded":9,"win_rate":0.0,"timestamp":1546896569,"path_taken":["M","M","M","?","$","E","?","R","T","?","M","?","?","M","R","BOSS","M","?","M","$","?","R","M","R","T","R","M","?","M","?","R","BOSS","M","?","?","M","M","R","$","R","T","?","$","R","M","?","R","BOSS"],"build_version":"2019-01-03v4","purchased_purges":2,"victory":false,"max_hp_per_floor":[75,75,75,75,75,75,75,75,75,75,75,75,82,82,82,82,82,82,82,82,82,82,82,82,82,82,82,82,82,82,82,82,82,82,82,82,82,82,82,82,82,82,82,82,82,82,82,82,82,82],"card_choices":[{"not_picked":["Ball Lightning","Leap"],"picked":"Reinforced Body","floor":1},{"not_picked":["Sweeping Beam","FTL"],"picked":"Conserve Battery","floor":2},{"not_picked":["Hologram","Cold Snap"],"picked":"Genetic Algorithm","floor":3},{"not_picked":["Beam Cell","Cold Snap"],"picked":"Ball Lightning","floor":6},{"not_picked":["Barrage","Hologram","Coolheaded"],"picked":"Force Field","floor":7},{"not_picked":["Reboot","Chaos","Go for the Eyes"],"picked":"Fusion","floor":11},{"not_picked":["Beam Cell","Sweeping Beam","Streamline"],"picked":"White Noise","floor":13},{"not_picked":["Go for the Eyes","Streamline","Reboot"],"picked":"Double Energy","floor":14},{"not_picked":["Reboot","All For One","Rainbow"],"picked":"Thunder Strike","floor":16},{"not_picked":["Coolheaded","Stack","Cold Snap"],"picked":"Go for the Eyes","floor":18},{"not_picked":["Cold Snap","Sweeping Beam","Steam"],"picked":"Heatsinks","floor":20},{"not_picked":["Conserve Battery","Redo","Chill"],"picked":"Reprogram+1","floor":22},{"not_picked":["Leap+1","Beam Cell","Steam"],"picked":"Streamline","floor":24},{"not_picked":["White Noise","Steam Power+1","Chill+1"],"picked":"Reboot","floor":28},{"not_picked":["Double Energy","Ball Lightning","Steam"],"picked":"Streamline","floor":30},{"not_picked":["All For One","Rainbow","Seek"],"picked":"Creative AI","floor":33},{"not_picked":["Scrape","BootSequence+1","Streamline"],"picked":"Defragment+1","floor":35},{"not_picked":["Conserve Battery","Go for the Eyes+1","Capacitor+1"],"picked":"Melter","floor":38},{"not_picked":["Gash+1","Cold Snap+1","Leap+1"],"picked":"Ball Lightning+1","floor":39},{"not_picked":["Leap","Storm","Hello World"],"picked":"Double Energy+1","floor":47}],"player_experience":37719,"relics_obtained":[{"floor":6,"key":"Question Card"},{"floor":9,"key":"Regal Pillow"},{"floor":13,"key":"Strawberry"},{"floor":26,"key":"Juzu Bracelet"},{"floor":37,"key":"Calipers"},{"floor":43,"key":"Oddly Smooth Stone"}],"event_choices":[{"damage_healed":0,"gold_gain":275,"player_choice":"Desecrate","damage_taken":0,"max_hp_gain":0,"max_hp_loss":0,"event_name":"Golden Shrine","floor":4,"gold_loss":0,"cards_obtained":["Regret"]},{"damage_healed":0,"gold_gain":0,"player_choice":"Leave","damage_taken":0,"max_hp_gain":0,"max_hp_loss":0,"event_name":"The Cleric","floor":12,"gold_loss":0},{"damage_healed":0,"gold_gain":0,"player_choice":"Searched \u00272\u0027 times","damage_taken":0,"max_hp_gain":0,"max_hp_loss":0,"event_name":"Dead Adventurer","floor":13,"gold_loss":0},{"damage_healed":0,"gold_gain":275,"player_choice":"Desecrate","damage_taken":0,"max_hp_gain":0,"max_hp_loss":0,"event_name":"Golden Shrine","floor":19,"gold_loss":0,"cards_obtained":["Regret"]},{"damage_healed":0,"gold_gain":0,"player_choice":"Ignored","damage_taken":0,"max_hp_gain":0,"max_hp_loss":0,"event_name":"NoteForYourself","floor":29,"gold_loss":0},{"damage_healed":0,"gold_gain":0,"player_choice":"Trade","damage_taken":0,"relics_obtained":["CultistMask"],"max_hp_gain":0,"max_hp_loss":0,"event_name":"FaceTrader","floor":31,"gold_loss":0},{"damage_healed":0,"gold_gain":0,"player_choice":"Fight","damage_taken":0,"max_hp_gain":0,"max_hp_loss":0,"event_name":"MindBloom","floor":37,"gold_loss":0},{"damage_healed":0,"gold_gain":0,"player_choice":"Paid","damage_taken":0,"relics_obtained":["Red Mask"],"max_hp_gain":0,"max_hp_loss":0,"event_name":"Tomb of Lord Red Mask","floor":44,"gold_loss":74},{"damage_healed":0,"gold_gain":100,"player_choice":"Pray","damage_taken":0,"max_hp_gain":0,"max_hp_loss":0,"event_name":"Golden Shrine","floor":48,"gold_loss":0}],"is_beta":false,"boss_relics":[{"not_picked":["Calling Bell","Busted Crown"],"picked":"Nuclear Battery"},{"not_picked":["White Beast Statue","Orrery"],"picked":"Astrolabe"}],"items_purged_floors":[5,21],"is_endless":false,"potions_floor_spawned":[2,3,7,13,14,16,18,22,30,35,37],"killed_by":"Awakened One","ascension_level":0}