{"gold_per_floor":[114,114,114,36,186,220,220,247,247,247,260,273,305,305,305,395,395,411,5,18,41,55,55],"floor_reached":23,"playtime":807,"items_purged":[],"score":518,"play_id":"0cf94651-1836-4cdb-bd7b-f1fc19f647b5","local_time":"20190225181019","is_ascension_mode":true,"campfire_choices":[{"data":"White Noise","floor":7,"key":"SMITH"},{"data":"Go for the Eyes","floor":10,"key":"SMITH"},{"data":"Zap","floor":15,"key":"SMITH"}],"neow_cost":"NONE","seed_source_timestamp":25681695010354,"circlet_count":0,"master_deck":["AscendersBane","Strike_B","Strike_B","Strike_B","Strike_B","Defend_B+1","Defend_B","Defend_B","Defend_B+1","Zap+1","Dualcast","Self Repair+1","White Noise+1","Doubt","Go for the Eyes+1","Compile Driver","Capacitor","Chill","Rainbow","Chaos","Bandage Up","Coolheaded"],"relics":["Cracked Core","NeowsBlessing","Mercury Hourglass","Turnip","Dodecahedron","War Paint","Golden Idol","Busted Crown","FossilizedHelix"],"potions_floor_usage":[13,16],"damage_taken":[{"damage":0,"enemies":"Jaw Worm","floor":1,"turns":1},{"damage":0,"enemies":"Gremlin Nob","floor":6,"turns":1},{"damage":0,"enemies":"Lagavulin","floor":8,"turns":2},{"damage":0,"enemies":"Small Slimes","floor":11,"turns":2},{"damage":0,"enemies":"2 Louse","floor":12,"turns":2},{"damage":10,"enemies":"3 Sentries","floor":13,"turns":6},{"damage":24,"enemies":"Slime Boss","floor":16,"turns":9},{"damage":15,"enemies":"3 Byrds","floor":18,"turns":5},{"damage":17,"enemies":"Shell Parasite","floor":20,"turns":7},{"damage":11,"enemies":"Chosen and Byrds","floor":21,"turns":9},{"damage":26,"enemies":"Snake Plant","floor":22,"turns":5},{"damage":0,"enemies":"Gremlin Leader","floor":23,"turns":2}],"seed_played":"78808191283282803","potions_obtained":[{"floor":1,"key":"Ancient Potion"},{"floor":6,"key":"Fire Potion"},{"floor":13,"key":"Ancient Potion"},{"floor":16,"key":"FearPotion"}],"is_trial":false,"path_per_floor":["M","?","?","$","?","E","R","E","T","R","M","M","E","?","R","B",null,"M","$","M","M","M","E"],"character_chosen":"DEFECT","items_purchased":["White Noise","FossilizedHelix","Bandage Up"],"campfire_rested":0,"item_purchase_floors":[4,19,19],"current_hp_per_floor":[64,64,64,64,64,64,64,71,71,71,71,71,71,47,47,33,62,57,57,54,57,45,45],"gold":55,"neow_bonus":"THREE_ENEMY_KILL","is_prod":false,"is_daily":false,"chose_seed":false,"campfire_upgraded":3,"win_rate":0,"timestamp":1551114619,"path_taken":["M","?","?","$","?","E","R","E","T","R","M","?","E","?","R","BOSS","M","$","M","M","M","E"],"build_version":"2019-02-06","purchased_purges":0,"victory":false,"max_hp_per_floor":[71,71,71,71,71,71,71,71,71,71,71,71,71,71,71,71,71,71,71,71,71,71,71],"card_choices":[{"not_picked":["Redo","Go for the Eyes"],"picked":"Self Repair","floor":1},{"not_picked":["Streamline","Gash"],"picked":"Go for the Eyes","floor":6},{"not_picked":["Sweeping Beam","Multi-Cast"],"picked":"Compile Driver","floor":8},{"not_picked":["Compile Driver","Stack","Blizzard"],"picked":"SKIP","floor":11},{"not_picked":["Gash","Coolheaded"],"picked":"Capacitor","floor":12},{"not_picked":["Redo","Conserve Battery"],"picked":"Chill","floor":13},{"not_picked":["Seek","Hyperbeam"],"picked":"Rainbow","floor":16},{"not_picked":[],"picked":"Chaos","floor":18},{"not_picked":[],"picked":"Coolheaded","floor":20},{"not_picked":["Double Energy"],"picked":"SKIP","floor":21},{"not_picked":["Hologram"],"picked":"SKIP","floor":22}],"player_experience":944719,"relics_obtained":[{"floor":6,"key":"Mercury Hourglass"},{"floor":8,"key":"Turnip"},{"floor":9,"key":"Dodecahedron"},{"floor":13,"key":"War Paint"}],"event_choices":[{"damage_healed":0,"gold_gain":0,"player_choice":"Leave","damage_taken":0,"max_hp_gain":0,"max_hp_loss":0,"event_name":"The Cleric","floor":2,"gold_loss":0},{"damage_healed":0,"gold_gain":0,"player_choice":"Grow","damage_taken":0,"max_hp_gain":0,"max_hp_loss":0,"event_name":"Living Wall","floor":3,"gold_loss":0,"cards_upgraded":["Self Repair"]},{"damage_healed":0,"gold_gain":150,"player_choice":"AGREE","damage_taken":0,"max_hp_gain":0,"max_hp_loss":0,"event_name":"Liars Game","floor":5,"gold_loss":0,"cards_obtained":["Doubt"]},{"damage_healed":0,"gold_gain":0,"player_choice":"Take Damage","damage_taken":24,"relics_obtained":["Golden Idol"],"max_hp_gain":0,"max_hp_loss":0,"event_name":"Golden Idol","floor":14,"gold_loss":0}],"is_beta":true,"boss_relics":[{"not_picked":["Runic Dome","Astrolabe"],"picked":"Busted Crown"}],"items_purged_floors":[],"is_endless":false,"potions_floor_spawned":[1,6,13,16,20],"killed_by":"Gremlin Leader","ascension_level":20}