{"gold_per_floor":[112,112,42,53,6,6,81,110,110,120,120,135,135,147,147,245,245,258,458,478,489,265,265],"floor_reached":23,"playtime":700,"items_purged":[],"score":229,"play_id":"9b96a1cf-8802-4982-a240-678bf9781dba","local_time":"20181224230729","is_ascension_mode":true,"campfire_choices":[{"data":"Storm","floor":6,"key":"SMITH"},{"floor":11,"key":"REST"},{"floor":13,"key":"REST"},{"data":"Dualcast","floor":15,"key":"SMITH"}],"neow_cost":"NONE","seed_source_timestamp":208741655682900,"circlet_count":0,"master_deck":["Strike_B","Strike_B","Strike_B","Defend_B","Defend_B","Defend_B","Defend_B","Zap+1","Dualcast+1","Rebound","Storm+1","Cold Snap","Ball Lightning","Lockon+1","Amplify","Beam Cell+1","Doom and Gloom+1","Coolheaded","Cold Snap+1","Hologram","Consume+1","Self Repair","Sadistic Nature"],"relics":["Cracked Core","DataDisk","Molten Egg 2","Orrery"],"potions_floor_usage":[12,18],"damage_taken":[{"damage":9,"enemies":"2 Louse","floor":1,"turns":2},{"damage":1,"enemies":"Cultist","floor":4,"turns":3},{"damage":28,"enemies":"Lagavulin","floor":8,"turns":5},{"damage":9,"enemies":"Jaw Worm","floor":10,"turns":2},{"damage":15,"enemies":"Exordium Thugs","floor":12,"turns":3},{"damage":16,"enemies":"Lots of Slimes","floor":14,"turns":4},{"damage":11,"enemies":"Hexaghost","floor":16,"turns":7},{"damage":22,"enemies":"Shell Parasite","floor":18,"turns":4},{"damage":7,"enemies":"Spheric Guardian","floor":20,"turns":4},{"damage":42,"enemies":"Snake Plant","floor":21,"turns":3},{"damage":11,"enemies":"Book of Stabbing","floor":23,"turns":1}],"seed_played":"9122511087192047255","potions_obtained":[{"floor":4,"key":"SkillPotion"},{"floor":8,"key":"SkillPotion"},{"floor":14,"key":"Swift Potion"},{"floor":16,"key":"Poison Potion"},{"floor":18,"key":"FairyPotion"}],"is_trial":false,"path_per_floor":["M","?","$","M","$","R","?","E","T","M","R","M","R","M","R","B",null,"M","?","M","M","$","E"],"character_chosen":"DEFECT","items_purchased":["Storm","Ball Lightning","Self Repair","Sadistic Nature"],"campfire_rested":2,"item_purchase_floors":[3,5,22,22],"current_hp_per_floor":[66,66,66,65,65,65,58,30,30,21,43,28,50,34,34,23,75,53,53,46,4,4,0],"gold":265,"neow_bonus":"REMOVE_CARD","is_prod":false,"is_daily":false,"chose_seed":false,"campfire_upgraded":2,"win_rate":0,"timestamp":1545664049,"path_taken":["M","?","?","M","$","R","?","E","T","M","R","M","R","M","R","BOSS","M","?","M","?","$","E"],"build_version":"2018-12-20","purchased_purges":0,"victory":false,"max_hp_per_floor":[75,75,75,75,75,75,75,75,75,75,75,75,75,75,75,75,75,75,75,75,75,75,75],"card_choices":[{"not_picked":["Steam","Stack"],"picked":"Rebound","floor":1},{"not_picked":["Sweeping Beam","Rebound"],"picked":"Cold Snap","floor":4},{"not_picked":["Rebound","Sweeping Beam","Compile Driver"],"picked":"SKIP","floor":8},{"not_picked":["Rebound+1","Cold Snap+1"],"picked":"Lockon+1","floor":10},{"not_picked":["Streamline+1","FTL+1","Rip and Tear+1"],"picked":"SKIP","floor":12},{"not_picked":["Genetic Algorithm","Recycle","Gash+1"],"picked":"SKIP","floor":14},{"not_picked":["Multi-Cast","Biased Cognition"],"picked":"Amplify","floor":16},{"not_picked":["Sweeping Beam+1","Auto Shields"],"picked":"Beam Cell+1","floor":17},{"not_picked":["Compile Driver+1","Auto Shields"],"picked":"Doom and Gloom+1","floor":17},{"not_picked":["Darkness","Beam Cell+1"],"picked":"Coolheaded","floor":17},{"not_picked":["Sweeping Beam+1","Turbo"],"picked":"Cold Snap+1","floor":17},{"not_picked":["Coolheaded","Stack"],"picked":"Hologram","floor":17},{"not_picked":["Loop","Heatsinks"],"picked":"Consume+1","floor":18},{"not_picked":["Gash+1","Reprogram","Amplify"],"picked":"SKIP","floor":20},{"not_picked":["Beam Cell+1","Streamline+1","Gash+1"],"picked":"SKIP","floor":21}],"player_experience":514505,"relics_obtained":[{"floor":8,"key":"DataDisk"},{"floor":9,"key":"Molten Egg 2"}],"event_choices":[{"damage_healed":0,"gold_gain":0,"player_choice":"Forge","damage_taken":0,"max_hp_gain":0,"max_hp_loss":0,"event_name":"Accursed Blacksmith","floor":2,"gold_loss":0,"cards_upgraded":["Zap"]},{"damage_healed":0,"gold_gain":75,"player_choice":"Touch","damage_taken":7,"max_hp_gain":0,"max_hp_loss":0,"event_name":"FaceTrader","floor":7,"gold_loss":0},{"damage_healed":0,"gold_gain":200,"player_choice":"Gold","damage_taken":0,"max_hp_gain":0,"max_hp_loss":0,"event_name":"Wheel of Change","floor":19,"gold_loss":0}],"is_beta":false,"boss_relics":[{"not_picked":["Pandora\u0027s Box","Coffee Dripper"],"picked":"Orrery"}],"items_purged_floors":[],"is_endless":false,"potions_floor_spawned":[4,8,14,16,18,21],"killed_by":"Book of Stabbing","ascension_level":4}