{"gold_per_floor":[115,115,65,79,4,4,4,4,4,37,51,63,123,133,133,233,233,247,264,264,111,111,111,126,126,126,106,119,152,2,101,101,203,203,219,294,25,36,46,73,90,90,140,140,155,168,168,184,184,184,184,184,59,84,84],"floor_reached":55,"playtime":4763,"items_purged":["Shame","Bash","Strike_R"],"score":792,"play_id":"1e08af2e-37a0-4744-8bd0-7729946000f3","local_time":"20190217001643","is_ascension_mode":false,"campfire_choices":[{"data":"Battle Trance","floor":6.0,"key":"SMITH"},{"data":"Shrug It Off","floor":15.0,"key":"SMITH"},{"data":"Body Slam","floor":23.0,"key":"SMITH"},{"data":"Shrug It Off","floor":25.0,"key":"SMITH"},{"data":"Shrug It Off","floor":32.0,"key":"SMITH"},{"data":"Demon Form","floor":42.0,"key":"SMITH"},{"data":"Panache","floor":44.0,"key":"SMITH"},{"floor":49.0,"key":"RECALL"},{"data":"Second Wind","floor":52.0,"key":"SMITH"}],"neow_cost":"NONE","seed_source_timestamp":0,"circlet_count":0,"master_deck":["Strike_R+1","Defend_R","Defend_R","Defend_R","Battle Trance+1","Shrug It Off+1","Shrug It Off+1","Shrug It Off+1","Exhume+1","Intimidate+1","Dark Embrace+1","Body Slam+1","Second Wind+1","Demon Form+1","Panache+1"],"special_seed":0,"relics":["Burning Blood","NeowsBlessing","Letter Opener","Art of War","Mummified Hand","Astrolabe","Dream Catcher","Question Card","Anchor","Bronze Scales","Velvet Choker","Gambling Chip","Vajra","Whetstone"],"potions_floor_usage":[55,55],"damage_taken":[{"damage":0.0,"enemies":"Small Slimes","floor":1.0,"turns":1.0},{"damage":0.0,"enemies":"2 Louse","floor":4.0,"turns":1.0},{"damage":0.0,"enemies":"Gremlin Nob","floor":10.0,"turns":1.0},{"damage":0.0,"enemies":"Jaw Worm","floor":11.0,"turns":4.0},{"damage":0.0,"enemies":"Blue Slaver","floor":12.0,"turns":5.0},{"damage":15.0,"enemies":"Lagavulin Event","floor":13.0,"turns":9.0},{"damage":0.0,"enemies":"2 Fungi Beasts","floor":14.0,"turns":6.0},{"damage":73.0,"enemies":"Slime Boss","floor":16.0,"turns":28.0},{"damage":10.0,"enemies":"Spheric Guardian","floor":18.0,"turns":20.0},{"damage":0.0,"enemies":"Chosen","floor":19.0,"turns":8.0},{"damage":8.0,"enemies":"Snecko","floor":24.0,"turns":11.0},{"damage":1.0,"enemies":"Sentry and Sphere","floor":28.0,"turns":8.0},{"damage":0.0,"enemies":"Book of Stabbing","floor":29.0,"turns":5.0},{"damage":39.0,"enemies":"Automaton","floor":33.0,"turns":11.0},{"damage":24.0,"enemies":"3 Darklings","floor":35.0,"turns":5.0},{"damage":5.0,"enemies":"Orb Walker","floor":38.0,"turns":4.0},{"damage":10.0,"enemies":"3 Darklings","floor":39.0,"turns":4.0},{"damage":0.0,"enemies":"Giant Head","floor":40.0,"turns":8.0},{"damage":7.0,"enemies":"Maw","floor":41.0,"turns":7.0},{"damage":1.0,"enemies":"4 Shapes","floor":45.0,"turns":3.0},{"damage":0.0,"enemies":"Spire Growth","floor":46.0,"turns":4.0},{"damage":10.0,"enemies":"Maw","floor":48.0,"turns":6.0},{"damage":0.0,"enemies":"Awakened One","floor":50.0,"turns":10.0},{"damage":25.0,"enemies":"Shield and Spear","floor":54.0,"turns":6.0},{"damage":58,"enemies":"The Heart","floor":55,"turns":8}],"seed_played":"-1772385445983503127","potions_obtained":[{"floor":10.0,"key":"Fire Potion"},{"floor":11.0,"key":"Regen Potion"},{"floor":12.0,"key":"EssenceOfSteel"},{"floor":13.0,"key":"Poison Potion"},{"floor":16.0,"key":"Dexterity Potion"},{"floor":18.0,"key":"SkillPotion"},{"floor":27.0,"key":"SpeedPotion"},{"floor":28.0,"key":"Regen Potion"},{"floor":33.0,"key":"Block Potion"},{"floor":35.0,"key":"LiquidBronze"},{"floor":40.0,"key":"LiquidBronze"}],"is_trial":false,"path_per_floor":["?","?","?","?","?","?","?","?","M","?","?","M","M","?"],"character_chosen":"IRONCLAD","items_purchased":["Battle Trance","Regen Potion","Bronze Scales","Panache"],"campfire_rested":0,"item_purchase_floors":[5,21,30,37],"current_hp_per_floor":[80,73,73,79,79,79,80,77,77,77,77,77,68,74,74,20,77,73,77,77,77,77,77,75,75,75,75,77,77,77,77,77,59,77,68,61,61,62,58,64,63,63,63,63,68,74,74,70,70,76,77,77,77,58,0],"gold":84,"neow_bonus":"THREE_ENEMY_KILL","is_prod":false,"is_daily":false,"chose_seed":false,"campfire_upgraded":8,"win_rate":0,"timestamp":1550359003,"path_taken":["M","?","?","M","$","R","?","?","T","E","M","M","?","M","R","BOSS","M","M","?","$","?","R","M","R","T","?","?","E","$","?","R","BOSS","M","?","$","?","?","E","M","R","T","R","M","M","?","M","R","BOSS","R","$","E","BOSS"],"build_version":"2019-01-23","purchased_purges":3,"victory":false,"max_hp_per_floor":[80,80,80,80,80,80,80,77,77,77,77,77,77,77,77,77,77,77,77,77,77,77,77,77,77,77,77,77,77,77,77,77,77,77,77,77,77,77,77,77,77,77,77,77,77,77,77,77,77,77,77,77,77,77,77],"card_choices":[{"not_picked":["Armaments","Combust","Pommel Strike"],"picked":"SKIP","floor":1.0},{"not_picked":["Second Wind","Rage","Iron Wave"],"picked":"SKIP","floor":4.0},{"not_picked":["Inflame","Burning Pact"],"picked":"Shrug It Off","floor":10.0},{"not_picked":["Limit Break","Thunderclap"],"picked":"Shrug It Off","floor":11.0},{"not_picked":["Infernal Blade","Disarm"],"picked":"Shrug It Off","floor":12.0},{"not_picked":["Ghostly Armor","True Grit","Flex"],"picked":"SKIP","floor":14.0},{"not_picked":["Intimidate+1","Thunderclap","Havoc"],"picked":"SKIP","floor":18.0},{"not_picked":["Armaments","True Grit","Thunderclap"],"picked":"SKIP","floor":19.0},{"not_picked":["Perfected Strike","Heavy Blade"],"picked":"Second Wind","floor":24.0},{"not_picked":["Clothesline","Flex","Power Through","Perfected Strike"],"picked":"SKIP","floor":28.0},{"not_picked":["Sword Boomerang","Searing Blow+1","Sentinel","Perfected Strike"],"picked":"SKIP","floor":29.0},{"not_picked":["Double Tap","Berserk","Feed"],"picked":"Demon Form","floor":33.0},{"not_picked":["Clash","Battle Trance","Warcry+1","Clothesline+1"],"picked":"SKIP","floor":35.0},{"not_picked":["Blood for Blood+1","Armaments","Disarm+1","Shrug It Off+1"],"picked":"SKIP","floor":38.0},{"not_picked":["Power Through","Heavy Blade+1","Wild Strike+1","Bloodletting+1"],"picked":"SKIP","floor":39.0},{"not_picked":["Reaper","Perfected Strike+1","Clash","Warcry+1"],"picked":"SKIP","floor":40.0},{"not_picked":["Anger+1","Pommel Strike+1","Headbutt","Hemokinesis+1"],"picked":"SKIP","floor":41.0},{"not_picked":["Anger+1","Pommel Strike+1","Headbutt","Hemokinesis+1"],"picked":"SKIP","floor":41.0},{"not_picked":["Sword Boomerang","Heavy Blade+1","Cleave+1","Limit Break"],"picked":"SKIP","floor":45.0},{"not_picked":["Whirlwind+1","Iron Wave+1","Disarm","Wild Strike+1"],"picked":"SKIP","floor":46.0},{"not_picked":["Burning Pact","Inflame+1","Cleave+1","Thunderclap"],"picked":"SKIP","floor":48.0},{"not_picked":["Demon Form","Hemokinesis","Havoc","Heavy Blade+1"],"picked":"SKIP","floor":54.0}],"player_experience":202604,"relics_obtained":[{"floor":10.0,"key":"Art of War"},{"floor":13.0,"key":"Mummified Hand"},{"floor":26.0,"key":"Question Card"},{"floor":29.0,"key":"Anchor"},{"floor":40.0,"key":"Gambling Chip"},{"floor":43.0,"key":"Vajra"},{"floor":54.0,"key":"Whetstone"}],"event_choices":[{"damage_healed":0.0,"max_hp_gain":0.0,"max_hp_loss":0.0,"gold_gain":0.0,"event_name":"Scrap Ooze","player_choice":"Success","floor":2.0,"gold_loss":0.0,"damage_taken":7.0,"relics_obtained":["Letter Opener"]},{"cards_removed":["Strike_R"],"damage_healed":0.0,"max_hp_gain":0.0,"max_hp_loss":0.0,"gold_gain":0.0,"event_name":"The Cleric","player_choice":"Card Removal","floor":3.0,"gold_loss":50.0,"damage_taken":0.0},{"damage_healed":20.0,"max_hp_gain":0.0,"max_hp_loss":0.0,"gold_gain":0.0,"event_name":"Mushrooms","player_choice":"Healed and dodged fight","floor":7.0,"gold_loss":0.0,"damage_taken":0.0,"cards_obtained":["Parasite"]},{"cards_removed":["Parasite"],"damage_healed":0.0,"max_hp_gain":0.0,"max_hp_loss":0.0,"gold_gain":0.0,"event_name":"Living Wall","player_choice":"Forget","floor":8.0,"gold_loss":0.0,"damage_taken":0.0},{"damage_healed":0.0,"max_hp_gain":0.0,"max_hp_loss":0.0,"gold_gain":30.0,"event_name":"Dead Adventurer","player_choice":"Searched \u00272\u0027 times","floor":13.0,"gold_loss":0.0,"damage_taken":0.0},{"damage_healed":0.0,"max_hp_gain":0.0,"max_hp_loss":0.0,"gold_gain":0.0,"event_name":"Addict","player_choice":"Stole Relic","floor":20.0,"gold_loss":0.0,"damage_taken":0.0,"relics_obtained":["Dream Catcher"],"cards_obtained":["Shame"]},{"damage_healed":0.0,"max_hp_gain":0.0,"max_hp_loss":0.0,"gold_gain":0.0,"event_name":"The Library","player_choice":"Read","floor":22.0,"gold_loss":0.0,"damage_taken":0.0,"cards_obtained":["Body Slam"]},{"damage_healed":0.0,"max_hp_gain":0.0,"max_hp_loss":0.0,"gold_gain":0.0,"event_name":"The Woman in Blue","player_choice":"Bought 1 Potion","floor":27.0,"gold_loss":0.0,"damage_taken":0.0},{"damage_healed":0.0,"max_hp_gain":0.0,"max_hp_loss":0.0,"gold_gain":99.0,"event_name":"Nest","player_choice":"Stole From Cult","floor":31.0,"gold_loss":0.0,"damage_taken":0.0},{"damage_healed":0.0,"max_hp_gain":0.0,"max_hp_loss":0.0,"gold_gain":75.0,"event_name":"FaceTrader","player_choice":"Touch","floor":36.0,"gold_loss":0.0,"damage_taken":7.0},{"damage_healed":0.0,"max_hp_gain":0.0,"max_hp_loss":0.0,"gold_gain":0.0,"event_name":"NoteForYourself","player_choice":"Ignored","floor":47.0,"gold_loss":0.0,"damage_taken":0.0}],"is_beta":false,"boss_relics":[{"not_picked":["Sozu","Orrery"],"picked":"Astrolabe"},{"not_picked":["Philosopher\u0027s Stone","Calling Bell"],"picked":"Velvet Choker"}],"items_purged_floors":[21,37,53],"is_endless":false,"potions_floor_spawned":[10,11,12,13,16,18,28,33,35,40],"killed_by":"The Heart","ascension_level":0}