{"gold_per_floor":[109,120,120,136,149,149,162,162,208,226,226,238,267,286,286,363,363,382,396,187,197,197,223,47,47,47,77,102,114,141,153,165,177],"floor_reached":33,"playtime":1610,"items_purged":["Strike_G","Defend_G"],"score":502,"play_id":"47da257d-a7a1-4f87-a528-7792b60a6ce9","local_time":"20190301091358","is_ascension_mode":true,"campfire_choices":[{"data":"Noxious Fumes","floor":6,"key":"SMITH"},{"data":"Neutralize","floor":8,"key":"SMITH"},{"data":"Blade Dance","floor":11,"key":"SMITH"},{"data":"Dash","floor":15,"key":"SMITH"},{"data":"Ghostly","floor":25,"key":"SMITH"},{"data":"A Thousand Cuts","floor":29,"key":"SMITH"},{"data":"Caltrops","floor":32,"key":"SMITH"}],"neow_cost":"NONE","seed_source_timestamp":1222963501315609,"circlet_count":0,"master_deck":["AscendersBane","Defend_G","Defend_G","Defend_G","Defend_G","Strike_G","Strike_G","Strike_G","Survivor","Neutralize+1","Dagger Throw","Dash+1","Slice","Noxious Fumes+1","Blade Dance+1","Dagger Spray","PiercingWail","After Image","Cloak And Dagger","Calculated Gamble","Accuracy","Ghostly+1","Ghostly","Ghostly","Ghostly","Ghostly","Caltrops+1","A Thousand Cuts+1"],"relics":["WristBlade","Vajra","Pear","Philosopher\u0027s Stone","Orichalcum","Singing Bowl","Regal Pillow","MawBank","Enchiridion"],"potions_floor_usage":[5,13,13,16,19,20,27,33,33],"damage_taken":[{"damage":4,"enemies":"Cultist","floor":1,"turns":4},{"damage":0,"enemies":"Jaw Worm","floor":2,"turns":4},{"damage":7,"enemies":"Small Slimes","floor":4,"turns":4},{"damage":10,"enemies":"Red Slaver","floor":5,"turns":5},{"damage":7,"enemies":"Exordium Thugs","floor":7,"turns":4},{"damage":1,"enemies":"Blue Slaver","floor":10,"turns":4},{"damage":0,"enemies":"2 Fungi Beasts","floor":12,"turns":3},{"damage":5,"enemies":"3 Sentries","floor":13,"turns":5},{"damage":9,"enemies":"Exordium Wildlife","floor":14,"turns":4},{"damage":18,"enemies":"Hexaghost","floor":16,"turns":9},{"damage":3,"enemies":"Chosen","floor":18,"turns":5},{"damage":11,"enemies":"3 Byrds","floor":19,"turns":4},{"damage":2,"enemies":"Centurion and Healer","floor":21,"turns":7},{"damage":7,"enemies":"Gremlin Leader","floor":23,"turns":9},{"damage":1,"enemies":"Book of Stabbing","floor":27,"turns":6},{"damage":0,"enemies":"3 Cultists","floor":30,"turns":5},{"damage":40,"enemies":"Collector","floor":33,"turns":6}],"seed_played":"-1417325731154288946","potions_obtained":[{"floor":4,"key":"EntropicBrew"},{"floor":7,"key":"PowerPotion"},{"floor":12,"key":"GhostInAJar"},{"floor":13,"key":"Dexterity Potion"},{"floor":18,"key":"Fire Potion"},{"floor":23,"key":"Strength Potion"},{"floor":30,"key":"SneckoOil"}],"is_trial":false,"path_per_floor":["M","M","?","M","M","R","M","R","T","M","R","M","E","M","R","B",null,"M","M","$","M","?","E","$","R","T","E","T","R","M","?","R","B"],"character_chosen":"THE_SILENT","items_purchased":["Accuracy","Fruit Juice","Regen Potion"],"campfire_rested":0,"item_purchase_floors":[20,20,24],"current_hp_per_floor":[59,59,59,52,42,42,35,35,35,34,34,34,39,30,30,12,63,60,49,54,52,42,35,35,35,35,34,34,34,36,20,20,0],"gold":177,"neow_bonus":"BOSS_RELIC","is_prod":false,"is_daily":false,"chose_seed":false,"campfire_upgraded":7,"win_rate":0,"timestamp":1551428038,"path_taken":["M","M","?","M","M","R","M","R","T","M","R","M","E","M","R","BOSS","M","?","$","M","?","E","$","R","T","E","?","R","M","?","R","BOSS"],"build_version":"2019-01-23","purchased_purges":2,"victory":false,"max_hp_per_floor":[70,70,70,70,70,70,70,70,70,70,70,70,80,80,80,80,80,80,80,85,85,42,42,42,42,42,42,42,42,44,44,44,44],"card_choices":[{"not_picked":["Underhanded Strike","Finisher"],"picked":"Dagger Throw","floor":1},{"not_picked":["Dagger Throw","Prepared"],"picked":"Dash","floor":2},{"not_picked":["Leg Sweep","Finisher","Sucker Punch"],"picked":"SKIP","floor":4},{"not_picked":["Envenom","Dodge and Roll"],"picked":"Noxious Fumes","floor":5},{"not_picked":["Riddle With Holes","Tactician","Quick Slash"],"picked":"SKIP","floor":7},{"not_picked":["Dodge and Roll","Calculated Gamble"],"picked":"Blade Dance","floor":10},{"not_picked":["Acrobatics","Noxious Fumes"],"picked":"Dagger Spray","floor":12},{"not_picked":["Dagger Throw","Escape Plan"],"picked":"PiercingWail","floor":13},{"not_picked":["Tactician","Flying Knee","Deadly Poison"],"picked":"SKIP","floor":14},{"not_picked":["Night Terror","Die Die Die"],"picked":"After Image","floor":16},{"not_picked":["Concentrate","Terror"],"picked":"Cloak And Dagger","floor":18},{"not_picked":["Distraction","Choke+1"],"picked":"Calculated Gamble","floor":19},{"not_picked":["Deflect","Deadly Poison","Bouncing Flask"],"picked":"SKIP","floor":21},{"not_picked":["Flying Knee","Dagger Spray"],"picked":"Caltrops","floor":23},{"not_picked":["Bane","Dagger Throw"],"picked":"A Thousand Cuts","floor":27},{"not_picked":["Expertise","PiercingWail","Underhanded Strike"],"picked":"Singing Bowl","floor":30}],"player_experience":655953,"relics_obtained":[{"floor":9,"key":"Vajra"},{"floor":13,"key":"Pear"},{"floor":23,"key":"Orichalcum"},{"floor":26,"key":"Singing Bowl"},{"floor":27,"key":"Regal Pillow"},{"floor":28,"key":"MawBank"},{"floor":31,"key":"Enchiridion"}],"event_choices":[{"damage_healed":0,"gold_gain":0,"cards_transformed":["Strike_G"],"player_choice":"Transformed","damage_taken":0,"max_hp_gain":0,"max_hp_loss":0,"event_name":"Transmorgrifier","floor":3,"gold_loss":0,"cards_obtained":["Slice"]},{"damage_healed":0,"gold_gain":0,"player_choice":"Became a Ghost","damage_taken":0,"max_hp_gain":0,"max_hp_loss":43,"event_name":"Ghosts","floor":22,"gold_loss":0,"cards_obtained":["Ghostly","Ghostly","Ghostly","Ghostly","Ghostly"]},{"damage_healed":0,"gold_gain":0,"player_choice":"Obtained Book","damage_taken":16,"max_hp_gain":0,"max_hp_loss":0,"event_name":"Cursed Tome","floor":31,"gold_loss":0}],"is_beta":false,"boss_relics":[{"not_picked":["HoveringKite","Tiny House"],"picked":"Philosopher\u0027s Stone"}],"items_purged_floors":[20,24],"is_endless":false,"potions_floor_spawned":[4,5,7,10,12,13,18,23,30],"killed_by":"Collector","ascension_level":13}