{"gold_per_floor":[116,133,24,42,42,42,76,76,76,30,30,43,43,70,70,166,166,183,183],"floor_reached":19,"playtime":1011,"items_purged":["Defend_B"],"score":175,"play_id":"fa006f96-9471-48da-b878-02177fef2f4a","local_time":"20190212222859","is_ascension_mode":false,"campfire_choices":[{"data":"Zap","floor":6,"key":"SMITH"},{"data":"Chaos","floor":8,"key":"SMITH"},{"data":"Dualcast","floor":13,"key":"SMITH"},{"floor":15,"key":"REST"}],"neow_cost":"NONE","seed_source_timestamp":5632950937753,"circlet_count":0,"master_deck":["Strike_B","Strike_B","Strike_B","Defend_B","Defend_B","Defend_B","Zap+1","Dualcast+1","Tempest","Stack","Reinforced Body","Chaos+1","Gash","Barrage","Redo+1","Stack+1","Fission+1","Multi-Cast+1"],"relics":["Cracked Core","Toxic Egg 2","Vajra","The Courier","Snecko Eye"],"potions_floor_usage":[7,16],"damage_taken":[{"damage":7,"enemies":"Jaw Worm","floor":1,"turns":4},{"damage":2,"enemies":"Cultist","floor":2,"turns":5},{"damage":0,"enemies":"2 Louse","floor":4,"turns":3},{"damage":17,"enemies":"3 Sentries","floor":7,"turns":8},{"damage":0,"enemies":"Red Slaver","floor":12,"turns":3},{"damage":21,"enemies":"Gremlin Nob","floor":14,"turns":6},{"damage":20,"enemies":"The Guardian","floor":16,"turns":7},{"damage":9,"enemies":"Shell Parasite","floor":18,"turns":6},{"damage":0,"enemies":"3 Byrds","floor":19,"turns":1}],"seed_played":"-489171565207734836","potions_obtained":[{"floor":2,"key":"SkillPotion"},{"floor":12,"key":"SpeedPotion"},{"floor":14,"key":"Poison Potion"}],"is_trial":false,"path_per_floor":["M","M","$","M","?","R","E","R","T","$","?","M","R","E","R","B",null,"M","M"],"character_chosen":"DEFECT","items_purchased":["Chaos","Redo+1"],"campfire_rested":1,"item_purchase_floors":[3,10],"current_hp_per_floor":[68,66,66,66,66,66,49,49,49,49,49,49,49,28,50,30,75,66,66],"gold":183,"neow_bonus":"TRANSFORM_CARD","is_prod":false,"is_daily":false,"chose_seed":false,"campfire_upgraded":3,"win_rate":1,"timestamp":1549978139,"path_taken":["M","M","$","M","?","R","E","R","T","?","?","?","R","E","R","BOSS","M","M"],"build_version":"2019-01-23","purchased_purges":1,"victory":false,"max_hp_per_floor":[75,75,75,75,75,75,75,75,75,75,75,75,75,75,75,75,75,75,75],"card_choices":[{"not_picked":["Ball Lightning","White Noise"],"picked":"Stack","floor":1},{"not_picked":["Streamline","Conserve Battery"],"picked":"Reinforced Body","floor":2},{"not_picked":["Compile Driver","Chaos"],"picked":"Gash","floor":4},{"not_picked":["Steam","Ball Lightning"],"picked":"Barrage","floor":7},{"not_picked":["Go for the Eyes","Conserve Battery+1"],"picked":"Stack+1","floor":12},{"not_picked":["Sweeping Beam","Ball Lightning"],"picked":"Fission+1","floor":14},{"not_picked":["Amplify+1","Meteor Strike"],"picked":"Multi-Cast+1","floor":16},{"not_picked":["Rebound","Genetic Algorithm+1","Barrage"],"picked":"SKIP","floor":18}],"player_experience":431440,"relics_obtained":[{"floor":7,"key":"Toxic Egg 2"},{"floor":9,"key":"Vajra"},{"floor":14,"key":"The Courier"}],"event_choices":[{"damage_healed":0,"gold_gain":0,"player_choice":"Cursed","damage_taken":0,"max_hp_gain":0,"max_hp_loss":0,"event_name":"Wheel of Change","floor":5,"gold_loss":0,"cards_obtained":["Decay"]},{"cards_removed":["Decay"],"damage_healed":0,"gold_gain":0,"player_choice":"Removed Curses","damage_taken":0,"max_hp_gain":0,"max_hp_loss":0,"event_name":"Fountain of Cleansing","floor":11,"gold_loss":0}],"is_beta":false,"boss_relics":[{"not_picked":["Eternal Feather","Inserter"],"picked":"Snecko Eye"}],"items_purged_floors":[3],"is_endless":false,"potions_floor_spawned":[2,12,14],"killed_by":"3 Byrds","ascension_level":0}