{"gold_per_floor":[118,132,132,147,147,172,172,188,264,264,283,283,306,337,337,468,531,555,198,212,225,225,225],"floor_reached":23,"playtime":724,"items_purged":["Strike_R"],"score":195,"play_id":"b9fa468d-29bf-46b5-89b4-9bedda05458b","local_time":"20190228161655","is_ascension_mode":false,"campfire_choices":[{"data":"Battle Trance","floor":7,"key":"SMITH"},{"data":"Bash","floor":10,"key":"SMITH"},{"data":"Pommel Strike","floor":12,"key":"SMITH"},{"data":"Flex","floor":15,"key":"SMITH"}],"neow_cost":"NONE","seed_source_timestamp":1111520823829503,"circlet_count":0,"master_deck":["Strike_R","Strike_R","Strike_R","Defend_R","Defend_R","Defend_R","Defend_R","Bash+1","Spot Weakness","Pommel Strike+1","Battle Trance+1","Rampage","Shrug It Off","Pommel Strike+1","Flex+1","Offering","Bludgeon","Shrug It Off","Purity","Flame Barrier+1","Necronomicurse"],"relics":["Burning Blood","NeowsBlessing","Golden Idol","Paper Frog","Ginger","Tiny House","MealTicket","Necronomicon"],"potions_floor_usage":[14,14,21,21],"damage_taken":[{"damage":0,"enemies":"Cultist","floor":1,"turns":1},{"damage":0,"enemies":"2 Louse","floor":2,"turns":1},{"damage":0,"enemies":"Jaw Worm","floor":4,"turns":1},{"damage":3,"enemies":"2 Fungi Beasts","floor":6,"turns":4},{"damage":6,"enemies":"Blue Slaver","floor":8,"turns":4},{"damage":7,"enemies":"Looter","floor":11,"turns":3},{"damage":15,"enemies":"Exordium Thugs","floor":13,"turns":5},{"damage":10,"enemies":"3 Sentries","floor":14,"turns":5},{"damage":32,"enemies":"Slime Boss","floor":16,"turns":7},{"damage":16,"enemies":"Spheric Guardian","floor":18,"turns":4},{"damage":31,"enemies":"2 Thieves","floor":20,"turns":5},{"damage":38,"enemies":"Cultist and Chosen","floor":21,"turns":8},{"damage":19,"enemies":"Book of Stabbing","floor":23,"turns":1}],"seed_played":"-6610418615522477299","potions_obtained":[{"floor":1,"key":"Ancient Potion"},{"floor":2,"key":"Explosive Potion"},{"floor":4,"key":"Regen Potion"},{"floor":14,"key":"GamblersBrew"},{"floor":17,"key":"BloodPotion"}],"is_trial":false,"path_per_floor":["M","M","?","M","?","M","R","M","T","R","M","R","M","E","R","B",null,"M","$","M","M","?","E"],"character_chosen":"IRONCLAD","items_purchased":["MealTicket","Purity"],"campfire_rested":0,"item_purchase_floors":[19,19],"current_hp_per_floor":[80,80,73,79,74,74,74,74,74,74,73,73,64,60,60,34,79,69,69,44,34,18,0],"gold":225,"neow_bonus":"THREE_ENEMY_KILL","is_prod":false,"is_daily":false,"chose_seed":false,"campfire_upgraded":4,"win_rate":0,"timestamp":1551349015,"path_taken":["M","?","?","M","?","M","R","M","T","R","M","R","M","E","R","BOSS","M","$","M","M","?","E"],"build_version":"2019-01-23","purchased_purges":1,"victory":false,"max_hp_per_floor":[80,80,80,80,74,74,74,74,74,74,74,74,74,74,74,74,79,79,79,79,79,79,79],"card_choices":[{"not_picked":["Fire Breathing","Thunderclap"],"picked":"Spot Weakness","floor":1},{"not_picked":["Fire Breathing","Clash"],"picked":"Pommel Strike","floor":2},{"not_picked":["Combust","Clothesline"],"picked":"Battle Trance","floor":4},{"not_picked":["Second Wind","Havoc"],"picked":"Rampage","floor":6},{"not_picked":["Havoc","Thunderclap"],"picked":"Shrug It Off","floor":8},{"not_picked":["Sword Boomerang","Anger"],"picked":"Pommel Strike","floor":11},{"not_picked":["Flame Barrier","Seeing Red"],"picked":"Flex","floor":13},{"not_picked":["Warcry","Anger"],"picked":"Offering","floor":14},{"not_picked":["Barricade","Feed"],"picked":"Bludgeon","floor":16},{"not_picked":["Entrench","Body Slam"],"picked":"Shrug It Off","floor":17},{"not_picked":["Dual Wield","Iron Wave","Twin Strike"],"picked":"SKIP","floor":18},{"not_picked":["Dual Wield","Iron Wave","Twin Strike"],"picked":"SKIP","floor":18},{"not_picked":["Cleave","Anger","Sword Boomerang"],"picked":"SKIP","floor":20},{"not_picked":["Bludgeon","Dual Wield+1"],"picked":"Flame Barrier+1","floor":21}],"player_experience":917217,"relics_obtained":[{"floor":9,"key":"Paper Frog"},{"floor":14,"key":"Ginger"},{"floor":22,"key":"Necronomicon"}],"event_choices":[{"cards_removed":["Strike_R"],"damage_healed":0,"gold_gain":0,"player_choice":"Card Removal","damage_taken":7,"max_hp_gain":0,"max_hp_loss":0,"event_name":"Golden Wing","floor":3,"gold_loss":0},{"damage_healed":0,"gold_gain":0,"player_choice":"Lose Max HP","damage_taken":0,"relics_obtained":["Golden Idol"],"max_hp_gain":0,"max_hp_loss":6,"event_name":"Golden Idol","floor":5,"gold_loss":0},{"damage_healed":0,"gold_gain":0,"player_choice":"Obtained Book","damage_taken":16,"max_hp_gain":0,"max_hp_loss":0,"event_name":"Cursed Tome","floor":22,"gold_loss":0}],"is_beta":false,"boss_relics":[{"not_picked":["Ectoplasm","Cursed Key"],"picked":"Tiny House"}],"items_purged_floors":[19],"is_endless":false,"potions_floor_spawned":[1,2,4,14],"killed_by":"Book of Stabbing","ascension_level":0}