{"gold_per_floor":[110,110,110,131,56,56,79,126,174,174,174,188,188,51,51,175,175,196,230,230,155,255,255,130,145,145,145,145,163,181,306,306,306],"floor_reached":33,"playtime":6938,"items_purged":["Strike_R","Defend_R","Defend_R"],"score":268,"play_id":"b371d8ca-50aa-45bc-b4bb-689914bf3605","local_time":"20181110131046","is_ascension_mode":true,"campfire_choices":[{"floor":6,"key":"REST"},{"data":"Shrug It Off","floor":10,"key":"SMITH"},{"floor":15,"key":"REST"},{"floor":23,"key":"REST"},{"floor":27,"key":"REST"},{"floor":32,"key":"REST"}],"neow_cost":"NONE","seed_source_timestamp":2721642735954120,"circlet_count":0,"master_deck":["Strike_R+1","Strike_R","Defend_R","Defend_R+1","Bash","Shrug It Off+1","Inflame","Shrug It Off","Whirlwind","Flame Barrier","Feed"],"relics":["White Beast Statue","Golden Idol","Orichalcum","Bronze Scales","Busted Crown","Red Mask","Enchiridion","Lantern","Shovel","Question Card"],"potions_floor_usage":[12,17,19,25,29,30,31,33,33,33],"damage_taken":[{"damage":7,"enemies":"Jaw Worm","floor":1,"turns":4},{"damage":0,"enemies":"Small Slimes","floor":4,"turns":4},{"damage":0,"enemies":"Cultist","floor":7,"turns":5},{"damage":34,"enemies":"Exordium Thugs","floor":12,"turns":8},{"damage":47,"enemies":"Slime Boss","floor":16,"turns":9},{"damage":5,"enemies":"Spheric Guardian","floor":18,"turns":6},{"damage":34,"enemies":"Masked Bandits","floor":19,"turns":5},{"damage":0,"enemies":"Chosen","floor":25,"turns":3},{"damage":0,"enemies":"Sentry and Sphere","floor":29,"turns":9},{"damage":16,"enemies":"Shelled Parasite and Fungi","floor":30,"turns":9},{"damage":0,"enemies":"Colosseum Slavers","floor":31,"turns":5},{"damage":17,"enemies":"Colosseum Nobs","floor":31,"turns":4},{"damage":146,"enemies":"Champ","floor":33,"turns":25}],"seed_played":"5822498574865048727","potions_obtained":[{"floor":1,"key":"PowerPotion"},{"floor":4,"key":"SkillPotion"},{"floor":7,"key":"Swift Potion"},{"floor":12,"key":"SkillPotion"},{"floor":16,"key":"Fruit Juice"},{"floor":18,"key":"FearPotion"},{"floor":19,"key":"Strength Potion"},{"floor":25,"key":"Regen Potion"},{"floor":29,"key":"AttackPotion"},{"floor":30,"key":"Swift Potion"},{"floor":31,"key":"BloodPotion"}],"is_trial":false,"path_per_floor":["M","?","?","M","$","R","M","T","T","R","?","M","?","$","R","B",null,"M","?","?","?","?","R","$","M","T","R","$","M","M","?","R","B"],"character_chosen":"IRONCLAD","items_purchased":["Flame Barrier"],"campfire_rested":5,"item_purchase_floors":[14],"current_hp_per_floor":[73,53,53,53,53,77,77,77,77,77,77,43,27,27,51,4,85,80,49,33,33,33,59,59,59,59,85,85,88,75,64,94,0],"gold":306,"neow_bonus":"BOSS_RELIC","is_prod":false,"is_daily":false,"chose_seed":false,"campfire_upgraded":1,"win_rate":0,"timestamp":1541877046,"path_taken":["M","?","?","M","$","R","?","?","T","R","?","?","?","$","R","BOSS","M","?","?","?","?","R","$","?","T","R","?","M","M","?","R","BOSS"],"build_version":"2018-11-08","purchased_purges":3,"victory":false,"max_hp_per_floor":[80,80,80,80,80,80,80,80,80,80,80,80,80,80,80,80,85,85,88,88,88,88,88,88,88,88,88,88,91,94,100,100,100],"card_choices":[{"not_picked":["Havoc","Dropkick"],"picked":"Shrug It Off","floor":1},{"not_picked":["Rupture","Armaments"],"picked":"Shrug It Off","floor":4},{"not_picked":["Ghostly Armor","Sword Boomerang","Power Through"],"picked":"SKIP","floor":7},{"not_picked":["Ghostly Armor","Spot Weakness"],"picked":"Whirlwind","floor":12},{"not_picked":["Immolate","Limit Break"],"picked":"Feed","floor":16},{"not_picked":["Armaments+1"],"picked":"SKIP","floor":18},{"not_picked":["Intimidate+1"],"picked":"SKIP","floor":25},{"not_picked":["Clash"],"picked":"SKIP","floor":29},{"not_picked":["Havoc"],"picked":"SKIP","floor":30}],"player_experience":55805,"relics_obtained":[{"floor":8,"key":"Orichalcum"},{"floor":9,"key":"Bronze Scales"},{"floor":19,"key":"Red Mask"},{"floor":20,"key":"Enchiridion"},{"floor":26,"key":"Lantern"},{"floor":31,"key":"Shovel"},{"floor":31,"key":"Question Card"}],"event_choices":[{"damage_healed":0,"gold_gain":0,"player_choice":"Take Damage","damage_taken":20,"relics_obtained":["Golden Idol"],"max_hp_gain":0,"max_hp_loss":0,"event_name":"Golden Idol","floor":2,"gold_loss":0},{"damage_healed":0,"gold_gain":0,"cards_transformed":["Strike_R"],"player_choice":"Transformed","damage_taken":0,"max_hp_gain":0,"max_hp_loss":0,"event_name":"Transmorgrifier","floor":3,"gold_loss":0,"cards_obtained":["Inflame"]},{"damage_healed":0,"gold_gain":0,"player_choice":"Bought 0 Potions","damage_taken":0,"max_hp_gain":0,"max_hp_loss":0,"event_name":"The Woman in Blue","floor":11,"gold_loss":0},{"damage_healed":0,"gold_gain":0,"player_choice":"Entered Light","damage_taken":16,"max_hp_gain":0,"max_hp_loss":0,"event_name":"Shining Light","floor":13,"gold_loss":0,"cards_upgraded":["Strike_R","Defend_R"]},{"damage_healed":0,"gold_gain":0,"player_choice":"Fought Bandits","damage_taken":0,"max_hp_gain":0,"max_hp_loss":0,"event_name":"Masked Bandits","floor":19,"gold_loss":0},{"damage_healed":0,"gold_gain":0,"player_choice":"Obtained Book","damage_taken":16,"max_hp_gain":0,"max_hp_loss":0,"event_name":"Cursed Tome","floor":20,"gold_loss":0},{"cards_removed":["Strike_R"],"damage_healed":0,"gold_gain":0,"player_choice":"Gave Gold","damage_taken":0,"max_hp_gain":0,"max_hp_loss":0,"event_name":"Beggar","floor":21,"gold_loss":75},{"damage_healed":0,"gold_gain":100,"player_choice":"Pray","damage_taken":0,"max_hp_gain":0,"max_hp_loss":0,"event_name":"Golden Shrine","floor":22,"gold_loss":0},{"damage_healed":0,"gold_gain":0,"player_choice":"Fight","damage_taken":0,"max_hp_gain":0,"max_hp_loss":0,"event_name":"Colosseum","floor":31,"gold_loss":0},{"damage_healed":0,"gold_gain":0,"player_choice":"Fought Nobs","damage_taken":0,"max_hp_gain":0,"max_hp_loss":0,"event_name":"Colosseum","floor":31,"gold_loss":0}],"is_beta":false,"boss_relics":[{"not_picked":["Eternal Feather","Snecko Eye"],"picked":"Busted Crown"}],"items_purged_floors":[5,14,24],"is_endless":false,"potions_floor_spawned":[1,4,7,12,16,18,19,25,29,30,31,31],"killed_by":"Champ","ascension_level":1}