{"gold_per_floor":[116,135,10,10,10,10,23,50,50,0,0,32,32],"floor_reached":13,"playtime":473,"items_purged":["Bullet Time","Strike_G"],"score":159,"play_id":"0f7a9787-6bc9-4bc0-878f-f474e93d654e","local_time":"20190212200915","is_ascension_mode":true,"campfire_choices":[{"data":"Bullet Time","floor":6,"key":"SMITH"},{"floor":11,"key":"REST"}],"neow_cost":"TEN_PERCENT_HP_LOSS","seed_source_timestamp":614243897374800,"circlet_count":0,"master_deck":["AscendersBane","Defend_G","Defend_G","Defend_G","Defend_G","Strike_G","Strike_G","Survivor","Neutralize","Bullet Time+1","Underhanded Strike","Underhanded Strike","Acrobatics","Noxious Fumes","Footwork"],"relics":["Ring of the Snake","The Courier","Smiling Mask","Incense Burner"],"potions_floor_usage":[8],"damage_taken":[{"damage":2,"enemies":"Small Slimes","floor":1,"turns":6},{"damage":6,"enemies":"Cultist","floor":2,"turns":5},{"damage":0,"enemies":"2 Louse","floor":7,"turns":3},{"damage":28,"enemies":"Gremlin Nob","floor":8,"turns":4},{"damage":45,"enemies":"3 Sentries","floor":12,"turns":11},{"damage":7,"enemies":"Exordium Wildlife","floor":13,"turns":3}],"seed_played":"-8780726081510713677","potions_obtained":[{"floor":1,"key":"FairyPotion"},{"floor":7,"key":"FearPotion"},{"floor":12,"key":"GamblersBrew"}],"is_trial":false,"path_per_floor":["M","M","$","?","$","R","M","E","T","$","R","E","M"],"character_chosen":"THE_SILENT","items_purchased":["Acrobatics"],"campfire_rested":1,"item_purchase_floors":[3],"current_hp_per_floor":[57,51,51,51,51,51,51,23,23,23,41,3,0],"gold":32,"neow_bonus":"TRANSFORM_TWO_CARDS","is_prod":false,"is_daily":false,"chose_seed":false,"campfire_upgraded":1,"win_rate":0,"timestamp":1549973355,"path_taken":["M","M","$","?","?","R","M","E","T","$","R","E","M"],"build_version":"2019-01-23","purchased_purges":2,"victory":false,"max_hp_per_floor":[60,60,60,60,60,60,60,60,60,60,60,60,60],"card_choices":[{"not_picked":["All Out Attack","PiercingWail"],"picked":"Underhanded Strike","floor":1},{"not_picked":["Sucker Punch","Dagger Spray"],"picked":"Underhanded Strike","floor":2},{"not_picked":["Dagger Throw","Bane"],"picked":"Noxious Fumes","floor":7},{"not_picked":["PiercingWail","Flying Knee"],"picked":"Footwork","floor":8},{"not_picked":["Slice","Blade Dance","Tactician"],"picked":"SKIP","floor":12}],"player_experience":701308,"relics_obtained":[{"floor":8,"key":"The Courier"},{"floor":9,"key":"Smiling Mask"},{"floor":12,"key":"Incense Burner"}],"event_choices":[{"cards_removed":["Defend_G"],"damage_healed":0,"gold_gain":0,"player_choice":"Purged","damage_taken":0,"max_hp_gain":0,"max_hp_loss":0,"event_name":"Purifier","floor":4,"gold_loss":0}],"is_beta":false,"boss_relics":[],"items_purged_floors":[3,10],"is_endless":false,"potions_floor_spawned":[1,7,12],"killed_by":"Exordium Wildlife","ascension_level":15}