{"gold_per_floor":[117,117,130,140,140,140,173,173,199,199,182,222,0,15,15,15],"floor_reached":16,"playtime":1231,"items_purged":[],"score":149,"play_id":"f8ea7945-9f05-4ebc-b5b7-35f8d2eb8306","local_time":"20190127175945","is_ascension_mode":true,"campfire_choices":[{"data":"Cloak And Dagger","floor":6.0,"key":"SMITH"},{"data":"Poisoned Stab","floor":8.0,"key":"SMITH"},{"data":"Dodge and Roll","floor":10.0,"key":"SMITH"},{"data":"After Image","floor":15,"key":"SMITH"}],"neow_cost":"NONE","seed_source_timestamp":321314811135530,"circlet_count":0,"master_deck":["Defend_G","Defend_G","Defend_G","Defend_G","Defend_G","Strike_G","Strike_G","Strike_G","Strike_G","Strike_G","Survivor","Neutralize+1","Cloak And Dagger+1","Poisoned Stab+1","Dash","Dodge and Roll+1","Injury","Blur","Prepared","After Image+1","Dagger Throw","Accuracy","Storm of Steel+1","Acrobatics+1"],"special_seed":0,"relics":["Ring of the Snake","Golden Idol","Centennial Puzzle","Bag of Preparation","Toxic Egg 2"],"potions_floor_usage":[14,16,16,16],"damage_taken":[{"damage":0.0,"enemies":"2 Louse","floor":1.0,"turns":2.0},{"damage":0.0,"enemies":"Cultist","floor":3.0,"turns":3.0},{"damage":0.0,"enemies":"Small Slimes","floor":4.0,"turns":3.0},{"damage":7.0,"enemies":"3 Sentries","floor":7.0,"turns":12.0},{"damage":3.0,"enemies":"Exordium Thugs","floor":11.0,"turns":4.0},{"damage":21.0,"enemies":"Gremlin Nob","floor":12.0,"turns":5.0},{"damage":5,"enemies":"Lots of Slimes","floor":14,"turns":5},{"damage":39,"enemies":"Slime Boss","floor":16,"turns":7}],"seed_played":"-3388603123113957394","potions_obtained":[{"floor":3.0,"key":"SpeedPotion"},{"floor":7.0,"key":"LiquidBronze"},{"floor":11.0,"key":"SpeedPotion"},{"floor":14,"key":"SkillPotion"}],"is_trial":false,"path_per_floor":["M","?","M","M","?","R","E","R","T","R","M","E","$","M","R","B"],"character_chosen":"THE_SILENT","items_purchased":["Dagger Throw","Accuracy","Storm of Steel+1"],"campfire_rested":0,"item_purchase_floors":[13,13,13],"current_hp_per_floor":[63,63,63,63,63,63,56,56,56,56,53,32,32,27,27,0],"gold":15,"neow_bonus":"THREE_CARDS","is_prod":false,"is_daily":false,"chose_seed":false,"campfire_upgraded":4,"win_rate":0,"timestamp":1548640785,"path_taken":["M","?","M","?","?","R","E","R","T","R","M","E","?","M","R","BOSS"],"build_version":"2019-01-23","purchased_purges":0,"victory":false,"max_hp_per_floor":[70,70,70,70,70,70,70,70,70,70,70,70,70,70,70,70],"card_choices":[{"not_picked":["Bane","Slice"],"picked":"Cloak And Dagger","floor":0.0},{"not_picked":["Dodge and Roll","Cloak And Dagger"],"picked":"Poisoned Stab","floor":1.0},{"not_picked":["Sucker Punch","Distraction"],"picked":"Dash","floor":3.0},{"not_picked":["Bane","Concentrate"],"picked":"Dodge and Roll","floor":4.0},{"not_picked":["Prepared","Deflect"],"picked":"Blur","floor":7.0},{"not_picked":["Bane","Riddle With Holes"],"picked":"Prepared","floor":11.0},{"not_picked":["Distraction","Sucker Punch"],"picked":"After Image","floor":12.0},{"not_picked":["Finisher","Bane"],"picked":"Acrobatics+1","floor":14}],"player_experience":392535,"relics_obtained":[{"floor":7.0,"key":"Centennial Puzzle"},{"floor":9.0,"key":"Bag of Preparation"},{"floor":12.0,"key":"Toxic Egg 2"}],"event_choices":[{"damage_healed":0.0,"max_hp_gain":0.0,"max_hp_loss":0.0,"gold_gain":0.0,"event_name":"Upgrade Shrine","player_choice":"Upgraded","floor":2.0,"gold_loss":0.0,"damage_taken":0.0,"cards_upgraded":["Neutralize"]},{"damage_healed":0.0,"max_hp_gain":0.0,"max_hp_loss":0.0,"gold_gain":0.0,"event_name":"Golden Idol","player_choice":"Take Wound","floor":5.0,"gold_loss":0.0,"damage_taken":0.0,"relics_obtained":["Golden Idol"],"cards_obtained":["Injury"]}],"is_beta":false,"boss_relics":[],"items_purged_floors":[],"is_endless":false,"potions_floor_spawned":[3,7,11,14],"killed_by":"Slime Boss","ascension_level":7}