{"gold_per_floor":[117,117,135,155,174,203,213,213,213,138,138,170,3,3,3,108,108,122,133,83,95,107,107,127,127,127,147,165,90,90,122,122,222,222,233,233,251,266,281,281,313,332,332,332,332,351,371,471,471,471],"floor_reached":50,"playtime":3124,"items_purged":["Strike_R"],"score":583,"play_id":"c9a7f242-ce28-4523-9c2d-08ed161e461b","local_time":"20181111121711","is_ascension_mode":true,"campfire_choices":[{"floor":15,"key":"REST"},{"data":"Apotheosis","floor":23,"key":"SMITH"},{"data":"Shrug It Off","floor":25,"key":"SMITH"},{"floor":32,"key":"REST"},{"floor":40,"key":"REST"},{"floor":45,"key":"REST"},{"floor":49,"key":"REST"}],"neow_cost":"NONE","seed_source_timestamp":2808654773577447,"circlet_count":0,"master_deck":["Strike_R","Strike_R","Strike_R","Defend_R","Defend_R","Defend_R","Defend_R","Bash","Shrug It Off+1","Apotheosis+1","Shrug It Off+1","Whirlwind","Parasite","Impervious","Disarm+1","Shockwave","Whirlwind","Shrug It Off+1","Regret","Reaper","Shrug It Off+1","Normality","Shockwave+1"],"relics":["Velvet Choker","Matryoshka","Ancient Tea Set","Meat on the Bone","Happy Flower","Cursed Key","Centennial Puzzle","Bottled Flame","Letter Opener","Bronze Scales","Orrery","Self Forming Clay","Red Skull","Girya","Nunchaku"],"potions_floor_usage":[7,12,16,16,16,31,33,41,42,50],"damage_taken":[{"damage":0,"enemies":"Cultist","floor":1,"turns":4},{"damage":0,"enemies":"2 Louse","floor":3,"turns":3},{"damage":3,"enemies":"Small Slimes","floor":4,"turns":3},{"damage":2,"enemies":"Exordium Thugs","floor":5,"turns":5},{"damage":36,"enemies":"Gremlin Nob","floor":6,"turns":5},{"damage":15,"enemies":"Gremlin Gang","floor":7,"turns":4},{"damage":17,"enemies":"Lagavulin","floor":12,"turns":11},{"damage":18,"enemies":"Slime Boss","floor":16,"turns":19},{"damage":18,"enemies":"3 Byrds","floor":18,"turns":9},{"damage":2,"enemies":"Chosen","floor":19,"turns":6},{"damage":0,"enemies":"Snake Plant","floor":21,"turns":6},{"damage":3,"enemies":"Shelled Parasite and Fungi","floor":22,"turns":7},{"damage":0,"enemies":"Centurion and Healer","floor":24,"turns":8},{"damage":5,"enemies":"3 Cultists","floor":27,"turns":9},{"damage":1,"enemies":"Snake Plant","floor":28,"turns":5},{"damage":19,"enemies":"Gremlin Leader","floor":31,"turns":8},{"damage":45,"enemies":"Champ","floor":33,"turns":12},{"damage":32,"enemies":"3 Shapes","floor":35,"turns":3},{"damage":16,"enemies":"Orb Walker","floor":37,"turns":3},{"damage":35,"enemies":"Maw","floor":38,"turns":11},{"damage":8,"enemies":"4 Shapes","floor":39,"turns":2},{"damage":50,"enemies":"Nemesis","floor":41,"turns":9},{"damage":7,"enemies":"Transient","floor":42,"turns":5},{"damage":13,"enemies":"3 Darklings","floor":46,"turns":4},{"damage":19,"enemies":"4 Shapes","floor":47,"turns":2},{"damage":32,"enemies":"Mind Bloom Boss Battle","floor":48,"turns":7},{"damage":78,"enemies":"Time Eater","floor":50,"turns":18}],"seed_played":"3117899325942325490","potions_obtained":[{"floor":2,"key":"SteroidPotion"},{"floor":2,"key":"Ancient Potion"},{"floor":2,"key":"FearPotion"},{"floor":7,"key":"SpeedPotion"},{"floor":12,"key":"Poison Potion"},{"floor":16,"key":"PowerPotion"},{"floor":19,"key":"Block Potion"},{"floor":24,"key":"FairyPotion"},{"floor":39,"key":"Swift Potion"},{"floor":41,"key":"PowerPotion"},{"floor":46,"key":"LiquidBronze"}],"is_trial":false,"path_per_floor":["M","?","M","M","M","E","M","?","T","$","?","E","$","?","R","B",null,"M","M","?","M","M","R","M","R","T","M","M","?","T","E","R","B",null,"M","T","M","M","M","R","E","M","T","?","R","M","M","?","R","B"],"character_chosen":"IRONCLAD","items_purchased":["Apotheosis"],"campfire_rested":5,"item_purchase_floors":[13],"current_hp_per_floor":[80,80,80,77,75,39,24,17,17,17,22,17,17,17,42,36,85,67,65,65,65,62,62,62,62,62,57,56,56,56,49,74,41,85,53,53,49,32,36,61,24,39,39,39,64,65,52,32,57,0],"gold":471,"neow_bonus":"BOSS_RELIC","is_prod":false,"is_daily":false,"chose_seed":false,"campfire_upgraded":2,"win_rate":0,"timestamp":1541960231,"path_taken":["M","?","?","M","M","E","M","?","T","$","?","E","$","?","R","BOSS","M","?","?","M","?","R","?","R","T","M","M","?","?","E","R","BOSS","M","?","M","?","M","R","E","?","T","?","R","?","M","?","R","BOSS"],"build_version":"2018-11-08","purchased_purges":1,"victory":false,"max_hp_per_floor":[80,80,80,80,80,80,80,80,80,80,85,85,85,85,85,85,85,85,85,85,85,85,85,85,85,85,85,85,85,85,85,85,85,85,85,85,85,85,85,85,85,85,85,85,85,85,85,85,85,85],"card_choices":[{"not_picked":["Clothesline","Blood for Blood","Anger"],"picked":"SKIP","floor":1},{"not_picked":["Power Through","Sentinel","Cleave"],"picked":"SKIP","floor":3},{"not_picked":["Anger","Iron Wave"],"picked":"Shrug It Off","floor":4},{"not_picked":["Headbutt","Clash","Clothesline"],"picked":"SKIP","floor":5},{"not_picked":["Feel No Pain","Clothesline","True Grit"],"picked":"SKIP","floor":6},{"not_picked":["Havoc","Exhume","Headbutt"],"picked":"SKIP","floor":7},{"not_picked":["Twin Strike","Armaments","Perfected Strike"],"picked":"SKIP","floor":12},{"not_picked":["Reckless Charge","Anger"],"picked":"Shrug It Off+1","floor":18},{"not_picked":["True Grit+1","Burning Pact","Twin Strike"],"picked":"SKIP","floor":19},{"not_picked":["Warcry","Sentinel+1","Havoc+1"],"picked":"SKIP","floor":21},{"not_picked":["Cleave","Sentinel","Flex"],"picked":"SKIP","floor":22},{"not_picked":["Blood for Blood+1","Dropkick","Rampage+1"],"picked":"SKIP","floor":24},{"not_picked":["Sever Soul","Searing Blow","Corruption"],"picked":"SKIP","floor":27},{"not_picked":["Carnage","Thunderclap"],"picked":"Whirlwind","floor":28},{"not_picked":["Wild Strike+1","Burning Pact","Armaments+1"],"picked":"SKIP","floor":31},{"not_picked":["Bludgeon","Exhume"],"picked":"Impervious","floor":33},{"not_picked":["Iron Wave","Reckless Charge+1"],"picked":"Disarm+1","floor":34},{"not_picked":["Pummel","Warcry"],"picked":"Shockwave","floor":34},{"not_picked":["Warcry","Thunderclap"],"picked":"Whirlwind","floor":34},{"not_picked":["Spot Weakness+1","Headbutt+1"],"picked":"Shrug It Off+1","floor":35},{"not_picked":["Evolve","Clash+1"],"picked":"Reaper","floor":37},{"not_picked":["Body Slam","Evolve+1"],"picked":"Shrug It Off+1","floor":38},{"not_picked":["Anger+1","Twin Strike","Sentinel+1"],"picked":"SKIP","floor":39},{"not_picked":["Pommel Strike+1","Wild Strike+1","Hemokinesis"],"picked":"SKIP","floor":41},{"not_picked":["Clothesline+1","Rampage","Clash+1"],"picked":"SKIP","floor":42},{"not_picked":["Sword Boomerang","Cleave+1","Clothesline+1"],"picked":"SKIP","floor":46},{"not_picked":["Thunderclap+1","Armaments+1"],"picked":"Shockwave+1","floor":47}],"player_experience":119769,"relics_obtained":[{"floor":6,"key":"Matryoshka"},{"floor":9,"key":"Ancient Tea Set"},{"floor":9,"key":"Meat on the Bone"},{"floor":12,"key":"Happy Flower"},{"floor":26,"key":"Centennial Puzzle"},{"floor":26,"key":"Bottled Flame"},{"floor":30,"key":"Letter Opener"},{"floor":31,"key":"Bronze Scales"},{"floor":36,"key":"Self Forming Clay"},{"floor":41,"key":"Red Skull"},{"floor":43,"key":"Girya"},{"floor":48,"key":"Nunchaku"}],"event_choices":[{"damage_healed":0,"gold_gain":0,"player_choice":"Got Potions","damage_taken":0,"max_hp_gain":0,"max_hp_loss":0,"event_name":"Lab","floor":2,"gold_loss":0},{"cards_removed":["Strike_R"],"damage_healed":0,"gold_gain":0,"player_choice":"Card Removal","damage_taken":7,"max_hp_gain":0,"max_hp_loss":0,"event_name":"Golden Wing","floor":8,"gold_loss":0},{"damage_healed":0,"gold_gain":0,"player_choice":"Donut","damage_taken":0,"max_hp_gain":5,"max_hp_loss":0,"event_name":"Big Fish","floor":11,"gold_loss":0},{"damage_healed":0,"gold_gain":0,"player_choice":"Ignored","damage_taken":0,"max_hp_gain":0,"max_hp_loss":0,"event_name":"Transmorgrifier","floor":14,"gold_loss":0},{"damage_healed":0,"gold_gain":0,"player_choice":"Bet on Owner","damage_taken":0,"max_hp_gain":0,"max_hp_loss":0,"event_name":"The Joust","floor":20,"gold_loss":50},{"cards_removed":["Writhe"],"damage_healed":0,"gold_gain":0,"player_choice":"Gave Gold","damage_taken":0,"max_hp_gain":0,"max_hp_loss":0,"event_name":"Beggar","floor":29,"gold_loss":75},{"damage_healed":0,"gold_gain":0,"player_choice":"Leave","damage_taken":0,"max_hp_gain":0,"max_hp_loss":0,"event_name":"FaceTrader","floor":44,"gold_loss":0},{"damage_healed":0,"gold_gain":0,"player_choice":"Fight","damage_taken":0,"max_hp_gain":0,"max_hp_loss":0,"event_name":"MindBloom","floor":48,"gold_loss":0}],"is_beta":false,"boss_relics":[{"not_picked":["Mark of Pain","Calling Bell"],"picked":"Cursed Key"},{"not_picked":["Busted Crown","Runic Pyramid"],"picked":"Orrery"}],"items_purged_floors":[10],"is_endless":false,"potions_floor_spawned":[6,7,12,16,19,24,28,39,41,46],"killed_by":"Time Eater","ascension_level":1}