{"gold_per_floor":[113,125,73,89,102,102,102,122,122,122,122,139,139,70,70,70],"floor_reached":16,"playtime":1595,"items_purged":[],"score":92,"play_id":"4eaeaf5a-ffdc-4715-ae40-f026a14e9bc1","local_time":"20190130000139","is_ascension_mode":false,"campfire_choices":[{"data":"Static Discharge","floor":6,"key":"SMITH"},{"data":"Turbo","floor":15,"key":"SMITH"}],"neow_cost":"NONE","seed_source_timestamp":107029262933498,"circlet_count":0,"master_deck":["Strike_B+1","Strike_B","Strike_B+1","Defend_B","Defend_B","Defend_B","Defend_B","Zap","Go for the Eyes","Reprogram","Turbo+1","Static Discharge+1","Gash","Beam Cell","Melter"],"relics":["Cracked Core","Kunai"],"potions_floor_usage":[],"damage_taken":[{"damage":1,"enemies":"2 Louse","floor":1,"turns":2},{"damage":1,"enemies":"Cultist","floor":2,"turns":3},{"damage":3,"enemies":"Jaw Worm","floor":4,"turns":2},{"damage":7,"enemies":"Large Slime","floor":5,"turns":7},{"damage":11,"enemies":"3 Louse","floor":8,"turns":2},{"damage":0,"enemies":"Exordium Wildlife","floor":12,"turns":3},{"damage":0,"enemies":"Slime Boss","floor":16,"turns":3}],"seed_played":"-5083195755524922757","potions_obtained":[{"floor":1,"key":"Swift Potion"},{"floor":4,"key":"Weak Potion"}],"is_trial":false,"path_per_floor":["M","M","$","M","M","R","?","M","T","?","?","M","?","$","R","B"],"character_chosen":"DEFECT","items_purchased":["Turbo","Melter"],"campfire_rested":0,"item_purchase_floors":[3,14],"current_hp_per_floor":[81,80,80,77,70,70,70,59,59,43,36,36,63,63,63,63],"gold":70,"neow_bonus":"TEN_PERCENT_HP_BONUS","is_prod":false,"is_daily":false,"chose_seed":false,"campfire_upgraded":2,"win_rate":0.0,"timestamp":1548802899,"path_taken":["M","M","$","M","M","R","?","?","T","?","?","M","?","$","R","BOSS"],"build_version":"2019-01-23","purchased_purges":0,"victory":false,"max_hp_per_floor":[82,82,82,82,82,82,82,82,82,82,82,82,82,82,82,82],"card_choices":[{"not_picked":["Fusion","Stack"],"picked":"Go for the Eyes","floor":1},{"not_picked":["Gash","Glacier"],"picked":"Reprogram","floor":2},{"not_picked":["Rip and Tear","Doom and Gloom"],"picked":"Static Discharge","floor":4},{"not_picked":["Coolheaded","Reprogram"],"picked":"Gash","floor":5},{"not_picked":["Ball Lightning","Rebound"],"picked":"Beam Cell","floor":8},{"not_picked":["Ball Lightning","Turbo","Compile Driver"],"picked":"SKIP","floor":12}],"player_experience":108318,"relics_obtained":[{"floor":9,"key":"Kunai"}],"event_choices":[{"cards_removed":["Dualcast"],"damage_healed":0,"gold_gain":0,"player_choice":"Offered Basic","damage_taken":0,"max_hp_gain":0,"max_hp_loss":0,"event_name":"Bonfire Elementals","floor":7,"gold_loss":0},{"damage_healed":0,"gold_gain":0,"player_choice":"Entered Light","damage_taken":16,"max_hp_gain":0,"max_hp_loss":0,"event_name":"Shining Light","floor":10,"gold_loss":0,"cards_upgraded":["Strike_B","Strike_B"]},{"cards_removed":["Strike_B"],"damage_healed":0,"gold_gain":0,"player_choice":"Card Removal","damage_taken":7,"max_hp_gain":0,"max_hp_loss":0,"event_name":"Golden Wing","floor":11,"gold_loss":0},{"damage_healed":27,"gold_gain":0,"player_choice":"Banana","damage_taken":0,"max_hp_gain":0,"max_hp_loss":0,"event_name":"Big Fish","floor":13,"gold_loss":0}],"is_beta":false,"boss_relics":[],"items_purged_floors":[],"is_endless":false,"potions_floor_spawned":[1,4],"killed_by":"Slime Boss","ascension_level":0}