{"gold_per_floor":[116,132,207,227,247,247,260,260,260,260,283,303,161,179,179,179],"floor_reached":16,"playtime":944,"items_purged":["Strike_R"],"score":115,"play_id":"5bd6102f-1a1f-458c-97a7-370f0a2ed8ae","local_time":"20181222151638","is_ascension_mode":true,"campfire_choices":[{"floor":6,"key":"REST"},{"floor":15,"key":"REST"}],"neow_cost":"NONE","seed_source_timestamp":204614883205989,"circlet_count":0,"master_deck":["Strike_R","Strike_R","Strike_R","Strike_R","Defend_R","Defend_R","Defend_R","Defend_R","Bash+1","Metallicize","Flame Barrier","Shrug It Off","Inflame"],"relics":["Burning Blood","Golden Idol","Mummified Hand"],"potions_floor_usage":[10,16,16,16],"damage_taken":[{"damage":18,"enemies":"2 Louse","floor":1,"turns":5},{"damage":1,"enemies":"Cultist","floor":2,"turns":3},{"damage":16,"enemies":"Small Slimes","floor":4,"turns":6},{"damage":18,"enemies":"Blue Slaver","floor":5,"turns":7},{"damage":13,"enemies":"3 Louse","floor":7,"turns":7},{"damage":25,"enemies":"Lots of Slimes","floor":11,"turns":5},{"damage":17,"enemies":"Exordium Wildlife","floor":12,"turns":8},{"damage":0,"enemies":"2 Fungi Beasts","floor":14,"turns":6},{"damage":52,"enemies":"Hexaghost","floor":16,"turns":14}],"seed_played":"199361593519014147","potions_obtained":[{"floor":1,"key":"FearPotion"},{"floor":5,"key":"Explosive Potion"},{"floor":7,"key":"Strength Potion"},{"floor":10,"key":"Block Potion"},{"floor":10,"key":"Fruit Juice"},{"floor":10,"key":"EssenceOfSteel"}],"is_trial":false,"path_per_floor":["M","M","?","M","M","R","M","?","T","?","M","M","$","M","R","B"],"character_chosen":"IRONCLAD","items_purchased":["Inflame"],"campfire_rested":2,"item_purchase_floors":[13],"current_hp_per_floor":[68,73,65,55,43,67,60,40,40,45,26,15,15,21,46,0],"gold":179,"neow_bonus":"UPGRADE_CARD","is_prod":false,"is_daily":false,"chose_seed":false,"campfire_upgraded":0,"win_rate":0,"timestamp":1545513398,"path_taken":["M","M","?","M","?","R","M","?","T","?","?","M","$","M","R","BOSS"],"build_version":"2018-12-20","purchased_purges":1,"victory":false,"max_hp_per_floor":[80,80,80,80,80,80,80,80,80,85,85,85,85,85,85,85],"card_choices":[{"not_picked":["Seeing Red","Warcry","Rupture"],"picked":"SKIP","floor":1},{"not_picked":["Anger","Rage","Twin Strike"],"picked":"SKIP","floor":2},{"not_picked":["Body Slam","Armaments"],"picked":"Metallicize","floor":4},{"not_picked":["Wild Strike","True Grit","Iron Wave"],"picked":"SKIP","floor":5},{"not_picked":["Anger","Evolve","Combust"],"picked":"SKIP","floor":7},{"not_picked":["Metallicize","Perfected Strike"],"picked":"Flame Barrier","floor":11},{"not_picked":["Clothesline","Corruption"],"picked":"Shrug It Off","floor":12},{"not_picked":["Heavy Blade","Headbutt","Dual Wield"],"picked":"SKIP","floor":14}],"player_experience":835036,"relics_obtained":[{"floor":9,"key":"Mummified Hand"}],"event_choices":[{"damage_healed":0,"gold_gain":75,"player_choice":"Touch","damage_taken":8,"max_hp_gain":0,"max_hp_loss":0,"event_name":"FaceTrader","floor":3,"gold_loss":0},{"damage_healed":0,"gold_gain":0,"player_choice":"Take Damage","damage_taken":20,"relics_obtained":["Golden Idol"],"max_hp_gain":0,"max_hp_loss":0,"event_name":"Golden Idol","floor":8,"gold_loss":0},{"damage_healed":0,"gold_gain":0,"player_choice":"Got Potions","damage_taken":0,"max_hp_gain":0,"max_hp_loss":0,"event_name":"Lab","floor":10,"gold_loss":0}],"is_beta":false,"boss_relics":[],"items_purged_floors":[13],"is_endless":false,"potions_floor_spawned":[1,5,7],"killed_by":"Hexaghost","ascension_level":4}