{"gold_per_floor":[111,111,111,36,46,80,80,99,99,99,117,137,137,164,164,164],"floor_reached":16,"playtime":651,"items_purged":["Strike_G"],"score":169,"play_id":"8ba70585-0843-44f1-8a3f-2cc525599222","local_time":"20180927131914","is_ascension_mode":true,"campfire_choices":[{"data":"Doppelganger","floor":7,"key":"SMITH"},{"data":"Backstab","floor":10,"key":"SMITH"},{"data":"After Image","floor":15,"key":"SMITH"}],"neow_cost":"NONE","seed_source_timestamp":798187948753911,"circlet_count":0,"master_deck":["Defend_G","Defend_G","Defend_G","Defend_G","Defend_G","Strike_G","Survivor","Neutralize","Backflip","Doppelganger+1","Cloak And Dagger","After Image+1","Backstab+1","Dagger Spray","Dodge and Roll","Tactician","Cloak And Dagger"],"relics":["Ring of the Snake","NeowsBlessing","Bottled Lightning","Mummified Hand","Dream Catcher"],"potions_floor_usage":[14,14,14],"damage_taken":[{"damage":0,"enemies":"Jaw Worm","floor":1,"turns":1},{"damage":0,"enemies":"Small Slimes","floor":5,"turns":1},{"damage":0,"enemies":"Lagavulin","floor":6,"turns":1},{"damage":0,"enemies":"Cultist","floor":8,"turns":5},{"damage":0,"enemies":"2 Fungi Beasts","floor":11,"turns":4},{"damage":0,"enemies":"Lots of Slimes","floor":12,"turns":2},{"damage":49,"enemies":"Gremlin Nob","floor":14,"turns":7},{"damage":32,"enemies":"Slime Boss","floor":16,"turns":7}],"seed_played":"-8498548512278299278","potions_obtained":[{"floor":1,"key":"GamblersBrew"},{"floor":5,"key":"SpeedPotion"},{"floor":12,"key":"Strength Potion"}],"is_trial":false,"path_per_floor":["M","?","?","$","M","E","R","M","T","R","M","M","?","E","R"],"character_chosen":"THE_SILENT","items_purchased":[],"campfire_rested":0,"item_purchase_floors":[],"current_hp_per_floor":[70,70,70,70,70,70,70,70,70,70,70,70,70,21,21,0],"gold":164,"neow_bonus":"THREE_ENEMY_KILL","is_prod":false,"is_daily":false,"chose_seed":false,"campfire_upgraded":3,"win_rate":0,"timestamp":1538029154,"path_taken":["M","?","?","$","M","E","R","M","T","R","M","?","?","E","R","BOSS"],"build_version":"2018-09-20","purchased_purges":1,"victory":false,"max_hp_per_floor":[70,70,70,70,70,70,70,70,70,70,70,70,70,70,70,70],"card_choices":[{"not_picked":["Quick Slash","Endless Agony"],"picked":"Backflip","floor":1},{"not_picked":["Prepared","Blade Dance"],"picked":"Cloak And Dagger","floor":5},{"not_picked":["Flying Knee","Cloak And Dagger"],"picked":"After Image","floor":6},{"not_picked":["Eviscerate","Choke"],"picked":"Backstab","floor":8},{"not_picked":["Sucker Punch","PiercingWail"],"picked":"Dagger Spray","floor":11},{"not_picked":["Sucker Punch","Poisoned Stab"],"picked":"Dodge and Roll","floor":12},{"not_picked":["Quick Slash","Expertise"],"picked":"Cloak And Dagger","floor":14}],"player_experience":210564,"relics_obtained":[{"floor":6,"key":"Bottled Lightning"},{"floor":9,"key":"Mummified Hand"},{"floor":14,"key":"Dream Catcher"}],"event_choices":[{"event_name":"Living Wall","player_choice":"Change","floor":2,"damage_taken":0},{"event_name":"Bonfire Elementals","player_choice":"BASIC","floor":3,"damage_taken":0},{"event_name":"Transmorgrifier","player_choice":"Transform","floor":13,"damage_taken":0}],"is_beta":false,"boss_relics":[],"items_purged_floors":[4],"is_endless":false,"potions_floor_spawned":[1,5,12],"killed_by":"Slime Boss","ascension_level":5}