{"gold_per_floor":[16,16,16,26,201,201,52,52,132,132,157,168,184,196,196,294,294,314,324,151,161,76,76,101,101,127,127,142,173,186,197,197,197],"floor_reached":33,"playtime":3127,"items_purged":["Doubt","Strike_R"],"score":369,"play_id":"614f58d7-dca1-4aa6-b1f4-f5aceb302d54","local_time":"20181015094651","is_ascension_mode":true,"campfire_choices":[{"data":"Disarm","floor":6.0,"key":"SMITH"},{"data":"Shrug It Off","floor":8.0,"key":"SMITH"},{"data":"Body Slam","floor":10.0,"key":"SMITH"},{"data":"Clothesline","floor":15.0,"key":"SMITH"},{"data":"True Grit","floor":23.0,"key":"SMITH"},{"data":"Armaments","floor":25.0,"key":"SMITH"},{"data":"Bash","floor":27.0,"key":"SMITH"},{"data":"Shrug It Off","floor":32.0,"key":"SMITH"}],"neow_cost":"NO_GOLD","seed_source_timestamp":0,"circlet_count":0,"master_deck":["Strike_R","Strike_R+1","Defend_R","Defend_R+1","Defend_R","Defend_R","Bash+1","Headbutt","Disarm+1","Shrug It Off+1","Body Slam+1","Clothesline+1","Shrug It Off+1","Feed","Shockwave+1","Whirlwind","True Grit+1","Armaments+1","Shrug It Off","Warcry+1","Headbutt"],"special_seed":0,"relics":["Burning Blood","Bag of Preparation","Pantograph","Paper Frog","Runic Dome","Orichalcum","Ice Cream","Regal Pillow","Girya"],"potions_floor_usage":[33],"damage_taken":[{"damage":2.0,"enemies":"2 Louse","floor":1.0,"turns":4.0},{"damage":4.0,"enemies":"Jaw Worm","floor":4.0,"turns":3.0},{"damage":11.0,"enemies":"Lagavulin","floor":11.0,"turns":8.0},{"damage":0.0,"enemies":"Small Slimes","floor":12.0,"turns":3.0},{"damage":2.0,"enemies":"Exordium Thugs","floor":13.0,"turns":5.0},{"damage":0.0,"enemies":"Gremlin Gang","floor":14.0,"turns":5.0},{"damage":24.0,"enemies":"Hexaghost","floor":16.0,"turns":11.0},{"damage":0.0,"enemies":"Chosen","floor":18.0,"turns":4.0},{"damage":21.0,"enemies":"2 Thieves","floor":19.0,"turns":4.0},{"damage":0.0,"enemies":"Snecko","floor":21.0,"turns":4.0},{"damage":12.0,"enemies":"Book of Stabbing","floor":24.0,"turns":4.0},{"damage":4.0,"enemies":"Chosen and Byrds","floor":28.0,"turns":5.0},{"damage":4.0,"enemies":"Slavers","floor":29.0,"turns":6.0},{"damage":3.0,"enemies":"Centurion and Healer","floor":30.0,"turns":7.0},{"damage":3.0,"enemies":"Snecko","floor":31.0,"turns":3.0},{"damage":118,"enemies":"Champ","floor":33,"turns":16}],"seed_played":"-764637364111371972","potions_obtained":[{"floor":1.0,"key":"GamblersBrew"},{"floor":13.0,"key":"PowerPotion"},{"floor":16.0,"key":"AttackPotion"},{"floor":30.0,"key":"Regen Potion"}],"is_trial":false,"path_per_floor":["M","?","?","M","?","R","$","R","T","R","E","M","M","M","R","B",null,"M","M","$","M","?","R","E","R","T","R","M","E","M","M","R"],"character_chosen":"IRONCLAD","items_purchased":["Shrug It Off","Body Slam","True Grit","Armaments"],"campfire_rested":0,"item_purchase_floors":[7,7,20,20],"current_hp_per_floor":[80,62,46,48,48,48,48,48,48,48,43,49,53,59,59,62,80,83,71,71,77,77,77,74,74,74,74,76,81,87,93,93,0],"gold":197,"neow_bonus":"REMOVE_TWO","is_prod":false,"is_daily":false,"chose_seed":false,"campfire_upgraded":8,"win_rate":0,"timestamp":1539622011,"path_taken":["M","?","?","?","?","R","?","R","T","R","E","?","M","M","R","BOSS","M","M","$","?","?","R","E","R","T","R","M","E","?","M","R","BOSS"],"build_version":"2018-10-11","purchased_purges":2,"victory":false,"max_hp_per_floor":[80,80,80,80,80,80,80,80,80,80,80,80,80,80,80,80,80,83,86,86,86,86,86,89,89,89,89,89,92,95,98,98,98],"card_choices":[{"not_picked":["Blood for Blood","Twin Strike"],"picked":"Headbutt","floor":1.0},{"not_picked":["Cleave","Perfected Strike"],"picked":"Disarm","floor":4.0},{"not_picked":["Twin Strike","Searing Blow","Infernal Blade"],"picked":"SKIP","floor":11.0},{"not_picked":["Heavy Blade","Iron Wave"],"picked":"Clothesline","floor":12.0},{"not_picked":["Pommel Strike","Heavy Blade"],"picked":"Shrug It Off","floor":13.0},{"not_picked":["Sword Boomerang","Flex","Feel No Pain"],"picked":"SKIP","floor":14.0},{"not_picked":["Exhume","Brutality"],"picked":"Feed","floor":16.0},{"not_picked":["Corruption","Havoc"],"picked":"Shockwave+1","floor":18.0},{"not_picked":["Searing Blow","Sever Soul+1"],"picked":"Whirlwind","floor":19.0},{"not_picked":["Battle Trance","Anger"],"picked":"Shrug It Off","floor":21.0},{"not_picked":["Intimidate+1","Reckless Charge","Heavy Blade"],"picked":"SKIP","floor":24.0},{"not_picked":["Perfected Strike","Thunderclap"],"picked":"Warcry+1","floor":28.0},{"not_picked":["Warcry","Dual Wield+1","Clothesline+1"],"picked":"SKIP","floor":29.0},{"not_picked":["Shrug It Off","Metallicize"],"picked":"Headbutt","floor":30.0},{"not_picked":["Flex","Headbutt","Dark Embrace"],"picked":"SKIP","floor":31.0}],"player_experience":261669,"relics_obtained":[{"floor":9.0,"key":"Pantograph"},{"floor":11.0,"key":"Paper Frog"},{"floor":24.0,"key":"Ice Cream"},{"floor":26.0,"key":"Regal Pillow"},{"floor":29.0,"key":"Girya"}],"event_choices":[{"event_name":"Scrap Ooze","player_choice":"success","floor":2.0,"damage_taken":18.0},{"event_name":"Shining Light","player_choice":"Entered Light","floor":3.0,"damage_taken":0.0},{"event_name":"Liars Game","player_choice":"agreed","floor":5.0,"damage_taken":0.0},{"event_name":"Addict","player_choice":"Obtained Relic","floor":22.0,"damage_taken":0.0}],"is_beta":false,"boss_relics":[{"not_picked":["White Beast Statue","Runic Cube"],"picked":"Runic Dome"}],"items_purged_floors":[7,20],"is_endless":false,"potions_floor_spawned":[1,13,16,18,30],"killed_by":"Champ","ascension_level":4}