{"gold_per_floor":[114,114,131,148,167,167,201,216,242,167,167],"floor_reached":11,"playtime":458,"items_purged":["Bash"],"score":86,"play_id":"4664d3b3-3e3e-4b63-aa75-6d1badb69209","local_time":"20181121094233","is_ascension_mode":true,"campfire_choices":[{"floor":6,"key":"RECALL"}],"neow_cost":"NONE","seed_source_timestamp":578794564794857,"circlet_count":0,"master_deck":["Strike_R","Strike_R","Strike_R","Strike_R","Strike_R","Defend_R","Defend_R","Defend_R","Defend_R","Shrug It Off","Uppercut","Disarm"],"relics":["Burning Blood","Red Skull","Dream Catcher"],"potions_floor_usage":[7,7],"damage_taken":[{"damage":0,"enemies":"Cultist","floor":1,"turns":4},{"damage":4,"enemies":"Small Slimes","floor":3,"turns":4},{"damage":8,"enemies":"Jaw Worm","floor":4,"turns":5},{"damage":45,"enemies":"Lots of Slimes","floor":5,"turns":11},{"damage":32,"enemies":"Lagavulin","floor":7,"turns":8},{"damage":11,"enemies":"Looter","floor":8,"turns":3}],"seed_played":"3282819875391385714","potions_obtained":[{"floor":1,"key":"BloodPotion"},{"floor":4,"key":"AttackPotion"}],"is_trial":false,"path_per_floor":["M","?","M","M","M","R","E","M","T","$","?"],"character_chosen":"IRONCLAD","items_purchased":[],"campfire_rested":0,"item_purchase_floors":[],"current_hp_per_floor":[80,80,80,78,39,39,21,16,16,16,0],"gold":167,"neow_bonus":"RANDOM_COMMON_RELIC","is_prod":false,"is_daily":false,"chose_seed":false,"campfire_upgraded":0,"win_rate":0,"timestamp":1542814953,"path_taken":["M","?","M","M","M","R","E","M","T","$","?"],"build_version":"2018-11-15","purchased_purges":1,"victory":false,"max_hp_per_floor":[80,80,80,80,80,80,80,80,80,80,80],"card_choices":[{"not_picked":["Dropkick","Sword Boomerang","Iron Wave"],"picked":"SKIP","floor":1},{"not_picked":["Anger","Flex","Havoc"],"picked":"SKIP","floor":3},{"not_picked":["Armaments","True Grit","Perfected Strike"],"picked":"SKIP","floor":4},{"not_picked":["Twin Strike","Sword Boomerang"],"picked":"Shrug It Off","floor":5},{"not_picked":["Sword Boomerang","Iron Wave"],"picked":"Uppercut","floor":7},{"not_picked":["Warcry","Feed"],"picked":"Disarm","floor":8}],"player_experience":466258,"relics_obtained":[{"floor":7,"key":"Dream Catcher"}],"event_choices":[{"damage_healed":0,"gold_gain":0,"player_choice":"Ignored","damage_taken":0,"max_hp_gain":0,"max_hp_loss":0,"event_name":"Liars Game","floor":2,"gold_loss":0}],"is_beta":false,"boss_relics":[],"items_purged_floors":[10],"is_endless":false,"potions_floor_spawned":[1,4],"ascension_level":3}