{"gold_per_floor":[110,110,110,110,110,150,150,184,231,256,217,232,232,251,251,372,372,391,412,60,60,60,60,80,80,80,104,104,123,158,7,7,131,131,145,163,163,14,14,14,14],"floor_reached":41,"playtime":3424,"items_purged":["Injury","Strike_R"],"score":584,"play_id":"3d060dd0-b12c-49bc-a851-c744cbbedae8","local_time":"20190122195740","is_ascension_mode":true,"campfire_choices":[{"data":"True Grit","floor":7.0,"key":"SMITH"},{"floor":13.0,"key":"DIG"},{"data":"Bash","floor":15.0,"key":"SMITH"},{"data":"Uppercut","floor":23.0,"key":"SMITH"},{"data":"Limit Break","floor":25.0,"key":"SMITH"},{"floor":28.0,"key":"REST"},{"floor":32.0,"key":"REST"},{"data":"True Grit","floor":40,"key":"SMITH"}],"neow_cost":"NONE","seed_source_timestamp":337797783953777,"circlet_count":0,"master_deck":["Strike_R","Strike_R","Strike_R","Defend_R","Defend_R","Defend_R","Bash+1","Inflame","True Grit+1","Heavy Blade","Uppercut+1","Flame Barrier","Headbutt","Limit Break+1","Ghostly Armor+1","Anger","Shrug It Off","J.A.X.","Disarm","Pummel","Shrug It Off","Heavy Blade","Entrench+1","Body Slam","True Grit+1","Pummel"],"special_seed":0,"relics":["Burning Blood","NeowsBlessing","Golden Idol","Bronze Scales","Shovel","Blue Candle","Pantograph","Velvet Choker","Paper Frog","Regal Pillow","Darkstone Periapt","Oddly Smooth Stone","Cursed Key"],"potions_floor_usage":[33,41],"damage_taken":[{"damage":0.0,"enemies":"2 Louse","floor":1.0,"turns":1.0},{"damage":0.0,"enemies":"3 Sentries","floor":6.0,"turns":2.0},{"damage":0.0,"enemies":"Gremlin Nob","floor":8.0,"turns":1.0},{"damage":2.0,"enemies":"Jaw Worm","floor":10.0,"turns":4.0},{"damage":0.0,"enemies":"Small Slimes","floor":12.0,"turns":3.0},{"damage":10.0,"enemies":"3 Louse","floor":14.0,"turns":4.0},{"damage":61.0,"enemies":"The Guardian","floor":16.0,"turns":16.0},{"damage":29.0,"enemies":"Shell Parasite","floor":18.0,"turns":7.0},{"damage":0.0,"enemies":"3 Byrds","floor":19.0,"turns":2.0},{"damage":12.0,"enemies":"Snake Plant","floor":24.0,"turns":3.0},{"damage":24.0,"enemies":"Centurion and Healer","floor":27.0,"turns":6.0},{"damage":18.0,"enemies":"3 Cultists","floor":29.0,"turns":4.0},{"damage":34.0,"enemies":"Gremlin Leader","floor":30.0,"turns":7.0},{"damage":73,"enemies":"Collector","floor":33,"turns":9},{"damage":8,"enemies":"3 Darklings","floor":35,"turns":3},{"damage":11,"enemies":"3 Shapes","floor":36,"turns":4},{"damage":92,"enemies":"Giant Head","floor":41,"turns":9}],"seed_played":"5670454907075527419","potions_obtained":[{"floor":1.0,"key":"Explosive Potion"},{"floor":5.0,"key":"Swift Potion"},{"floor":5.0,"key":"FairyPotion"},{"floor":19.0,"key":"Ancient Potion"},{"floor":27.0,"key":"SkillPotion"}],"is_trial":false,"path_per_floor":["M","?","?","?","?","E","R","E","T","M","$","M","R","M","R","B",null,"M","M","$","?","?","R","M","R","T","M","R","M","E","$","R","B",null,"M","M","?","$","?","R","E"],"character_chosen":"IRONCLAD","items_purchased":["Flame Barrier","Shrug It Off","Paper Frog","Heavy Blade","True Grit","Pummel","SkillPotion"],"campfire_rested":2,"item_purchase_floors":[11,20,20,31,38,38,38],"current_hp_per_floor":[80,73,73,66,66,72,72,78,78,80,80,80,80,76,76,25,66,43,49,49,49,49,49,43,43,43,25,64,52,24,24,63,13,63,61,56,56,56,56,56,0],"gold":14,"neow_bonus":"THREE_ENEMY_KILL","is_prod":false,"is_daily":false,"chose_seed":false,"campfire_upgraded":5,"win_rate":0,"timestamp":1548215860,"path_taken":["M","?","?","?","?","E","R","E","T","M","$","M","R","M","R","BOSS","M","?","$","?","?","R","M","R","T","M","R","M","E","$","R","BOSS","M","M","?","$","?","R","E"],"build_version":"2019-01-17v2","purchased_purges":2,"victory":false,"max_hp_per_floor":[80,80,80,80,80,80,80,80,80,80,80,80,80,80,80,80,80,80,80,80,80,80,80,80,80,80,80,80,80,80,80,80,80,80,80,80,80,80,80,80,80],"card_choices":[{"not_picked":["Hemokinesis","Rampage"],"picked":"Inflame","floor":1.0},{"not_picked":["Perfected Strike","Body Slam"],"picked":"True Grit","floor":6.0},{"not_picked":["Evolve","Demon Form"],"picked":"Heavy Blade","floor":8.0},{"not_picked":["Wild Strike","Twin Strike"],"picked":"Uppercut","floor":10.0},{"not_picked":["Perfected Strike","Havoc"],"picked":"Headbutt","floor":12.0},{"not_picked":["Power Through","Dropkick","Perfected Strike"],"picked":"SKIP","floor":14.0},{"not_picked":["Exhume","Immolate"],"picked":"Limit Break","floor":16.0},{"not_picked":["Perfected Strike","Flex+1"],"picked":"Ghostly Armor+1","floor":18.0},{"not_picked":["Seeing Red","Fire Breathing"],"picked":"Anger","floor":19.0},{"not_picked":["Sword Boomerang","Ghostly Armor","Rupture+1"],"picked":"SKIP","floor":24.0},{"not_picked":["Wild Strike","Thunderclap"],"picked":"Disarm","floor":27.0},{"not_picked":["Heavy Blade","Armaments"],"picked":"Pummel","floor":29.0},{"not_picked":["Rage","Armaments"],"picked":"Shrug It Off","floor":30.0},{"not_picked":["Flex","Infernal Blade"],"picked":"Entrench+1","floor":35},{"not_picked":["Evolve","Havoc+1"],"picked":"Body Slam","floor":36}],"player_experience":354165,"relics_obtained":[{"floor":6.0,"key":"Shovel"},{"floor":8.0,"key":"Blue Candle"},{"floor":13.0,"key":"Pantograph"},{"floor":26.0,"key":"Darkstone Periapt"},{"floor":30.0,"key":"Oddly Smooth Stone"}],"event_choices":[{"cards_removed":["Strike_R"],"damage_healed":0.0,"max_hp_gain":0.0,"max_hp_loss":0.0,"gold_gain":0.0,"event_name":"Golden Wing","player_choice":"Card Removal","floor":2.0,"gold_loss":0.0,"damage_taken":7.0},{"damage_healed":0.0,"max_hp_gain":0.0,"max_hp_loss":0.0,"gold_gain":0.0,"event_name":"Golden Idol","player_choice":"Take Wound","floor":3.0,"gold_loss":0.0,"damage_taken":0.0,"relics_obtained":["Golden Idol"],"cards_obtained":["Injury"]},{"damage_healed":0.0,"max_hp_gain":0.0,"max_hp_loss":0.0,"gold_gain":0.0,"event_name":"Scrap Ooze","player_choice":"Success","floor":4.0,"gold_loss":0.0,"damage_taken":7.0,"relics_obtained":["Bronze Scales"]},{"damage_healed":0.0,"max_hp_gain":0.0,"max_hp_loss":0.0,"gold_gain":0.0,"event_name":"Lab","player_choice":"Got Potions","floor":5.0,"gold_loss":0.0,"damage_taken":0.0},{"damage_healed":0.0,"max_hp_gain":0.0,"max_hp_loss":0.0,"gold_gain":0.0,"event_name":"The Mausoleum","player_choice":"Opened","floor":21.0,"gold_loss":0.0,"damage_taken":0.0,"relics_obtained":["Regal Pillow"]},{"damage_healed":0.0,"max_hp_gain":0.0,"max_hp_loss":0.0,"gold_gain":0.0,"event_name":"Drug Dealer","player_choice":"Obtain J.A.X.","floor":22.0,"gold_loss":0.0,"damage_taken":0.0,"cards_obtained":["J.A.X."]},{"cards_removed":["Defend_R"],"damage_healed":0,"gold_gain":0,"player_choice":"Removed Skill","damage_taken":0,"max_hp_gain":0,"max_hp_loss":0,"event_name":"Falling","floor":37,"gold_loss":0},{"damage_healed":0,"gold_gain":0,"player_choice":"Ignored","damage_taken":0,"max_hp_gain":0,"max_hp_loss":0,"event_name":"Mysterious Sphere","floor":39,"gold_loss":0}],"is_beta":false,"boss_relics":[{"not_picked":["Fusion Hammer","Black Blood"],"picked":"Velvet Choker"},{"not_picked":["Orrery","Snecko Eye"],"picked":"Cursed Key"}],"items_purged_floors":[20,31],"is_endless":false,"potions_floor_spawned":[1,10,14,19,27],"killed_by":"Giant Head","ascension_level":5}