{"gold_per_floor":[114,114,64,78,94,94,109,109,109,109,184,184],"floor_reached":12,"playtime":396,"items_purged":[],"score":85,"play_id":"28be2971-e449-409a-8e36-021b053a1e61","local_time":"20190207090644","is_ascension_mode":true,"campfire_choices":[{"data":"Demon Form","floor":6,"key":"SMITH"},{"data":"Disarm","floor":8,"key":"SMITH"}],"neow_cost":"NONE","seed_source_timestamp":2436321424112815,"circlet_count":0,"master_deck":["Strike_R","Strike_R","Strike_R","Defend_R","Defend_R","Defend_R","Defend_R","Bash","Demon Form+1","Disarm+1"],"relics":["Burning Blood","NeowsBlessing","Bottled Tornado"],"potions_floor_usage":[],"damage_taken":[{"damage":0,"enemies":"2 Louse","floor":1,"turns":1},{"damage":0,"enemies":"Small Slimes","floor":4,"turns":1},{"damage":0,"enemies":"Jaw Worm","floor":5,"turns":1},{"damage":7,"enemies":"2 Fungi Beasts","floor":7,"turns":7},{"damage":68,"enemies":"Gremlin Gang","floor":12,"turns":13}],"seed_played":"-7090116662801149772","potions_obtained":[{"floor":4,"key":"EssenceOfSteel"}],"is_trial":false,"path_per_floor":["M","?","?","M","M","R","M","R","T","?","?","M"],"character_chosen":"IRONCLAD","items_purchased":[],"campfire_rested":0,"item_purchase_floors":[],"current_hp_per_floor":[80,73,73,79,80,80,79,79,79,79,68,0],"gold":184,"neow_bonus":"THREE_ENEMY_KILL","is_prod":false,"is_daily":false,"chose_seed":false,"campfire_upgraded":2,"win_rate":0,"timestamp":1549552004,"path_taken":["M","?","?","M","M","R","M","R","T","?","?","M"],"build_version":"2019-01-23","purchased_purges":0,"victory":false,"max_hp_per_floor":[80,80,80,80,80,80,80,80,80,80,80,80],"card_choices":[{"not_picked":["Cleave","Thunderclap","Headbutt"],"picked":"SKIP","floor":1},{"not_picked":["Armaments","Clash"],"picked":"Demon Form","floor":4},{"not_picked":["Pommel Strike","Sword Boomerang","Wild Strike"],"picked":"SKIP","floor":5},{"not_picked":["Blood for Blood","Rage"],"picked":"Disarm","floor":7}],"player_experience":1257920,"relics_obtained":[{"floor":9,"key":"Bottled Tornado"}],"event_choices":[{"cards_removed":["Strike_R"],"damage_healed":0,"gold_gain":0,"player_choice":"Card Removal","damage_taken":7,"max_hp_gain":0,"max_hp_loss":0,"event_name":"Golden Wing","floor":2,"gold_loss":0},{"cards_removed":["Strike_R"],"damage_healed":0,"gold_gain":0,"player_choice":"Card Removal","damage_taken":0,"max_hp_gain":0,"max_hp_loss":0,"event_name":"The Cleric","floor":3,"gold_loss":50},{"damage_healed":0,"gold_gain":0,"player_choice":"Ignored","damage_taken":0,"max_hp_gain":0,"max_hp_loss":0,"event_name":"Liars Game","floor":10,"gold_loss":0},{"damage_healed":0,"gold_gain":75,"player_choice":"Gather Gold","damage_taken":11,"max_hp_gain":0,"max_hp_loss":0,"event_name":"World of Goop","floor":11,"gold_loss":0}],"is_beta":false,"boss_relics":[],"items_purged_floors":[],"is_endless":false,"potions_floor_spawned":[4],"killed_by":"Gremlin Gang","ascension_level":5}