{"path_per_floor":["M","?","?","$","M","E","R","E","T","?","$","M","R","M","R","B",null,"M","$","M","?","?","?","M","R","T","T"],"character_chosen":"DEFECT","items_purchased":["Defragment","Cold Snap","Panache+1"],"gold_per_floor":[109,109,109,73,89,119,119,148,221,221,96,111,111,129,129,257,257,270,58,76,226,226,226,240,240,264,289,289],"floor_reached":28,"campfire_rested":3,"playtime":1210,"item_purchase_floors":[4,11,19],"current_hp_per_floor":[71,71,64,64,53,10,32,10,10,10,10,10,30,24,24,20,69,44,44,25,25,48,48,2,22,22,22,0],"items_purged":["Strike_B"],"gold":289,"score":269,"play_id":"78b7a49e-b127-4b90-9f89-8ba3efc729f7","local_time":"20180614210314","is_prod":false,"is_daily":false,"chose_seed":false,"is_ascension_mode":true,"campfire_upgraded":1,"win_rate":0,"timestamp":1528981394,"campfire_choices":[{"floor":7,"key":"REST"},{"floor":13,"key":"REST"},{"data":"Redo","floor":15,"key":"SMITH"},{"floor":25,"key":"REST"}],"path_taken":["M","?","?","$","?","E","R","E","T","?","$","M","R","M","R","BOSS","M","$","M","?","?","?","M","R","T","?","M"],"build_version":"2018-06-07v3","seed_source_timestamp":10317563035396,"purchased_purges":1,"victory":false,"master_deck":["Strike_B","Strike_B","Defend_B","Defend_B","Defend_B","Defend_B","Zap","Dualcast","Conserve Battery","Flash of Steel","Defragment","Coolheaded","Amplify","Cold Snap","Cold Snap","Loop+1","Redo+1","Echo Form+1","Conserve Battery+1","Panache+1","Redo","Cold Snap"],"max_hp_per_floor":[75,75,75,75,75,75,75,75,75,69,69,69,69,69,69,69,69,69,69,69,69,69,69,69,69,69,69,69],"relics":["Inserter","Ancient Tea Set","Sundial","Frozen Egg 2","Golden Idol","Nuclear Battery","Anchor","Art of War"],"card_choices":[{"not_picked":["Blizzard","Hello World"],"picked":"Conserve Battery","floor":1},{"not_picked":["Loop","Streamline"],"picked":"Coolheaded","floor":5},{"not_picked":["Doom and Gloom","Turbo"],"picked":"Amplify","floor":6},{"not_picked":["Sweeping Beam","Reprogram"],"picked":"Cold Snap","floor":8},{"not_picked":["Leap","Auto Shields"],"picked":"Loop+1","floor":12},{"not_picked":["Gash","Turbo"],"picked":"Redo","floor":14},{"not_picked":["Thunder Strike","Seek"],"picked":"Echo Form+1","floor":16},{"not_picked":["Barrage","Ball Lightning"],"picked":"Conserve Battery+1","floor":18},{"not_picked":["Go for the Eyes","White Noise"],"picked":"Redo","floor":20},{"not_picked":["Genetic Algorithm","Aggregate+1"],"picked":"Cold Snap","floor":24}],"player_experience":451080,"potions_floor_usage":[6,18,20],"damage_taken":[{"damage":4,"enemies":"Small Slimes","floor":1,"turns":5},{"damage":11,"enemies":"Cultist","floor":5,"turns":4},{"damage":43,"enemies":"Gremlin Nob","floor":6,"turns":5},{"damage":22,"enemies":"3 Sentries","floor":8,"turns":10},{"damage":0,"enemies":"2 Louse","floor":12,"turns":3},{"damage":6,"enemies":"Blue Slaver","floor":14,"turns":4},{"damage":4,"enemies":"Hexaghost","floor":16,"turns":15},{"damage":25,"enemies":"3 Byrds","floor":18,"turns":6},{"damage":26,"enemies":"2 Thieves","floor":20,"turns":4},{"damage":46,"enemies":"Slaver and Parasite","floor":24,"turns":7},{"damage":23,"enemies":"3 Cultists","floor":28,"turns":4}],"relics_obtained":[{"floor":6,"key":"Ancient Tea Set"},{"floor":8,"key":"Sundial"},{"floor":9,"key":"Frozen Egg 2"},{"floor":26,"key":"Anchor"},{"floor":27,"key":"Art of War"}],"event_choices":[{"event_name":"Match and Keep!","player_choice":"1 cards matched","floor":2,"damage_taken":0},{"event_name":"Golden Wing","player_choice":"Card Removal","floor":3,"damage_taken":0},{"event_name":"Golden Idol","player_choice":"Lose Max HP","floor":10,"damage_taken":0},{"event_name":"Nest","player_choice":"Stole From Cult","floor":21,"damage_taken":0},{"event_name":"The Library","player_choice":"Heal","floor":22,"damage_taken":0},{"event_name":"Drug Dealer","player_choice":"Ignored","floor":23,"damage_taken":0}],"boss_relics":[{"not_picked":["Ectoplasm","White Beast Statue"],"picked":"Nuclear Battery"}],"items_purged_floors":[11],"potions_floor_spawned":[1,8,14,18,20],"seed_played":"274283447651235135","killed_by":"3 Cultists","ascension_level":4,"potions_obtained":[{"floor":1,"key":"Fire Potion"},{"floor":8,"key":"Fire Potion"},{"floor":14,"key":"Dexterity Potion"},{"floor":18,"key":"PowerPotion"},{"floor":20,"key":"Dexterity Potion"}],"is_trial":false}