{"gold_per_floor":[109,125,125,125,140,140,140,140,166,200,200,223,238,238,238,367,367,392,392,416,431,43,67,90,90,90,115,115,15,15,15,15,139,139,159,184,184,59,78,78,101,101,125,143,143,163,163,163,163,163],"floor_reached":51,"playtime":2511,"items_purged":["Strike_R","Strike_R","Feel No Pain"],"score":704,"play_id":"353b8558-4c19-431f-801e-153e3bc4b3e4","local_time":"20190228004646","is_ascension_mode":false,"campfire_choices":[{"data":"Body Slam","floor":6,"key":"SMITH"},{"data":"Clothesline","floor":8,"key":"SMITH"},{"data":"Bash","floor":11,"key":"SMITH"},{"data":"Rampage","floor":15,"key":"SMITH"},{"data":"Armaments","floor":28,"key":"SMITH"},{"data":"Limit Break","floor":30,"key":"SMITH"},{"data":"Spot Weakness","floor":32,"key":"SMITH"},{"data":"Metallicize","floor":40,"key":"SMITH"},{"data":"Metallicize","floor":45,"key":"SMITH"},{"data":"Ghostly Armor","floor":47,"key":"SMITH"},{"data":"Ghostly Armor","floor":49,"key":"SMITH"}],"neow_cost":"NONE","seed_source_timestamp":11074412106051,"circlet_count":0,"master_deck":["Defend_R","Defend_R","Bash+1","Body Slam+1","Clothesline+1","Pommel Strike","Ghostly Armor+1","Rampage+1","Limit Break+1","Metallicize+1","Spot Weakness+1","Ghostly Armor+1","Metallicize+1","Armaments+1","Reaper","Shrug It Off"],"relics":["Burning Blood","Happy Flower","Golden Idol","Pen Nib","Bronze Scales","Velvet Choker","Kunai","Bottled Lightning","Empty Cage","Smiling Mask"],"potions_floor_usage":[33,42,44,50,50],"damage_taken":[{"damage":0,"enemies":"Small Slimes","floor":1,"turns":3},{"damage":9,"enemies":"Jaw Worm","floor":2,"turns":4},{"damage":0,"enemies":"2 Louse","floor":5,"turns":2},{"damage":24,"enemies":"Gremlin Nob","floor":10,"turns":4},{"damage":0,"enemies":"2 Fungi Beasts","floor":12,"turns":2},{"damage":19,"enemies":"Gremlin Gang","floor":13,"turns":4},{"damage":41,"enemies":"Slime Boss","floor":16,"turns":9},{"damage":0,"enemies":"Chosen","floor":18,"turns":4},{"damage":5,"enemies":"Shell Parasite","floor":20,"turns":3},{"damage":16,"enemies":"3 Cultists","floor":21,"turns":6},{"damage":11,"enemies":"Snecko","floor":23,"turns":4},{"damage":19,"enemies":"Centurion and Healer","floor":24,"turns":6},{"damage":20,"enemies":"Snake Plant","floor":27,"turns":5},{"damage":1,"enemies":"Champ","floor":33,"turns":8},{"damage":2,"enemies":"3 Shapes","floor":35,"turns":7},{"damage":9,"enemies":"3 Darklings","floor":36,"turns":7},{"damage":9,"enemies":"Maw","floor":39,"turns":9},{"damage":7,"enemies":"Transient","floor":41,"turns":5},{"damage":58,"enemies":"Nemesis","floor":42,"turns":8},{"damage":12,"enemies":"3 Darklings","floor":44,"turns":9},{"damage":17,"enemies":"Writhing Mass","floor":46,"turns":7},{"damage":50,"enemies":"Donu and Deca","floor":50,"turns":10}],"seed_played":"8243568844754161768","potions_obtained":[{"floor":10,"key":"Weak Potion"},{"floor":12,"key":"SpeedPotion"},{"floor":13,"key":"Poison Potion"},{"floor":33,"key":"SmokeBomb"},{"floor":44,"key":"Swift Potion"}],"is_trial":false,"path_per_floor":["M","M","?","?","M","R","?","R","T","E","R","M","M","?","R","B",null,"M","?","M","M","$","M","M","?","T","M","R","$","R","?","R","B",null,"M","M","?","$","M","R","M","E","T","M","R","M","R","?","R","B",null],"character_chosen":"IRONCLAD","items_purchased":["Dexterity Potion","Kunai"],"campfire_rested":0,"item_purchase_floors":[22,22],"current_hp_per_floor":[80,77,82,61,67,67,67,67,67,49,49,55,42,42,42,7,85,85,85,85,75,75,70,57,57,57,43,43,43,43,43,43,48,85,85,85,85,85,85,85,85,33,33,85,85,85,85,85,85,85],"gold":163,"neow_bonus":"RANDOM_COMMON_RELIC","is_prod":false,"is_daily":false,"chose_seed":false,"campfire_upgraded":11,"win_rate":0,"timestamp":1551332806,"path_taken":["M","M","?","?","M","R","?","R","T","E","R","?","M","?","R","BOSS","M","?","M","M","$","M","M","?","T","M","R","$","R","?","R","BOSS","M","M","?","$","M","R","M","E","T","M","R","M","R","?","R","BOSS"],"build_version":"2019-01-23","purchased_purges":3,"victory":true,"max_hp_per_floor":[80,80,85,85,85,85,85,85,85,85,85,85,85,85,85,85,85,85,85,85,85,85,85,85,85,85,85,85,85,85,85,85,85,85,85,85,85,85,85,85,85,85,85,85,85,85,85,85,85,85],"card_choices":[{"not_picked":["True Grit","Cleave"],"picked":"Body Slam","floor":1},{"not_picked":["Sever Soul","Thunderclap"],"picked":"Clothesline","floor":2},{"not_picked":["Rage","Brutality"],"picked":"Warcry","floor":5},{"not_picked":["Havoc","Clash"],"picked":"Pommel Strike","floor":10},{"not_picked":["Wild Strike","Anger"],"picked":"Ghostly Armor","floor":12},{"not_picked":["Armaments","Warcry"],"picked":"Rampage","floor":13},{"not_picked":["Feed","Dark Embrace"],"picked":"Limit Break","floor":16},{"not_picked":["Clothesline","Rupture"],"picked":"Metallicize","floor":18},{"not_picked":["Clothesline","Headbutt","Cleave+1"],"picked":"SKIP","floor":20},{"not_picked":["Havoc+1","Thunderclap","True Grit"],"picked":"SKIP","floor":21},{"not_picked":["Spot Weakness","Perfected Strike"],"picked":"Ghostly Armor","floor":23},{"not_picked":["Sentinel","Limit Break"],"picked":"Metallicize","floor":24},{"not_picked":["Pommel Strike","Sever Soul","Twin Strike"],"picked":"SKIP","floor":27},{"not_picked":["Offering","Fiend Fire"],"picked":"Reaper","floor":33},{"not_picked":["Pommel Strike","Sword Boomerang+1","Armaments+1"],"picked":"SKIP","floor":35},{"not_picked":["Burning Pact+1","Perfected Strike","Cleave"],"picked":"SKIP","floor":36},{"not_picked":["Flex","Twin Strike+1","Armaments+1"],"picked":"SKIP","floor":39},{"not_picked":["Searing Blow","Wild Strike","Sword Boomerang+1"],"picked":"SKIP","floor":41},{"not_picked":["Corruption","Second Wind+1"],"picked":"Shrug It Off","floor":44},{"not_picked":["Iron Wave+1","Evolve","Anger"],"picked":"SKIP","floor":46}],"player_experience":495877,"relics_obtained":[{"floor":9,"key":"Pen Nib"},{"floor":10,"key":"Bronze Scales"},{"floor":26,"key":"Bottled Lightning"},{"floor":43,"key":"Smiling Mask"}],"event_choices":[{"damage_healed":0,"gold_gain":0,"player_choice":"Donut","damage_taken":0,"max_hp_gain":5,"max_hp_loss":0,"event_name":"Big Fish","floor":3,"gold_loss":0},{"damage_healed":0,"gold_gain":0,"player_choice":"Take Damage","damage_taken":21,"relics_obtained":["Golden Idol"],"max_hp_gain":0,"max_hp_loss":0,"event_name":"Golden Idol","floor":4,"gold_loss":0},{"cards_removed":["Strike_R"],"damage_healed":0,"gold_gain":0,"player_choice":"Forget","damage_taken":0,"max_hp_gain":0,"max_hp_loss":0,"event_name":"Living Wall","floor":7,"gold_loss":0},{"damage_healed":0,"gold_gain":0,"player_choice":"Ignored","damage_taken":0,"max_hp_gain":0,"max_hp_loss":0,"event_name":"Liars Game","floor":14,"gold_loss":0},{"damage_healed":0,"gold_gain":0,"player_choice":"Read","damage_taken":0,"max_hp_gain":0,"max_hp_loss":0,"event_name":"The Library","floor":19,"gold_loss":0,"cards_obtained":["Spot Weakness"]},{"damage_healed":0,"gold_gain":0,"cards_transformed":["Strike_R","Strike_R"],"player_choice":"Became Test Subject","damage_taken":0,"max_hp_gain":0,"max_hp_loss":0,"event_name":"Drug Dealer","floor":25,"gold_loss":0,"cards_obtained":["Armaments","Feel No Pain"]},{"damage_healed":0,"gold_gain":0,"player_choice":"Ignored","damage_taken":0,"max_hp_gain":0,"max_hp_loss":0,"event_name":"Vampires","floor":31,"gold_loss":0},{"cards_removed":["Warcry"],"damage_healed":0,"gold_gain":0,"player_choice":"Removed Skill","damage_taken":0,"max_hp_gain":0,"max_hp_loss":0,"event_name":"Falling","floor":37,"gold_loss":0},{"damage_healed":0,"gold_gain":0,"player_choice":"Ignored","damage_taken":0,"max_hp_gain":0,"max_hp_loss":0,"event_name":"NoteForYourself","floor":48,"gold_loss":0}],"is_beta":false,"boss_relics":[{"not_picked":["Ectoplasm","Tiny House"],"picked":"Velvet Choker"},{"not_picked":["Mark of Pain","Runic Dome"],"picked":"Empty Cage"}],"items_purged_floors":[22,29,38],"is_endless":false,"potions_floor_spawned":[10,12,13,23,27,33,35,44],"ascension_level":0}