{"gold_per_floor":[114,127,144,159,172,172,191,116,116,126,126,49,64,64,64,165,165,184,203,153,53,64,64,64],"floor_reached":24,"playtime":1785,"items_purged":["Strike_B","Genetic Algorithm"],"score":192,"play_id":"f4eaf811-92ff-4743-b2e1-5dd2aea62916","local_time":"20190205231337","is_ascension_mode":false,"campfire_choices":[{"data":"Zap","floor":6,"key":"SMITH"},{"data":"Consume","floor":11,"key":"SMITH"},{"data":"Dualcast","floor":15,"key":"SMITH"},{"data":"Defragment","floor":23,"key":"SMITH"}],"neow_cost":"NONE","seed_source_timestamp":1589642822978244,"circlet_count":0,"master_deck":["Zap+1","Dualcast+1","Self Repair","Doom and Gloom","Loop","Chaos","Consume+1","Skim","Force Field","Capacitor","BootSequence","Steam","Hologram","FTL","Buffer","Defragment+1","Self Repair+1"],"relics":["Cracked Core","Unceasing Top","Pandora\u0027s Box"],"potions_floor_usage":[13,16],"damage_taken":[{"damage":0,"enemies":"Cultist","floor":1,"turns":4},{"damage":3,"enemies":"2 Louse","floor":2,"turns":4},{"damage":13,"enemies":"Jaw Worm","floor":3,"turns":4},{"damage":0,"enemies":"Looter","floor":4,"turns":4},{"damage":6,"enemies":"Blue Slaver","floor":5,"turns":5},{"damage":18,"enemies":"Exordium Thugs","floor":7,"turns":4},{"damage":13,"enemies":"Red Slaver","floor":10,"turns":4},{"damage":18,"enemies":"3 Louse","floor":13,"turns":3},{"damage":36,"enemies":"Slime Boss","floor":16,"turns":10},{"damage":0,"enemies":"Chosen","floor":18,"turns":6},{"damage":9,"enemies":"Spheric Guardian","floor":19,"turns":4},{"damage":25,"enemies":"Chosen and Byrds","floor":22,"turns":6},{"damage":64,"enemies":"Gremlin Leader","floor":24,"turns":3}],"seed_played":"-6328836694763928548","potions_obtained":[{"floor":1,"key":"Dexterity Potion"},{"floor":7,"key":"PowerPotion"},{"floor":10,"key":"PowerPotion"},{"floor":18,"key":"FairyPotion"},{"floor":22,"key":"FearPotion"}],"is_trial":false,"path_per_floor":["$","?","?"],"character_chosen":"DEFECT","items_purchased":["Capacitor"],"campfire_rested":0,"item_purchase_floors":[12],"current_hp_per_floor":[75,75,69,75,75,75,57,57,57,51,51,51,47,47,47,18,75,75,73,73,73,55,55,0],"gold":64,"neow_bonus":"REMOVE_CARD","is_prod":false,"is_daily":false,"chose_seed":false,"campfire_upgraded":4,"win_rate":0,"timestamp":1549404817,"path_taken":["M","M","M","M","M","R","M","?","T","M","R","$","M","?","R","BOSS","M","M","?","$","M","R","E"],"build_version":"2019-01-23","purchased_purges":2,"victory":false,"max_hp_per_floor":[75,75,75,75,75,75,75,75,75,75,75,75,75,75,75,75,75,75,75,75,75,75,75,75],"card_choices":[{"not_picked":["Conserve Battery","Compile Driver"],"picked":"Self Repair","floor":1},{"not_picked":["Turbo","Gash"],"picked":"Doom and Gloom","floor":2},{"not_picked":["Hello World","Beam Cell"],"picked":"Loop","floor":3},{"not_picked":["Leap","Steam"],"picked":"Chaos","floor":4},{"not_picked":["Streamline","Redo"],"picked":"Consume","floor":5},{"not_picked":["Steam","Compile Driver"],"picked":"Skim","floor":7},{"not_picked":["Rebound","Hyperbeam"],"picked":"Force Field","floor":10},{"not_picked":["Ball Lightning","Turbo","Chaos"],"picked":"SKIP","floor":13},{"not_picked":["Chaos+1","Streamline","Skim"],"picked":"SKIP","floor":18},{"not_picked":["Conserve Battery","Tempest+1"],"picked":"Defragment","floor":19},{"not_picked":["Compile Driver","Cold Snap"],"picked":"Self Repair+1","floor":22}],"player_experience":129780,"relics_obtained":[{"floor":9,"key":"Unceasing Top"}],"event_choices":[{"damage_healed":0,"gold_gain":0,"cards_transformed":["Strike_B"],"player_choice":"Transformed","damage_taken":0,"max_hp_gain":0,"max_hp_loss":0,"event_name":"Transmorgrifier","floor":14,"gold_loss":0,"cards_obtained":["BootSequence"]},{"damage_healed":0,"gold_gain":0,"player_choice":"Bet on Owner","damage_taken":0,"max_hp_gain":0,"max_hp_loss":0,"event_name":"The Joust","floor":20,"gold_loss":50}],"is_beta":false,"boss_relics":[{"not_picked":["Ectoplasm","Runic Pyramid"],"picked":"Pandora\u0027s Box"}],"items_purged_floors":[8,21],"is_endless":false,"potions_floor_spawned":[1,7,10,18,22],"killed_by":"Gremlin Leader","ascension_level":0}