{"gold_per_floor":[164,229,29,29,85,85,130,195,195,195,79,79,79,79,79,399,549,614,614,659,659,384,384,449,539,564,564,629,609,609,261,261,561,561,606,671,232,532,532,622,622,220,220,265,265,265,265,265,265,265],"floor_reached":51,"playtime":7550,"items_purged":[],"score":1002,"play_id":"542d831c-5212-4b2f-9fbf-8170e7ca85d0","local_time":"20190102002806","daily_mods":["Allstar","Hoarder","Midas"],"is_ascension_mode":false,"campfire_choices":[{"floor":6,"key":"REST"},{"floor":13,"key":"REST"},{"floor":15,"key":"REST"},{"floor":23,"key":"REST"},{"floor":27,"key":"REST"},{"floor":32,"key":"REST"},{"floor":41,"key":"REST"},{"floor":45,"key":"REST"},{"floor":49,"key":"REST"}],"neow_cost":"","seed_source_timestamp":0,"circlet_count":0,"master_deck":["Strike_R","Strike_R","Strike_R","Strike_R","Strike_R+1","Defend_R","Defend_R","Defend_R","Defend_R","Bash","Bandage Up","Bandage Up","Bandage Up","Jack Of All Trades","Jack Of All Trades","Jack Of All Trades","HandOfGreed","HandOfGreed","HandOfGreed","Chrysalis","Chrysalis","Chrysalis","Finesse","Finesse","Cleave","Cleave","Cleave","Havoc","Havoc","Havoc","Second Wind","Second Wind","Headbutt","Headbutt","Headbutt","Searing Blow","Searing Blow","Searing Blow","Feed","Feed","Feed","Headbutt","Headbutt","Headbutt","Shrug It Off+1","Shrug It Off+1","Shrug It Off+1","Clothesline+1","Clothesline+1","Clothesline+1","RitualDagger","RitualDagger","RitualDagger","Immolate+1","Immolate","Immolate","Bludgeon","Bludgeon","Bludgeon","Blood for Blood","Blood for Blood","Blood for Blood","Bloodletting","Bloodletting","Bloodletting","Trip","Trip","Trip","Bludgeon","Bludgeon","Bludgeon","Pommel Strike+1","Pommel Strike+1","Pommel Strike+1","Armaments+1","Armaments+1","Armaments+1","Dramatic Entrance+1","Dramatic Entrance+1","Dramatic Entrance+1","Searing Blow+1","Searing Blow+1","Searing Blow+1","Seeing Red","Seeing Red","Seeing Red","Corruption","Corruption","Corruption","Pommel Strike+1","Pommel Strike+1","Pommel Strike+1","Feed+1","Feed+1","Feed+1","Shrug It Off","Shrug It Off","Shrug It Off","Metallicize","Metallicize","Metallicize","Sever Soul+1","Sever Soul+1","Sever Soul+1"],"special_seed":17897,"relics":["Burning Blood","Membership Card","Happy Flower","Kunai","Juzu Bracelet","Blood Vial","Tiny House","Torii","Mercury Hourglass","Dodecahedron","Red Skull","Lantern","OrangePellets","Tiny Chest","Runic Pyramid","Bag of Marbles","Molten Egg 2","ClockworkSouvenir","Unceasing Top","Paper Frog","Bottled Flame","MealTicket","Ornamental Fan","The Courier","Ancient Tea Set"],"potions_floor_usage":[24,33,33,50,50],"damage_taken":[{"damage":14,"enemies":"Small Slimes","floor":1,"turns":3},{"damage":1,"enemies":"2 Louse","floor":2,"turns":2},{"damage":5,"enemies":"Jaw Worm","floor":7,"turns":3},{"damage":2,"enemies":"Blue Slaver","floor":8,"turns":3},{"damage":69,"enemies":"Slime Boss","floor":16,"turns":8},{"damage":28,"enemies":"2 Thieves","floor":18,"turns":3},{"damage":31,"enemies":"3 Byrds","floor":20,"turns":7},{"damage":15,"enemies":"Snecko","floor":24,"turns":5},{"damage":64,"enemies":"Gremlin Leader","floor":25,"turns":8},{"damage":21,"enemies":"Snake Plant","floor":28,"turns":2},{"damage":87,"enemies":"Collector","floor":33,"turns":9},{"damage":17,"enemies":"3 Darklings","floor":35,"turns":3},{"damage":11,"enemies":"3 Shapes","floor":36,"turns":3},{"damage":50,"enemies":"Mind Bloom Boss Battle","floor":38,"turns":6},{"damage":50,"enemies":"Nemesis","floor":40,"turns":7},{"damage":0,"enemies":"Jaw Worm Horde","floor":44,"turns":1},{"damage":92,"enemies":"Donu and Deca","floor":50,"turns":7}],"seed_played":"2052676809091822558","potions_obtained":[{"floor":2,"key":"SpeedPotion"},{"floor":7,"key":"BloodPotion"},{"floor":8,"key":"FearPotion"},{"floor":20,"key":"Ancient Potion"},{"floor":24,"key":"Explosive Potion"},{"floor":29,"key":"Fire Potion"},{"floor":33,"key":"AttackPotion"},{"floor":35,"key":"Swift Potion"},{"floor":36,"key":"Poison Potion"},{"floor":40,"key":"SkillPotion"}],"is_trial":false,"path_per_floor":["M","M","$","?","?","R","M","M","T","T","$","?","R","?","R","B",null,"M","?","M","?","$","R","M","E","T","R","M","?","?","$","R","B",null,"M","M","$","?","?","E","R","$","T","M","R","T","?","?","R","B",null],"character_chosen":"IRONCLAD","items_purchased":["Membership Card","Searing Blow","Blood Vial","Torii","Mercury Hourglass","Blood for Blood","Bloodletting","Lantern","OrangePellets","Tiny Chest","Trip","Bag of Marbles","Molten Egg 2","ClockworkSouvenir","Dramatic Entrance+1","Searing Blow+1","Seeing Red","Corruption","Bottled Flame","MealTicket","Ornamental Fan","Shrug It Off","Metallicize"],"campfire_rested":9,"item_purchase_floors":[3,11,11,22,22,31,31,31,31,31,31,37,37,37,37,37,37,37,42,42,42,42,42],"current_hp_per_floor":[72,80,80,73,73,80,80,80,80,80,80,85,85,85,85,26,90,75,57,52,46,46,77,74,32,32,63,50,50,104,104,104,26,104,97,94,94,56,56,14,46,46,46,54,86,86,86,86,107,32],"gold":265,"neow_bonus":"","is_prod":false,"is_daily":true,"chose_seed":false,"campfire_upgraded":0,"win_rate":0,"timestamp":1546385286,"path_taken":["M","M","$","?","?","R","M","M","T","?","?","?","R","?","R","BOSS","M","?","M","?","$","R","M","E","T","R","M","?","?","?","R","BOSS","M","M","$","?","?","E","R","$","T","M","R","?","?","?","R","BOSS"],"build_version":"2018-12-20","purchased_purges":0,"victory":true,"max_hp_per_floor":[80,80,80,80,80,80,80,80,80,80,80,85,85,85,85,85,90,93,98,104,104,104,104,104,104,104,104,104,104,104,104,104,104,104,107,107,107,107,107,107,107,107,107,107,107,107,107,107,107,110],"card_choices":[{"not_picked":["Battle Trance","Warcry"],"picked":"Cleave","floor":1},{"not_picked":["Bloodletting","Warcry"],"picked":"Havoc","floor":2},{"not_picked":["Clash","Rage"],"picked":"Second Wind","floor":7},{"not_picked":["Sword Boomerang","Pummel"],"picked":"Headbutt","floor":8},{"not_picked":["Berserk","Dark Embrace"],"picked":"Feed","floor":16},{"not_picked":["Power Through","Sword Boomerang"],"picked":"Headbutt","floor":17},{"not_picked":["Sever Soul","Clash+1"],"picked":"Shrug It Off+1","floor":18},{"not_picked":["Spot Weakness","Disarm+1"],"picked":"Clothesline+1","floor":20},{"not_picked":["Warcry+1","Anger"],"picked":"Immolate","floor":24},{"not_picked":["Heavy Blade+1","Iron Wave"],"picked":"Bludgeon","floor":25},{"not_picked":["Body Slam","Wild Strike","Perfected Strike"],"picked":"SKIP","floor":28},{"not_picked":["Reaper","Brutality"],"picked":"Bludgeon","floor":33},{"not_picked":["Clothesline+1","Searing Blow+1"],"picked":"Pommel Strike+1","floor":35},{"not_picked":["Fire Breathing+1","Headbutt"],"picked":"Armaments+1","floor":36},{"not_picked":["Flex+1","Perfected Strike+1"],"picked":"Pommel Strike+1","floor":38},{"not_picked":["Reckless Charge+1","Warcry"],"picked":"Feed+1","floor":40},{"not_picked":["Disarm+1","Flame Barrier"],"picked":"Sever Soul+1","floor":44}],"player_experience":10309,"relics_obtained":[{"floor":9,"key":"Kunai"},{"floor":10,"key":"Juzu Bracelet"},{"floor":25,"key":"Dodecahedron"},{"floor":26,"key":"Red Skull"},{"floor":38,"key":"Unceasing Top"},{"floor":40,"key":"Paper Frog"},{"floor":43,"key":"The Courier"},{"floor":46,"key":"Ancient Tea Set"}],"event_choices":[{"damage_healed":0,"gold_gain":0,"player_choice":"Success","damage_taken":7,"relics_obtained":["Happy Flower"],"max_hp_gain":0,"max_hp_loss":0,"event_name":"Scrap Ooze","floor":4,"gold_loss":0},{"damage_healed":0,"gold_gain":56,"player_choice":"Gained Gold","damage_taken":0,"max_hp_gain":0,"max_hp_loss":0,"event_name":"Golden Wing","floor":5,"gold_loss":0},{"damage_healed":0,"gold_gain":0,"player_choice":"Donut","damage_taken":0,"max_hp_gain":5,"max_hp_loss":0,"event_name":"Big Fish","floor":12,"gold_loss":0},{"damage_healed":0,"gold_gain":0,"player_choice":"Ignored","damage_taken":0,"max_hp_gain":0,"max_hp_loss":0,"event_name":"Liars Game","floor":14,"gold_loss":0},{"damage_healed":0,"gold_gain":0,"player_choice":"Shed Blood","damage_taken":23,"max_hp_gain":5,"max_hp_loss":0,"event_name":"Forgotten Altar","floor":19,"gold_loss":0},{"damage_healed":0,"gold_gain":0,"player_choice":"Joined the Cult","damage_taken":6,"max_hp_gain":0,"max_hp_loss":0,"event_name":"Nest","floor":21,"gold_loss":0,"cards_obtained":["RitualDagger"]},{"damage_healed":0,"gold_gain":0,"player_choice":"Bought 1 Potion","damage_taken":0,"max_hp_gain":0,"max_hp_loss":0,"event_name":"The Woman in Blue","floor":29,"gold_loss":0},{"cards_removed":["Second Wind"],"damage_healed":54,"gold_gain":0,"player_choice":"Offered Uncommon","damage_taken":0,"max_hp_gain":0,"max_hp_loss":0,"event_name":"Bonfire Elementals","floor":30,"gold_loss":0},{"damage_healed":0,"gold_gain":0,"player_choice":"Fight","damage_taken":0,"max_hp_gain":0,"max_hp_loss":0,"event_name":"MindBloom","floor":38,"gold_loss":0},{"cards_removed":["Finesse"],"damage_healed":0,"gold_gain":0,"player_choice":"Removed Skill","damage_taken":0,"max_hp_gain":0,"max_hp_loss":0,"event_name":"Falling","floor":39,"gold_loss":0},{"damage_healed":0,"gold_gain":0,"player_choice":"Ignored","damage_taken":0,"max_hp_gain":0,"max_hp_loss":0,"event_name":"Tomb of Lord Red Mask","floor":47,"gold_loss":0},{"damage_healed":0,"gold_gain":0,"player_choice":"Forge","damage_taken":0,"max_hp_gain":0,"max_hp_loss":0,"event_name":"Accursed Blacksmith","floor":48,"gold_loss":0,"cards_upgraded":["Immolate"]}],"is_beta":false,"boss_relics":[{"not_picked":["Astrolabe","Sozu"],"picked":"Tiny House"},{"not_picked":["Coffee Dripper","Empty Cage"],"picked":"Runic Pyramid"}],"items_purged_floors":[],"is_endless":false,"potions_floor_spawned":[2,7,8,20,24,33,35,36,40],"ascension_level":0}