{"gold_per_floor":[118,130,130,130,148,181,181,216,286,313,8,23,23,38,38,137,137,148,0,11,22,22,22,41,41,41,57,57],"floor_reached":28,"playtime":1923,"items_purged":["Strike_R"],"score":276,"play_id":"b46d18f6-059e-4c4e-a434-9e2c10bcdcaa","local_time":"20190228010833","is_ascension_mode":true,"campfire_choices":[{"data":"Entrench","floor":7,"key":"SMITH"},{"floor":15,"key":"REST"},{"data":"Infernal Blade","floor":23,"key":"SMITH"},{"data":"True Grit","floor":25,"key":"SMITH"}],"neow_cost":"TEN_PERCENT_HP_LOSS","seed_source_timestamp":342129108520672,"circlet_count":0,"master_deck":["Strike_R","Strike_R","Strike_R+1","Defend_R+1","Defend_R","Defend_R","Bash+1","Clash","Shrug It Off+1","Sword Boomerang","Entrench+1","Metallicize","True Grit+1","Infernal Blade+1","Spot Weakness","Immolate","Flex+1","Metallicize","Ghostly Armor+1","Heavy Blade","Iron Wave","Heavy Blade"],"relics":["Burning Blood","Happy Flower","War Paint","Whetstone","Matryoshka","Dead Branch","Pantograph","GremlinMask","Velvet Choker","Blood Vial"],"potions_floor_usage":[6,8,14,18,21,27,28],"damage_taken":[{"damage":3,"enemies":"2 Louse","floor":1,"turns":3},{"damage":8,"enemies":"Jaw Worm","floor":2,"turns":4},{"damage":1,"enemies":"Small Slimes","floor":5,"turns":4},{"damage":17,"enemies":"Lagavulin","floor":6,"turns":5},{"damage":19,"enemies":"3 Sentries","floor":8,"turns":11},{"damage":30,"enemies":"Lagavulin","floor":10,"turns":9},{"damage":0,"enemies":"Gremlin Gang","floor":12,"turns":5},{"damage":3,"enemies":"Lots of Slimes","floor":14,"turns":3},{"damage":37,"enemies":"Slime Boss","floor":16,"turns":12},{"damage":12,"enemies":"Shell Parasite","floor":18,"turns":5},{"damage":5,"enemies":"Spheric Guardian","floor":20,"turns":3},{"damage":29,"enemies":"Snecko","floor":21,"turns":4},{"damage":5,"enemies":"Centurion and Healer","floor":24,"turns":5},{"damage":25,"enemies":"Sentry and Sphere","floor":27,"turns":6},{"damage":36,"enemies":"Gremlin Leader","floor":28,"turns":6}],"seed_played":"-1205027097754190522","potions_obtained":[{"floor":5,"key":"Strength Potion"},{"floor":6,"key":"SteroidPotion"},{"floor":8,"key":"Explosive Potion"},{"floor":16,"key":"Energy Potion"},{"floor":20,"key":"Poison Potion"},{"floor":24,"key":"SteroidPotion"},{"floor":27,"key":"Explosive Potion"}],"is_trial":false,"path_per_floor":["M","M","?","T","M","E","R","E","T","E","$","M","?","M","R","B",null,"M","$","M","M","$","R","M","R","T","M","E"],"character_chosen":"IRONCLAD","items_purchased":["Pantograph","True Grit","Metallicize"],"campfire_rested":1,"item_purchase_floors":[11,11,19],"current_hp_per_floor":[72,70,75,75,77,66,66,53,53,29,29,35,35,38,61,46,77,71,71,72,49,49,49,50,50,50,33,0],"gold":57,"neow_bonus":"REMOVE_TWO","is_prod":false,"is_daily":false,"chose_seed":false,"campfire_upgraded":3,"win_rate":0,"timestamp":1551337713,"path_taken":["M","M","?","?","M","E","R","E","T","E","$","M","?","M","R","BOSS","M","$","?","M","$","R","?","R","T","M","E"],"build_version":"2019-01-23","purchased_purges":1,"victory":false,"max_hp_per_floor":[72,72,77,77,77,77,77,77,77,77,77,77,77,77,77,77,77,77,77,77,77,77,77,77,77,77,77,77],"card_choices":[{"not_picked":["Body Slam","Headbutt"],"picked":"Clash","floor":1},{"not_picked":["Perfected Strike","Clothesline"],"picked":"Shrug It Off","floor":2},{"not_picked":["Wild Strike","Feel No Pain"],"picked":"Sword Boomerang","floor":5},{"not_picked":["Armaments","Carnage"],"picked":"Entrench","floor":6},{"not_picked":["Feel No Pain","Infernal Blade"],"picked":"Metallicize","floor":8},{"not_picked":["Seeing Red","Wild Strike","Corruption"],"picked":"SKIP","floor":10},{"not_picked":["Cleave","Burning Pact"],"picked":"Infernal Blade","floor":12},{"not_picked":["Bludgeon","Sword Boomerang"],"picked":"Spot Weakness","floor":14},{"not_picked":["Fiend Fire","Brutality"],"picked":"Immolate","floor":16},{"not_picked":["Pommel Strike","Warcry+1"],"picked":"Flex+1","floor":18},{"not_picked":["Iron Wave","Thunderclap"],"picked":"Ghostly Armor+1","floor":20},{"not_picked":["Havoc","Rage+1"],"picked":"Heavy Blade","floor":21},{"not_picked":["Clothesline","Offering"],"picked":"Iron Wave","floor":24},{"not_picked":["Infernal Blade","Twin Strike"],"picked":"Heavy Blade","floor":27}],"player_experience":212222,"relics_obtained":[{"floor":4,"key":"Happy Flower"},{"floor":6,"key":"War Paint"},{"floor":8,"key":"Whetstone"},{"floor":9,"key":"Matryoshka"},{"floor":10,"key":"Dead Branch"},{"floor":26,"key":"Blood Vial"}],"event_choices":[{"damage_healed":0,"gold_gain":0,"player_choice":"Donut","damage_taken":0,"max_hp_gain":5,"max_hp_loss":0,"event_name":"Big Fish","floor":3,"gold_loss":0},{"damage_healed":0,"gold_gain":0,"player_choice":"Trade","damage_taken":0,"relics_obtained":["GremlinMask"],"max_hp_gain":0,"max_hp_loss":0,"event_name":"FaceTrader","floor":13,"gold_loss":0}],"is_beta":false,"boss_relics":[{"not_picked":["Lizard Tail","Fusion Hammer"],"picked":"Velvet Choker"}],"items_purged_floors":[19],"is_endless":false,"potions_floor_spawned":[5,6,8,16,20,24,27],"killed_by":"Gremlin Leader","ascension_level":3}