{"gold_per_floor":[109,13,32,50,50,50,50,75,123,123,146,179,179,179,179,179],"floor_reached":16,"playtime":1450,"items_purged":[],"score":90,"play_id":"ecbcf418-3301-4d74-8bc9-1049e2e48972","local_time":"20190126135718","is_ascension_mode":false,"campfire_choices":[{"data":"Discovery","floor":6,"key":"SMITH"},{"floor":10,"key":"REST"},{"data":"Buffer","floor":13,"key":"SMITH"},{"data":"Chill","floor":15,"key":"SMITH"}],"neow_cost":"NONE","seed_source_timestamp":12414745762578,"circlet_count":0,"master_deck":["Strike_B","Strike_B","Strike_B","Strike_B","Defend_B","Defend_B","Defend_B","Defend_B","Zap","Dualcast","Rebound","Discovery+1","Rebound","Buffer+1","BootSequence","Chill+1"],"relics":["Cracked Core","Golden Idol","Happy Flower","Odd Mushroom"],"potions_floor_usage":[16,16],"damage_taken":[{"damage":0,"enemies":"Small Slimes","floor":1,"turns":3},{"damage":8,"enemies":"2 Louse","floor":3,"turns":2},{"damage":1,"enemies":"Cultist","floor":4,"turns":3},{"damage":16,"enemies":"Lots of Slimes","floor":8,"turns":3},{"damage":0,"enemies":"3 Louse","floor":11,"turns":4},{"damage":7,"enemies":"The Mushroom Lair","floor":12,"turns":4},{"damage":0,"enemies":"Slime Boss","floor":16,"turns":4}],"seed_played":"4509822287647349731","potions_obtained":[{"floor":3,"key":"Explosive Potion"},{"floor":4,"key":"Block Potion"},{"floor":8,"key":"AttackPotion"},{"floor":12,"key":"SkillPotion"}],"is_trial":false,"path_per_floor":["M","$","M","M","?","R","$","M","T","R","M","?","R","?","R","B"],"character_chosen":"DEFECT","items_purchased":["Discovery"],"campfire_rested":1,"item_purchase_floors":[2],"current_hp_per_floor":[82,82,74,73,53,53,53,37,37,61,61,54,54,82,82,82],"gold":179,"neow_bonus":"TEN_PERCENT_HP_BONUS","is_prod":false,"is_daily":false,"chose_seed":false,"campfire_upgraded":3,"win_rate":0.0,"timestamp":1548507438,"path_taken":["M","$","M","M","?","R","$","M","T","R","M","?","R","?","R","BOSS"],"build_version":"2019-01-23","purchased_purges":0,"victory":false,"max_hp_per_floor":[82,82,82,82,82,82,82,82,82,82,82,82,82,82,82,82],"card_choices":[{"not_picked":["Redo","Turbo"],"picked":"Rebound","floor":1},{"not_picked":["Sweeping Beam","Steam"],"picked":"Rebound","floor":3},{"not_picked":["Redo","Sunder"],"picked":"Buffer","floor":4},{"not_picked":["Sunder","Auto Shields"],"picked":"BootSequence","floor":8},{"not_picked":["Redo","Ball Lightning"],"picked":"Chill","floor":11}],"player_experience":97711,"relics_obtained":[{"floor":9,"key":"Happy Flower"},{"floor":12,"key":"Odd Mushroom"}],"event_choices":[{"damage_healed":0,"gold_gain":0,"player_choice":"Take Damage","damage_taken":20,"relics_obtained":["Golden Idol"],"max_hp_gain":0,"max_hp_loss":0,"event_name":"Golden Idol","floor":5,"gold_loss":0},{"damage_healed":0,"gold_gain":0,"player_choice":"Fought Mushrooms","damage_taken":0,"max_hp_gain":0,"max_hp_loss":0,"event_name":"Mushrooms","floor":12,"gold_loss":0},{"damage_healed":28,"gold_gain":0,"player_choice":"Full Heal","damage_taken":0,"max_hp_gain":0,"max_hp_loss":0,"event_name":"Wheel of Change","floor":14,"gold_loss":0}],"is_beta":false,"boss_relics":[],"items_purged_floors":[],"is_endless":false,"potions_floor_spawned":[3,4,8,12],"killed_by":"Slime Boss","ascension_level":0}