{"gold_per_floor":[111,126,137,137,153,153,72,103,103,135,185,185,199,199,199,278,278,293,293,1,1,18,46,46,46],"floor_reached":25,"playtime":999,"items_purged":["Decay"],"score":401,"play_id":"20c77da1-1007-4274-a6e2-f5b6519af3e9","local_time":"20190201143414","is_ascension_mode":true,"campfire_choices":[{"data":"Neutralize","floor":6,"key":"SMITH"},{"floor":12,"key":"REST"},{"data":"Noxious Fumes","floor":15,"key":"SMITH"},{"floor":24,"key":"REST"}],"neow_cost":"PERCENT_DAMAGE","seed_source_timestamp":675779628449700,"circlet_count":0,"master_deck":["AscendersBane","Defend_G","Defend_G","Defend_G","Defend_G","Defend_G","Strike_G","Strike_G","Strike_G","Strike_G","Survivor","Neutralize+1","Poisoned Stab","Dash","Dagger Throw","Noxious Fumes+1","Acrobatics","Tools of the Trade+1","Decay","Writhe","Dagger Throw+1","Bandage Up","Dodge and Roll","Predator+1"],"relics":["Ring of the Snake","Torii","Dodecahedron","Singing Bowl","Bottled Tornado","Calling Bell","PreservedInsect","Meat on the Bone","Shovel","Membership Card","Bronze Scales","Juzu Bracelet"],"potions_floor_usage":[10,16,23],"damage_taken":[{"damage":1,"enemies":"Small Slimes","floor":1,"turns":3},{"damage":3,"enemies":"Jaw Worm","floor":2,"turns":8},{"damage":1,"enemies":"Cultist","floor":3,"turns":4},{"damage":1,"enemies":"2 Fungi Beasts","floor":5,"turns":5},{"damage":1,"enemies":"3 Sentries","floor":8,"turns":9},{"damage":9,"enemies":"Gremlin Nob","floor":10,"turns":4},{"damage":2,"enemies":"Exordium Thugs","floor":13,"turns":4},{"damage":7,"enemies":"Hexaghost","floor":16,"turns":10},{"damage":11,"enemies":"Chosen","floor":18,"turns":6},{"damage":23,"enemies":"2 Thieves","floor":22,"turns":5},{"damage":42,"enemies":"Slavers","floor":23,"turns":5},{"damage":51,"enemies":"Book of Stabbing","floor":25,"turns":4}],"seed_played":"-4048815445953618086","potions_obtained":[{"floor":2,"key":"LiquidBronze"},{"floor":13,"key":"Poison Potion"},{"floor":22,"key":"Fire Potion"}],"is_trial":false,"path_per_floor":["M","M","M","?","M","R","$","E","T","E","?","R","M","?","R","B",null,"M","?","$","?","M","E","R","E"],"character_chosen":"THE_SILENT","items_purchased":["Noxious Fumes","Membership Card","Bandage Up"],"campfire_rested":2,"item_purchase_floors":[7,20,20],"current_hp_per_floor":[43,40,39,39,38,38,38,37,37,30,24,44,44,49,49,42,67,56,56,56,56,49,23,45,0],"gold":46,"neow_bonus":"ONE_RARE_RELIC","is_prod":false,"is_daily":false,"chose_seed":false,"campfire_upgraded":2,"win_rate":0,"timestamp":1549002854,"path_taken":["M","M","M","?","M","R","$","E","T","E","?","R","?","?","R","BOSS","M","?","?","?","M","E","R","E"],"build_version":"2019-01-23","purchased_purges":1,"victory":false,"max_hp_per_floor":[66,66,66,66,66,66,66,66,66,68,68,68,70,75,75,75,75,75,75,75,75,75,75,75,75],"card_choices":[{"not_picked":["Underhanded Strike","Bane"],"picked":"Backflip","floor":1},{"not_picked":["Blur","Prepared"],"picked":"Poisoned Stab","floor":2},{"not_picked":["Endless Agony","Outmaneuver","Acrobatics"],"picked":"SKIP","floor":3},{"not_picked":["Accuracy","Dash"],"picked":"Dagger Throw","floor":5},{"not_picked":["Bane","Flying Knee"],"picked":"Acrobatics","floor":8},{"not_picked":["All Out Attack","Poisoned Stab","Blade Dance"],"picked":"Singing Bowl","floor":10},{"not_picked":["Distraction","Eviscerate","Outmaneuver"],"picked":"Singing Bowl","floor":13},{"not_picked":["Venomology","Grand Finale"],"picked":"Tools of the Trade","floor":16},{"not_picked":["Backflip","Bane"],"picked":"Dagger Throw+1","floor":18},{"not_picked":["Poisoned Stab","Riddle With Holes"],"picked":"Dodge and Roll","floor":22},{"not_picked":["All Out Attack","Venomology"],"picked":"Predator+1","floor":23}],"player_experience":680502,"relics_obtained":[{"floor":8,"key":"Dodecahedron"},{"floor":9,"key":"Singing Bowl"},{"floor":10,"key":"Bottled Tornado"},{"floor":17,"key":"PreservedInsect"},{"floor":17,"key":"Meat on the Bone"},{"floor":17,"key":"Shovel"},{"floor":23,"key":"Juzu Bracelet"}],"event_choices":[{"damage_healed":0,"gold_gain":0,"cards_transformed":["Strike_G"],"player_choice":"Change","damage_taken":0,"max_hp_gain":0,"max_hp_loss":0,"event_name":"Living Wall","floor":4,"gold_loss":0,"cards_obtained":["Dash"]},{"damage_healed":0,"gold_gain":50,"player_choice":"Touch","damage_taken":6,"max_hp_gain":0,"max_hp_loss":0,"event_name":"FaceTrader","floor":11,"gold_loss":0},{"damage_healed":0,"gold_gain":0,"player_choice":"Donut","damage_taken":0,"max_hp_gain":5,"max_hp_loss":0,"event_name":"Big Fish","floor":14,"gold_loss":0},{"damage_healed":0,"gold_gain":0,"player_choice":"Upgraded","damage_taken":0,"max_hp_gain":0,"max_hp_loss":0,"event_name":"Upgrade Shrine","floor":19,"gold_loss":0,"cards_upgraded":["Tools of the Trade"]},{"cards_removed":["Backflip"],"damage_healed":0,"gold_gain":0,"player_choice":"Gave Card","damage_taken":0,"relics_obtained":["Bronze Scales"],"max_hp_gain":0,"max_hp_loss":0,"event_name":"WeMeetAgain","floor":21,"gold_loss":0}],"is_beta":false,"boss_relics":[{"not_picked":["Ectoplasm","Lizard Tail"],"picked":"Calling Bell"}],"items_purged_floors":[20],"is_endless":false,"potions_floor_spawned":[2,13,22],"killed_by":"Book of Stabbing","ascension_level":15}