{"gold_per_floor":[113,38,48,48,48,81,97,97,97,97,121,121,134,152,152,276,276,297,297,297,297,310,310],"floor_reached":23,"playtime":1571,"items_purged":["Bash"],"score":248,"play_id":"3433c060-7ac3-4ef0-bd05-325885d398e8","local_time":"20181126192118","is_ascension_mode":true,"campfire_choices":[{"floor":8,"key":"RECALL"},{"data":"Defend_R","floor":10,"key":"SMITH"},{"data":"Uppercut","floor":12,"key":"SMITH"},{"data":"Shrug It Off","floor":15,"key":"SMITH"}],"neow_cost":"NONE","seed_source_timestamp":180918981796431,"circlet_count":0,"master_deck":["Strike_R","Strike_R","Strike_R","Strike_R","Strike_R","Defend_R","Defend_R","Defend_R","Defend_R+1","Uppercut+1","Shrug It Off+1"],"relics":["Burning Blood","NeowsBlessing","Golden Idol","The Courier","Fusion Hammer"],"potions_floor_usage":[16,16,16,23,23],"damage_taken":[{"damage":0,"enemies":"Cultist","floor":1,"turns":1},{"damage":0,"enemies":"2 Louse","floor":3,"turns":1},{"damage":0,"enemies":"Gremlin Nob","floor":6,"turns":1},{"damage":4,"enemies":"Small Slimes","floor":7,"turns":4},{"damage":3,"enemies":"Blue Slaver","floor":11,"turns":9},{"damage":0,"enemies":"3 Louse","floor":13,"turns":3},{"damage":23,"enemies":"Lots of Slimes","floor":14,"turns":7},{"damage":32,"enemies":"The Guardian","floor":16,"turns":15},{"damage":28,"enemies":"Shell Parasite","floor":18,"turns":6},{"damage":24,"enemies":"3 Byrds","floor":22,"turns":7},{"damage":38,"enemies":"Book of Stabbing","floor":23,"turns":5}],"seed_played":"7130525292041832363","potions_obtained":[{"floor":1,"key":"EssenceOfSteel"},{"floor":7,"key":"EssenceOfSteel"},{"floor":11,"key":"LiquidBronze"},{"floor":16,"key":"Weak Potion"},{"floor":18,"key":"PowerPotion"}],"is_trial":false,"path_per_floor":["M","$","M","?","?","E","M","R","T","R","M","R","M","M","R","B",null,"M","?","?","?","M","E"],"character_chosen":"IRONCLAD","items_purchased":[],"campfire_rested":0,"item_purchase_floors":[],"current_hp_per_floor":[80,80,80,85,64,70,72,72,72,72,75,75,81,64,64,38,85,63,63,63,55,37,0],"gold":310,"neow_bonus":"THREE_ENEMY_KILL","is_prod":false,"is_daily":false,"chose_seed":false,"campfire_upgraded":3,"win_rate":0,"timestamp":1543281678,"path_taken":["M","$","?","?","?","E","M","R","T","R","M","R","M","M","R","BOSS","M","?","?","?","?","E"],"build_version":"2018-11-15","purchased_purges":1,"victory":false,"max_hp_per_floor":[80,80,80,85,85,85,85,85,85,85,85,85,85,85,85,85,85,85,85,85,85,85,85],"card_choices":[{"not_picked":["Anger","Headbutt","Power Through"],"picked":"SKIP","floor":1},{"not_picked":["Perfected Strike","Twin Strike","Entrench"],"picked":"SKIP","floor":3},{"not_picked":["Armaments","Dark Embrace","Bloodletting"],"picked":"SKIP","floor":6},{"not_picked":["Perfected Strike","Armaments","Infernal Blade"],"picked":"SKIP","floor":7},{"not_picked":["Disarm","Rupture"],"picked":"Uppercut","floor":11},{"not_picked":["Dual Wield","Blood for Blood","Twin Strike"],"picked":"SKIP","floor":13},{"not_picked":["Reckless Charge","Searing Blow"],"picked":"Shrug It Off","floor":14},{"not_picked":["Anger+1","Clothesline","Carnage"],"picked":"SKIP","floor":18},{"not_picked":["Armaments","True Grit","Body Slam"],"picked":"SKIP","floor":22}],"player_experience":495358,"relics_obtained":[{"floor":6,"key":"The Courier"}],"event_choices":[{"damage_healed":0,"gold_gain":0,"player_choice":"Donut","damage_taken":0,"max_hp_gain":5,"max_hp_loss":0,"event_name":"Big Fish","floor":4,"gold_loss":0},{"damage_healed":0,"gold_gain":0,"player_choice":"Take Damage","damage_taken":21,"relics_obtained":["Golden Idol"],"max_hp_gain":0,"max_hp_loss":0,"event_name":"Golden Idol","floor":5,"gold_loss":0},{"damage_healed":0,"gold_gain":0,"player_choice":"Ignored","damage_taken":0,"max_hp_gain":0,"max_hp_loss":0,"event_name":"Ghosts","floor":19,"gold_loss":0},{"damage_healed":0,"gold_gain":0,"player_choice":"Ignored","damage_taken":0,"max_hp_gain":0,"max_hp_loss":0,"event_name":"Vampires","floor":20,"gold_loss":0},{"damage_healed":0,"gold_gain":0,"player_choice":"","damage_taken":8,"max_hp_gain":0,"max_hp_loss":0,"event_name":"Knowing Skull","floor":21,"potions_obtained":[],"gold_loss":0,"cards_obtained":[]}],"is_beta":false,"boss_relics":[{"not_picked":["Pandora\u0027s Box","Eternal Feather"],"picked":"Fusion Hammer"}],"items_purged_floors":[2],"is_endless":false,"potions_floor_spawned":[1,7,11,16,18],"killed_by":"Book of Stabbing","ascension_level":3}