{"gold_per_floor":[109,109,1,76,95,95,72,72,98,273,273,273,273,290,290,386,386,402,122,122,153,169,169,198,210],"floor_reached":25,"playtime":2883,"items_purged":[],"score":204,"play_id":"61eb7f59-728e-402b-8c15-471361c9ef56","local_time":"20190126133240","is_ascension_mode":false,"campfire_choices":[{"data":"Sunder","floor":6,"key":"SMITH"},{"data":"Storm","floor":8,"key":"SMITH"},{"data":"Tempest","floor":12,"key":"SMITH"},{"floor":15,"key":"REST"},{"data":"Darkness","floor":23,"key":"SMITH"}],"neow_cost":"NONE","seed_source_timestamp":9502492797995,"circlet_count":0,"master_deck":["Strike_B","Strike_B+1","Strike_B","Strike_B+1","Defend_B","Defend_B","Defend_B","Defend_B","Zap","Dualcast+1","Heatsinks+1","Sunder+1","Tempest+1","Storm+1","Coolheaded","Sweeping Beam","Rainbow","Double Energy+1","Defragment","Darkness+1","Genetic Algorithm+1","BootSequence+1"],"relics":["Cracked Core","Whetstone","Juzu Bracelet","Centennial Puzzle","Spirit Poop","MealTicket","Red Mask","MawBank"],"potions_floor_usage":[18,18,24,25],"damage_taken":[{"damage":1,"enemies":"Cultist","floor":1,"turns":3},{"damage":0,"enemies":"Jaw Worm","floor":5,"turns":4},{"damage":5,"enemies":"2 Louse","floor":14,"turns":2},{"damage":7,"enemies":"Slime Boss","floor":16,"turns":8},{"damage":2,"enemies":"Spheric Guardian","floor":18,"turns":4},{"damage":7,"enemies":"Masked Bandits","floor":21,"turns":3},{"damage":13,"enemies":"Shell Parasite","floor":22,"turns":4},{"damage":59,"enemies":"Book of Stabbing","floor":24,"turns":5},{"damage":4,"enemies":"Centurion and Healer","floor":25,"turns":3}],"seed_played":"7231882080758790063","potions_obtained":[{"floor":5,"key":"FocusPotion"},{"floor":14,"key":"FocusPotion"},{"floor":16,"key":"SkillPotion"},{"floor":18,"key":"Strength Potion"},{"floor":21,"key":"Strength Potion"},{"floor":22,"key":"FairyPotion"}],"is_trial":false,"path_per_floor":["M","T","$","?","M","R","$","R","T","?","?","R","?","M","R","B",null,"M","$","?","?","M","R","E","M"],"character_chosen":"DEFECT","items_purchased":["Sunder","Tempest","Coolheaded","MealTicket","Defragment"],"campfire_rested":1,"item_purchase_floors":[3,3,7,19,19],"current_hp_per_floor":[74,74,74,63,63,63,63,63,63,63,63,63,48,43,65,58,75,73,73,73,66,53,53,1,0],"gold":210,"neow_bonus":"RANDOM_COMMON_RELIC","is_prod":false,"is_daily":false,"chose_seed":false,"campfire_upgraded":4,"win_rate":0.0,"timestamp":1548505960,"path_taken":["M","?","$","?","M","R","$","R","T","?","?","R","?","M","R","BOSS","M","$","?","?","M","R","E","M"],"build_version":"2019-01-23","purchased_purges":0,"victory":false,"max_hp_per_floor":[75,75,75,75,75,75,75,75,75,75,75,75,75,75,75,75,75,75,75,75,75,75,75,75,75],"card_choices":[{"not_picked":["Streamline","Compile Driver"],"picked":"Heatsinks","floor":1},{"not_picked":["Auto Shields","Beam Cell"],"picked":"Storm","floor":5},{"not_picked":["Hologram","Leap"],"picked":"Sweeping Beam","floor":14},{"not_picked":["Fission","Biased Cognition"],"picked":"Rainbow","floor":16},{"not_picked":["Redo","Streamline"],"picked":"Double Energy+1","floor":18},{"not_picked":["Double Energy","Consume"],"picked":"Darkness","floor":21},{"not_picked":["Barrage","Cold Snap"],"picked":"Genetic Algorithm+1","floor":22},{"not_picked":["Compile Driver","Turbo"],"picked":"BootSequence+1","floor":24}],"player_experience":94828,"relics_obtained":[{"floor":2,"key":"Juzu Bracelet"},{"floor":9,"key":"Centennial Puzzle"},{"floor":21,"key":"Red Mask"},{"floor":24,"key":"MawBank"}],"event_choices":[{"damage_healed":0,"gold_gain":75,"player_choice":"Gather Gold","damage_taken":11,"max_hp_gain":0,"max_hp_loss":0,"event_name":"World of Goop","floor":4,"gold_loss":0},{"damage_healed":0,"gold_gain":175,"player_choice":"AGREE","damage_taken":0,"max_hp_gain":0,"max_hp_loss":0,"event_name":"Liars Game","floor":10,"gold_loss":0,"cards_obtained":["Doubt"]},{"cards_removed":["Doubt"],"damage_healed":0,"gold_gain":0,"player_choice":"Offered Curse","damage_taken":0,"relics_obtained":["Spirit Poop"],"max_hp_gain":0,"max_hp_loss":0,"event_name":"Bonfire Elementals","floor":11,"gold_loss":0},{"damage_healed":0,"gold_gain":0,"player_choice":"Entered Light","damage_taken":15,"max_hp_gain":0,"max_hp_loss":0,"event_name":"Shining Light","floor":13,"gold_loss":0,"cards_upgraded":["Heatsinks","Dualcast"]},{"damage_healed":0,"gold_gain":0,"player_choice":"Ignored","damage_taken":0,"max_hp_gain":0,"max_hp_loss":0,"event_name":"Vampires","floor":20,"gold_loss":0},{"damage_healed":0,"gold_gain":0,"player_choice":"Fought Bandits","damage_taken":0,"max_hp_gain":0,"max_hp_loss":0,"event_name":"Masked Bandits","floor":21,"gold_loss":0}],"is_beta":false,"boss_relics":[{"not_picked":["Fusion Hammer","Sozu","Snecko Eye"]}],"items_purged_floors":[],"is_endless":false,"potions_floor_spawned":[5,14,16,18,21,22],"killed_by":"Centurion and Healer","ascension_level":0}