{"gold_per_floor":[117,132,149,324,0,0,26,26,26,26,39,94,127,127,127,232,232,247,4,15,15,15,15,15,15,15,28,91,108,143,68,68,164,164,181,200,200,422,20,20,54,54,54,80,80,97,110,145,145,145,145,145,20,20],"floor_reached":54,"playtime":2631,"items_purged":["Doubt","Strike_B","Strike_B"],"score":1086,"play_id":"811f63e5-2513-4c3a-a517-3578b69fb65a","local_time":"20190202000826","is_ascension_mode":true,"campfire_choices":[{"data":"Zap","floor":6.0,"key":"SMITH"},{"data":"Redo","floor":8.0,"key":"SMITH"},{"floor":15.0,"key":"REST"},{"data":"Consume","floor":23.0,"key":"SMITH"},{"data":"Fission","floor":25.0,"key":"SMITH"},{"floor":32.0,"key":"REST"},{"floor":40.0,"key":"RECALL"},{"data":"Dualcast","floor":42.0,"key":"SMITH"},{"floor":49,"key":"REST"},{"floor":52,"key":"REST"}],"neow_cost":"NONE","seed_source_timestamp":708586110642000,"circlet_count":0,"master_deck":["Strike_B","Defend_B","Defend_B","Defend_B","Defend_B","Zap+1","Dualcast+1","Melter","Redo+1","Sunder","Coolheaded","Sunder+1","Consume+1","Go for the Eyes+1","Fission+1","Ball Lightning+1","Conserve Battery","RitualDagger+1","Rebound+1","Machine Learning","Glacier","Multi-Cast","Force Field","Meteor Strike+1","Doom and Gloom+1"],"special_seed":0,"relics":["FrozenCore","Bronze Scales","Runic Capacitor","Thread and Needle","Molten Egg 2","Pantograph","Orichalcum","Bag of Preparation","Symbiotic Virus","Tiny Chest","Red Mask","Snecko Eye","Dodecahedron","Turnip","Art of War","Blue Candle"],"potions_floor_usage":[47],"damage_taken":[{"damage":4.0,"enemies":"Small Slimes","floor":1.0,"turns":3.0},{"damage":2.0,"enemies":"Jaw Worm","floor":2.0,"turns":3.0},{"damage":1.0,"enemies":"2 Louse","floor":3.0,"turns":2.0},{"damage":30.0,"enemies":"Lagavulin","floor":7.0,"turns":7.0},{"damage":4.0,"enemies":"Large Slime","floor":11.0,"turns":4.0},{"damage":33.0,"enemies":"Lagavulin Event","floor":12.0,"turns":4.0},{"damage":6.0,"enemies":"3 Sentries","floor":13.0,"turns":4.0},{"damage":25.0,"enemies":"Slime Boss","floor":16.0,"turns":8.0},{"damage":0.0,"enemies":"Chosen","floor":18.0,"turns":7.0},{"damage":0.0,"enemies":"3 Byrds","floor":20.0,"turns":3.0},{"damage":0.0,"enemies":"Cultist and Chosen","floor":27.0,"turns":5.0},{"damage":19.0,"enemies":"Slavers","floor":28.0,"turns":5.0},{"damage":14.0,"enemies":"Snake Plant","floor":29.0,"turns":4.0},{"damage":0.0,"enemies":"Masked Bandits","floor":30.0,"turns":3.0},{"damage":0.0,"enemies":"Automaton","floor":33.0,"turns":9.0},{"damage":0.0,"enemies":"Orb Walker","floor":35.0,"turns":3.0},{"damage":4.0,"enemies":"3 Darklings","floor":36.0,"turns":5.0},{"damage":0.0,"enemies":"Reptomancer","floor":41.0,"turns":6.0},{"damage":17,"enemies":"Nemesis","floor":44,"turns":7},{"damage":12,"enemies":"Maw","floor":46,"turns":7},{"damage":0,"enemies":"Writhing Mass","floor":47,"turns":4},{"damage":0,"enemies":"Giant Head","floor":48,"turns":8},{"damage":22,"enemies":"Time Eater","floor":50,"turns":14},{"damage":81,"enemies":"Shield and Spear","floor":54,"turns":5}],"seed_played":"-1188687170451946534","potions_obtained":[{"floor":1.0,"key":"Swift Potion"},{"floor":3.0,"key":"FairyPotion"},{"floor":12.0,"key":"FocusPotion"},{"floor":13.0,"key":"SneckoOil"},{"floor":18.0,"key":"EssenceOfSteel"},{"floor":28.0,"key":"SpeedPotion"},{"floor":29.0,"key":"SneckoOil"},{"floor":44,"key":"Poison Potion"},{"floor":47,"key":"PowerPotion"}],"is_trial":false,"path_per_floor":["M","M","M","?","$","R","E","R","T","$","M","?","E","?","R","B",null,"M","$","M","?","?","R","?","R","T","M","E","M","?","?","R","B",null,"M","M","?","?","$","R","E","R","T","E","?","M","M","E","R","B",null,"R","$","E"],"character_chosen":"DEFECT","items_purchased":["Explosive Potion","Runic Capacitor","Bag of Preparation","Meteor Strike+1","Dodecahedron"],"campfire_rested":4,"item_purchase_floors":[5,5,19,39,39],"current_hp_per_floor":[71,69,68,68,68,68,38,38,38,38,34,1,7,7,29,29,64,64,64,64,58,58,58,58,58,58,58,39,25,25,25,47,72,74,74,70,70,70,70,70,70,70,70,53,53,41,41,41,62,49,66,71,71,0],"gold":20,"neow_bonus":"RANDOM_COMMON_RELIC","is_prod":false,"is_daily":false,"chose_seed":false,"campfire_upgraded":5,"win_rate":0,"timestamp":1549037306,"path_taken":["M","M","M","?","$","R","E","R","T","$","M","?","E","?","R","BOSS","M","$","M","?","?","R","?","R","T","?","E","M","?","?","R","BOSS","M","M","?","?","?","R","E","R","T","E","?","M","?","E","R","BOSS","R","$","E"],"build_version":"2019-01-23","purchased_purges":3,"victory":false,"max_hp_per_floor":[75,75,75,75,75,75,75,75,75,75,75,75,75,75,75,75,75,75,75,75,75,75,75,75,75,75,75,75,75,75,75,75,75,75,75,75,71,71,71,71,71,71,71,71,71,71,71,71,71,71,71,71,71,71],"card_choices":[{"not_picked":["Double Energy","Stack"],"picked":"Melter","floor":1.0},{"not_picked":["Sweeping Beam","Stack"],"picked":"Redo","floor":2.0},{"not_picked":["Conserve Battery","Leap"],"picked":"Sunder","floor":3.0},{"not_picked":["Sweeping Beam","Beam Cell"],"picked":"Coolheaded","floor":7.0},{"not_picked":["Compile Driver+1","Capacitor"],"picked":"Sunder+1","floor":11.0},{"not_picked":["Blizzard+1","Hologram"],"picked":"Consume","floor":12.0},{"not_picked":["Tempest","Turbo"],"picked":"Go for the Eyes+1","floor":13.0},{"not_picked":["Multi-Cast","Reboot"],"picked":"Fission","floor":16.0},{"not_picked":["Undo","Steam"],"picked":"Ball Lightning+1","floor":18.0},{"not_picked":["Streamline+1","Stack"],"picked":"Conserve Battery","floor":20.0},{"not_picked":["Compile Driver+1","Streamline+1","Stack"],"picked":"SKIP","floor":27.0},{"not_picked":["Barrage+1","Rebound+1"],"picked":"Machine Learning","floor":28.0},{"not_picked":["Sweeping Beam+1","Stack+1","Turbo"],"picked":"SKIP","floor":29.0},{"not_picked":["Hologram+1","Coolheaded"],"picked":"Glacier","floor":30.0},{"not_picked":["Amplify","Core Surge+1"],"picked":"Multi-Cast","floor":33.0},{"not_picked":["Reprogram","Steam"],"picked":"Force Field","floor":35.0},{"not_picked":["Sweeping Beam+1","Conserve Battery","FTL+1"],"picked":"SKIP","floor":36.0},{"not_picked":["Beam Cell+1","Reprogram","Compile Driver+1"],"picked":"SKIP","floor":41.0},{"not_picked":["Recycle","Consume+1","Fission"],"picked":"SKIP","floor":44},{"not_picked":["Turbo","Auto Shields+1","Stack"],"picked":"SKIP","floor":46},{"not_picked":["Lockon+1","Conserve Battery","Leap"],"picked":"SKIP","floor":47},{"not_picked":["Go for the Eyes+1","Melter+1"],"picked":"Doom and Gloom+1","floor":48}],"player_experience":682574,"relics_obtained":[{"floor":7.0,"key":"Thread and Needle"},{"floor":9.0,"key":"Molten Egg 2"},{"floor":12.0,"key":"Pantograph"},{"floor":13.0,"key":"Orichalcum"},{"floor":26.0,"key":"Symbiotic Virus"},{"floor":28.0,"key":"Tiny Chest"},{"floor":30.0,"key":"Red Mask"},{"floor":41.0,"key":"Turnip"},{"floor":44,"key":"Art of War"},{"floor":48,"key":"Blue Candle"}],"event_choices":[{"damage_healed":0.0,"max_hp_gain":0.0,"max_hp_loss":0.0,"gold_gain":175.0,"event_name":"Liars Game","player_choice":"AGREE","floor":4.0,"gold_loss":0.0,"damage_taken":0.0,"cards_obtained":["Doubt"]},{"damage_healed":0.0,"max_hp_gain":0.0,"max_hp_loss":0.0,"gold_gain":0.0,"event_name":"Dead Adventurer","player_choice":"Searched \u00271\u0027 times","floor":12.0,"gold_loss":0.0,"damage_taken":0.0},{"damage_healed":0.0,"max_hp_gain":0.0,"max_hp_loss":0.0,"gold_gain":0.0,"event_name":"Shining Light","player_choice":"Ignored","floor":14.0,"gold_loss":0.0,"damage_taken":0.0},{"damage_healed":0.0,"max_hp_gain":0.0,"max_hp_loss":0.0,"gold_gain":0.0,"event_name":"Nest","player_choice":"Joined the Cult","floor":21.0,"gold_loss":0.0,"damage_taken":6.0,"cards_obtained":["RitualDagger"]},{"damage_healed":0.0,"max_hp_gain":0.0,"max_hp_loss":0.0,"gold_gain":0.0,"event_name":"Ghosts","player_choice":"Ignored","floor":22.0,"gold_loss":0.0,"damage_taken":0.0},{"damage_healed":0.0,"max_hp_gain":0.0,"max_hp_loss":0.0,"gold_gain":0.0,"event_name":"The Library","player_choice":"Read","floor":24.0,"gold_loss":0.0,"damage_taken":0.0,"cards_obtained":["Rebound"]},{"damage_healed":0.0,"max_hp_gain":0.0,"max_hp_loss":0.0,"gold_gain":0.0,"event_name":"Masked Bandits","player_choice":"Fought Bandits","floor":30.0,"gold_loss":0.0,"damage_taken":0.0},{"cards_removed":["Strike_B"],"damage_healed":0.0,"max_hp_gain":0.0,"max_hp_loss":0.0,"gold_gain":0.0,"event_name":"Beggar","player_choice":"Gave Gold","floor":31.0,"gold_loss":75.0,"damage_taken":0.0},{"damage_healed":0.0,"max_hp_gain":0.0,"max_hp_loss":4.0,"gold_gain":0.0,"event_name":"Winding Halls","player_choice":"Max HP","floor":37.0,"gold_loss":0.0,"damage_taken":0.0},{"damage_healed":0.0,"max_hp_gain":0.0,"max_hp_loss":0.0,"gold_gain":222.0,"event_name":"Tomb of Lord Red Mask","player_choice":"Wore Mask","floor":38.0,"gold_loss":0.0,"damage_taken":0.0},{"damage_healed":0,"gold_gain":0,"player_choice":"0 cards matched","damage_taken":0,"max_hp_gain":0,"max_hp_loss":0,"event_name":"Match and Keep!","floor":45,"gold_loss":0,"cards_obtained":[]}],"is_beta":false,"boss_relics":[{"not_picked":["Black Star","Astrolabe"],"picked":"FrozenCore"},{"not_picked":["Philosopher\u0027s Stone","Busted Crown"],"picked":"Snecko Eye"}],"items_purged_floors":[5,19,53],"is_endless":false,"potions_floor_spawned":[1,3,12,13,18,28,29,44,47],"killed_by":"Shield and Spear","ascension_level":5}