{"gold_per_floor":[115,95,110,125,142,174,174,73,154,181,26,36,36,1,1,97,97,110,110,130,130,55,80,95,95,122,122,148,148,148,168,168,265,265,280,87,104,29,44,44,56,56,56,69,86,111,130,149,149,149],"floor_reached":50,"playtime":4623,"items_purged":["Strike_R"],"score":857,"play_id":"458c3f6f-3865-4db0-a9fd-0debd1427815","local_time":"20190301155521","is_ascension_mode":true,"campfire_choices":[{"data":"Uppercut","floor":13.0,"key":"SMITH"},{"data":"Armaments","floor":15.0,"key":"SMITH"},{"data":"Dark Embrace","floor":25.0,"key":"SMITH"},{"data":"True Grit","floor":27.0,"key":"SMITH"},{"data":"Metallicize","floor":29.0,"key":"SMITH"},{"data":"Feel No Pain","floor":32.0,"key":"SMITH"},{"data":"Juggernaut","floor":40.0,"key":"SMITH"},{"data":"Uppercut","floor":42.0,"key":"SMITH"},{"floor":49.0,"key":"RECALL"}],"neow_cost":"PERCENT_DAMAGE","seed_source_timestamp":1257775266183821,"circlet_count":0,"master_deck":["Strike_R","Strike_R","Defend_R","Defend_R","Defend_R","Defend_R","Bash+1","Fiend Fire","Twin Strike","Iron Wave","Battle Trance","Offering","Pommel Strike","Uppercut+1","Armaments+1","Shrug It Off","Evolve","Power Through","Dark Embrace+1","Pommel Strike","True Grit+1","Shockwave+1","Metallicize+1","Corruption+1","Feel No Pain+1","Cleave","Exhume+1","Uppercut+1","Entrench+1","Juggernaut+1","Parasite","True Grit+1","Spot Weakness+1","Immolate","Power Through+1","Infernal Blade+1"],"special_seed":0,"relics":["Burning Blood","Shovel","Shuriken","Anchor","Velvet Choker","Red Skull","Centennial Puzzle","PreservedInsect","Toxic Egg 2","Eternal Feather","Lee\u0027s Waffle","Ancient Tea Set"],"potions_floor_usage":[50,50,50],"damage_taken":[{"damage":2.0,"enemies":"2 Louse","floor":1.0,"turns":3.0},{"damage":1.0,"enemies":"Cultist","floor":3.0,"turns":3.0},{"damage":7.0,"enemies":"Small Slimes","floor":4.0,"turns":3.0},{"damage":3.0,"enemies":"Blue Slaver","floor":5.0,"turns":2.0},{"damage":26.0,"enemies":"Lagavulin","floor":6.0,"turns":6.0},{"damage":6.0,"enemies":"Gremlin Nob","floor":10.0,"turns":2.0},{"damage":0.0,"enemies":"3 Louse","floor":12.0,"turns":3.0},{"damage":37.0,"enemies":"Slime Boss","floor":16.0,"turns":12.0},{"damage":6.0,"enemies":"2 Thieves","floor":18.0,"turns":4.0},{"damage":13.0,"enemies":"Spheric Guardian","floor":20.0,"turns":4.0},{"damage":17.0,"enemies":"Book of Stabbing","floor":23.0,"turns":6.0},{"damage":10.0,"enemies":"Centurion and Healer","floor":24.0,"turns":4.0},{"damage":6.0,"enemies":"Gremlin Leader","floor":28.0,"turns":3.0},{"damage":6.0,"enemies":"3 Cultists","floor":31.0,"turns":5.0},{"damage":24.0,"enemies":"Collector","floor":33.0,"turns":10.0},{"damage":10.0,"enemies":"Orb Walker","floor":35.0,"turns":5.0},{"damage":15.0,"enemies":"3 Shapes","floor":37.0,"turns":6.0},{"damage":6.0,"enemies":"Sphere and 2 Shapes","floor":39.0,"turns":6.0},{"damage":24.0,"enemies":"Maw","floor":41.0,"turns":6.0},{"damage":18.0,"enemies":"Writhing Mass","floor":44.0,"turns":7.0},{"damage":0.0,"enemies":"4 Shapes","floor":45.0,"turns":8.0},{"damage":57.0,"enemies":"Reptomancer","floor":46.0,"turns":8.0},{"damage":19.0,"enemies":"Maw","floor":47.0,"turns":7.0},{"damage":2.0,"enemies":"Writhing Mass","floor":48.0,"turns":5.0},{"damage":66,"enemies":"Awakened One","floor":50,"turns":4}],"seed_played":"8582645352553842918","potions_obtained":[{"floor":1.0,"key":"Energy Potion"},{"floor":2.0,"key":"SkillPotion"},{"floor":3.0,"key":"Weak Potion"},{"floor":5.0,"key":"FearPotion"},{"floor":6.0,"key":"Dexterity Potion"},{"floor":16.0,"key":"LiquidBronze"},{"floor":20.0,"key":"LiquidBronze"},{"floor":23.0,"key":"SkillPotion"},{"floor":28.0,"key":"Dexterity Potion"},{"floor":35.0,"key":"SpeedPotion"},{"floor":37.0,"key":"LiquidBronze"},{"floor":41.0,"key":"PowerPotion"},{"floor":46.0,"key":"Regen Potion"},{"floor":47.0,"key":"Strength Potion"},{"floor":48.0,"key":"LiquidBronze"}],"is_trial":false,"path_per_floor":["M","?","M","M","M","E","?","$","T","E","$","M","R","?","R","B",null,"M","?","M","?","?","E","M","R","T","R","E","R","?","M","R","B",null,"M","$","M","$","M","R","M","R","T","M","M","E","M","M","R","B"],"character_chosen":"IRONCLAD","items_purchased":["Uppercut","Armaments","Evolve","Lee\u0027s Waffle","Entrench+1"],"campfire_rested":0,"item_purchase_floors":[8,8,11,36,38],"current_hp_per_floor":[55,55,60,59,62,42,42,42,42,42,42,48,48,68,68,37,69,69,69,62,62,62,51,47,47,47,47,47,47,47,47,47,29,67,63,87,78,78,78,87,69,87,87,75,81,30,32,36,57,0],"gold":149,"neow_bonus":"THREE_RARE_CARDS","is_prod":false,"is_daily":false,"chose_seed":false,"campfire_upgraded":8,"win_rate":0,"timestamp":1551484521,"path_taken":["M","?","?","M","M","E","?","$","T","E","$","M","R","?","R","BOSS","M","?","M","?","?","E","M","R","T","R","E","R","?","?","R","BOSS","M","$","M","$","M","R","M","R","T","M","M","E","?","?","R","BOSS"],"build_version":"2019-01-23","purchased_purges":1,"victory":false,"max_hp_per_floor":[80,80,80,80,80,80,80,80,80,80,80,80,80,80,80,80,80,80,80,80,80,80,80,80,80,80,80,80,80,80,80,80,80,80,80,87,87,87,87,87,87,87,87,87,87,87,87,87,87,87],"card_choices":[{"not_picked":["Demon Form","Juggernaut"],"picked":"Fiend Fire","floor":0.0},{"not_picked":["Carnage","Thunderclap"],"picked":"Twin Strike","floor":1.0},{"not_picked":["Armaments","Hemokinesis"],"picked":"Iron Wave","floor":3.0},{"not_picked":["Heavy Blade","Headbutt"],"picked":"Battle Trance","floor":4.0},{"not_picked":["Seeing Red","Heavy Blade"],"picked":"Offering","floor":5.0},{"not_picked":["Flex","Iron Wave"],"picked":"Pommel Strike","floor":6.0},{"not_picked":["Seeing Red","Headbutt"],"picked":"Shrug It Off","floor":10.0},{"not_picked":["Cleave","Juggernaut"],"picked":"Power Through","floor":12.0},{"not_picked":["Double Tap","Fiend Fire"],"picked":"Dark Embrace","floor":16.0},{"not_picked":["Warcry+1","Rupture"],"picked":"Pommel Strike","floor":18.0},{"not_picked":["Anger","Warcry"],"picked":"True Grit","floor":20.0},{"not_picked":["Dropkick","Clash"],"picked":"Shockwave+1","floor":23.0},{"not_picked":["Shrug It Off+1","Twin Strike"],"picked":"Metallicize","floor":24.0},{"not_picked":["Perfected Strike","Warcry"],"picked":"Corruption+1","floor":28.0},{"not_picked":["Twin Strike","Shockwave+1"],"picked":"Cleave","floor":31.0},{"not_picked":["Offering+1","Barricade"],"picked":"Exhume+1","floor":33.0},{"not_picked":["Havoc+1","Flex+1","Iron Wave+1"],"picked":"SKIP","floor":35.0},{"not_picked":["Battle Trance+1","Clothesline"],"picked":"Uppercut","floor":37.0},{"not_picked":["Flex+1","Inflame"],"picked":"Juggernaut","floor":39.0},{"not_picked":["Wild Strike","Fire Breathing+1","Pommel Strike"],"picked":"SKIP","floor":41.0},{"not_picked":["Rage+1","Heavy Blade+1"],"picked":"True Grit+1","floor":44.0},{"not_picked":["Uppercut","Perfected Strike+1"],"picked":"Spot Weakness+1","floor":45.0},{"not_picked":["Battle Trance+1","Thunderclap"],"picked":"Immolate","floor":46.0},{"not_picked":["Armaments+1","Clash"],"picked":"Power Through+1","floor":47.0},{"not_picked":["Hemokinesis+1","Pommel Strike+1"],"picked":"Infernal Blade+1","floor":48.0}],"player_experience":504617,"relics_obtained":[{"floor":6.0,"key":"Shovel"},{"floor":9.0,"key":"Shuriken"},{"floor":10.0,"key":"Anchor"},{"floor":23.0,"key":"Centennial Puzzle"},{"floor":26.0,"key":"PreservedInsect"},{"floor":28.0,"key":"Toxic Egg 2"},{"floor":46.0,"key":"Ancient Tea Set"}],"event_choices":[{"damage_healed":0.0,"max_hp_gain":0.0,"max_hp_loss":0.0,"gold_gain":0.0,"event_name":"The Woman in Blue","player_choice":"Bought 1 Potion","floor":2.0,"gold_loss":0.0,"damage_taken":0.0},{"damage_healed":0.0,"max_hp_gain":0.0,"max_hp_loss":0.0,"gold_gain":0.0,"event_name":"Living Wall","player_choice":"Grow","floor":7.0,"gold_loss":0.0,"damage_taken":0.0,"cards_upgraded":["Bash"]},{"damage_healed":20.0,"max_hp_gain":0.0,"max_hp_loss":0.0,"gold_gain":0.0,"event_name":"The Cleric","player_choice":"Healed","floor":14.0,"gold_loss":35.0,"damage_taken":0.0},{"damage_healed":0.0,"max_hp_gain":0.0,"max_hp_loss":0.0,"gold_gain":0.0,"event_name":"The Mausoleum","player_choice":"Opened","floor":19.0,"gold_loss":0.0,"damage_taken":0.0,"relics_obtained":["Red Skull"]},{"damage_healed":0.0,"max_hp_gain":0.0,"max_hp_loss":0.0,"gold_gain":0.0,"event_name":"Ghosts","player_choice":"Ignored","floor":21.0,"gold_loss":0.0,"damage_taken":0.0},{"cards_removed":["Strike_R"],"damage_healed":0.0,"max_hp_gain":0.0,"max_hp_loss":0.0,"gold_gain":0.0,"event_name":"Beggar","player_choice":"Gave Gold","floor":22.0,"gold_loss":75.0,"damage_taken":0.0},{"damage_healed":0.0,"max_hp_gain":0.0,"max_hp_loss":0.0,"gold_gain":0.0,"cards_transformed":["Strike_R"],"event_name":"Transmorgrifier","player_choice":"Transformed","floor":30.0,"gold_loss":0.0,"damage_taken":0.0,"cards_obtained":["Feel No Pain"]}],"is_beta":false,"boss_relics":[{"not_picked":["Runic Cube","Coffee Dripper"],"picked":"Velvet Choker"},{"not_picked":["Astrolabe","Runic Dome"],"picked":"Eternal Feather"}],"items_purged_floors":[11],"is_endless":false,"potions_floor_spawned":[1,3,5,6,16,20,23,28,35,37,41,46,47,48],"killed_by":"Awakened One","ascension_level":9}