{"gold_per_floor":[369,380,56,72,85,112,112,139,139,139,64,84,259,290,290,388,388,398,42,61,81,81,81,100,120,120,138,13,13,13,13,13,13],"floor_reached":33,"playtime":1496,"items_purged":["Strike_R","Strike_R","Doubt"],"score":320,"play_id":"83615280-1253-4f03-a946-8387bcda34dd","local_time":"20190221023117","is_ascension_mode":true,"campfire_choices":[{"floor":7,"key":"REST"},{"floor":10,"key":"REST"},{"floor":15,"key":"REST"},{"floor":23,"key":"REST"},{"floor":32,"key":"REST"}],"neow_cost":"PERCENT_DAMAGE","seed_source_timestamp":337007124180129,"circlet_count":0,"master_deck":["Strike_R","Defend_R","Defend_R","Defend_R","Defend_R","Bash","Flex","True Grit","Inflame","Heavy Blade","Inflame","Warcry","Thunderclap","Shockwave","Pummel","Immolate","Sentinel+1","Spot Weakness","Warcry+1","Shame","True Grit","Flex","Heavy Blade+1","Rage","Uppercut+1"],"relics":["Burning Blood","Question Card","Pantograph","Ornamental Fan","Bottled Lightning","Letter Opener","Mark of Pain","Matryoshka","Dream Catcher","Gremlin Horn","Molten Egg 2"],"potions_floor_usage":[5,6,14,25,27,30,30],"damage_taken":[{"damage":13,"enemies":"Jaw Worm","floor":1,"turns":5},{"damage":3,"enemies":"2 Louse","floor":2,"turns":3},{"damage":5,"enemies":"Small Slimes","floor":4,"turns":4},{"damage":7,"enemies":"Looter","floor":5,"turns":3},{"damage":20,"enemies":"Gremlin Nob","floor":6,"turns":4},{"damage":45,"enemies":"3 Sentries","floor":8,"turns":8},{"damage":4,"enemies":"2 Fungi Beasts","floor":12,"turns":4},{"damage":32,"enemies":"Gremlin Nob","floor":14,"turns":4},{"damage":62,"enemies":"The Guardian","floor":16,"turns":11},{"damage":18,"enemies":"Shell Parasite","floor":18,"turns":5},{"damage":18,"enemies":"3 Byrds","floor":20,"turns":5},{"damage":13,"enemies":"Snecko","floor":21,"turns":5},{"damage":14,"enemies":"3 Cultists","floor":24,"turns":4},{"damage":9,"enemies":"Snake Plant","floor":25,"turns":3},{"damage":35,"enemies":"Cultist and Chosen","floor":27,"turns":7},{"damage":9,"enemies":"Colosseum Slavers","floor":30,"turns":3},{"damage":85,"enemies":"Champ","floor":33,"turns":8}],"seed_played":"-2480112321779716412","potions_obtained":[{"floor":1,"key":"Energy Potion"},{"floor":2,"key":"Block Potion"},{"floor":12,"key":"GamblersBrew"},{"floor":14,"key":"Weak Potion"},{"floor":20,"key":"Weak Potion"},{"floor":24,"key":"GamblersBrew"},{"floor":25,"key":"EssenceOfSteel"}],"is_trial":false,"path_per_floor":["M","M","$","M","M","E","R","E","T","R","$","M","?","E","R","B",null,"M","$","M","M","?","R","M","M","T","M","$","?","?","$","R","B"],"character_chosen":"IRONCLAD","items_purchased":["Inflame","Question Card","Matryoshka"],"campfire_rested":5,"item_purchase_floors":[3,3,19],"current_hp_per_floor":[49,52,52,53,52,38,62,23,23,47,47,49,49,23,47,16,80,68,68,56,49,49,73,65,62,62,33,33,33,30,30,54,0],"gold":13,"neow_bonus":"TWO_FIFTY_GOLD","is_prod":false,"is_daily":false,"chose_seed":false,"campfire_upgraded":0,"win_rate":0,"timestamp":1550683877,"path_taken":["M","M","$","M","M","E","R","E","T","R","$","M","?","E","R","BOSS","M","$","M","M","?","R","M","M","T","M","$","?","?","$","R","BOSS"],"build_version":"2019-01-23","purchased_purges":3,"victory":false,"max_hp_per_floor":[80,80,80,80,80,80,80,80,80,80,80,80,80,80,80,80,80,80,80,80,80,80,80,80,80,80,80,80,80,80,80,80,80],"card_choices":[{"not_picked":["Disarm","Havoc"],"picked":"Flex","floor":1},{"not_picked":["Perfected Strike","Ghostly Armor"],"picked":"True Grit","floor":2},{"not_picked":["Cleave","Body Slam","Metallicize"],"picked":"Heavy Blade","floor":4},{"not_picked":["Heavy Blade","Reckless Charge","Pommel Strike"],"picked":"Inflame","floor":5},{"not_picked":["True Grit","Disarm","Intimidate"],"picked":"Warcry","floor":6},{"not_picked":["Bludgeon","Second Wind","Reckless Charge"],"picked":"Thunderclap","floor":8},{"not_picked":["Wild Strike","Rupture","Body Slam"],"picked":"Shockwave","floor":12},{"not_picked":["Iron Wave","Cleave","Twin Strike"],"picked":"Pummel","floor":14},{"not_picked":["Barricade","Juggernaut","Berserk"],"picked":"Immolate","floor":16},{"not_picked":["Body Slam","Cleave","Intimidate"],"picked":"Sentinel+1","floor":18},{"not_picked":["Reckless Charge","Twin Strike","Clash+1"],"picked":"Spot Weakness","floor":20},{"not_picked":["Infernal Blade+1","Havoc","Cleave"],"picked":"Warcry+1","floor":21},{"not_picked":["Iron Wave+1","Barricade","Disarm"],"picked":"True Grit","floor":23},{"not_picked":["Iron Wave","Sword Boomerang","Cleave"],"picked":"Flex","floor":24},{"not_picked":["Havoc","Pummel","Disarm","Entrench"],"picked":"SKIP","floor":25},{"not_picked":["Thunderclap+1","Warcry","Anger+1","Searing Blow+1"],"picked":"SKIP","floor":27},{"not_picked":["Carnage+1","Pommel Strike+1","Iron Wave+1"],"picked":"Uppercut+1","floor":32}],"player_experience":13485,"relics_obtained":[{"floor":6,"key":"Pantograph"},{"floor":8,"key":"Ornamental Fan"},{"floor":9,"key":"Bottled Lightning"},{"floor":14,"key":"Letter Opener"},{"floor":26,"key":"Gremlin Horn"},{"floor":26,"key":"Molten Egg 2"}],"event_choices":[{"damage_healed":0,"gold_gain":175,"player_choice":"AGREE","damage_taken":0,"max_hp_gain":0,"max_hp_loss":0,"event_name":"Liars Game","floor":13,"gold_loss":0,"cards_obtained":["Doubt"]},{"damage_healed":0,"gold_gain":0,"player_choice":"Stole Relic","damage_taken":0,"relics_obtained":["Dream Catcher"],"max_hp_gain":0,"max_hp_loss":0,"event_name":"Addict","floor":22,"gold_loss":0,"cards_obtained":["Shame"]},{"damage_healed":0,"gold_gain":0,"cards_transformed":["Strike_R","Strike_R"],"player_choice":"Became Test Subject","damage_taken":0,"max_hp_gain":0,"max_hp_loss":0,"event_name":"Drug Dealer","floor":29,"gold_loss":0,"cards_obtained":["Heavy Blade","Rage"]},{"damage_healed":0,"gold_gain":0,"player_choice":"Fight","damage_taken":0,"max_hp_gain":0,"max_hp_loss":0,"event_name":"Colosseum","floor":30,"gold_loss":0},{"damage_healed":0,"gold_gain":0,"player_choice":"Fled From Nobs","damage_taken":0,"max_hp_gain":0,"max_hp_loss":0,"event_name":"Colosseum","floor":30,"gold_loss":0}],"is_beta":false,"boss_relics":[{"not_picked":["Black Star","Velvet Choker"],"picked":"Mark of Pain"}],"items_purged_floors":[11,19,28],"is_endless":false,"potions_floor_spawned":[1,2,12,14,20,24,25],"killed_by":"Champ","ascension_level":4}