{"gold_per_floor":[112,112,2,21,37,37,65,65,65,81,81,81,93,93,93,191,191,209,209,64,82,82,93,93,111,193,193,193,211,97,112,112,209,209,222,182,195,210,110,110,128,128,128,8,22,33,33,33],"floor_reached":48,"playtime":1683,"items_purged":["Strike_R","Strike_R","Strike_R","Defend_R"],"score":459,"play_id":"3d1aad38-60ae-4a2c-8a0c-ece7f9254cae","local_time":"20190226143055","is_ascension_mode":false,"campfire_choices":[{"data":"Searing Blow","floor":6,"key":"SMITH"},{"data":"Searing Blow+1","floor":8,"key":"SMITH"},{"data":"Searing Blow+2","floor":12,"key":"SMITH"},{"data":"Searing Blow+3","floor":15,"key":"SMITH"},{"data":"Searing Blow+4","floor":24,"key":"SMITH"},{"data":"Searing Blow+5","floor":27,"key":"SMITH"},{"data":"Searing Blow+6","floor":32,"key":"SMITH"},{"data":"Searing Blow+8","floor":40,"key":"SMITH"},{"data":"Searing Blow+9","floor":42,"key":"SMITH"}],"neow_cost":"NONE","seed_source_timestamp":4001431168577,"circlet_count":0,"master_deck":["Defend_R","Defend_R","Defend_R","Bash","Headbutt","Searing Blow+10","Shockwave","Armaments","Headbutt+1","Double Tap","Warcry+1","Armaments+1","Armaments+1"],"relics":["Burning Blood","Molten Egg 2","Sundial","Runic Dome","Nilry\u0027s Codex","Darkstone Periapt","The Courier","Black Star","Pantograph"],"potions_floor_usage":[33,33,33,46],"damage_taken":[{"damage":1,"enemies":"Cultist","floor":1,"turns":3},{"damage":5,"enemies":"2 Louse","floor":4,"turns":2},{"damage":4,"enemies":"Small Slimes","floor":5,"turns":3},{"damage":20,"enemies":"Gremlin Nob","floor":7,"turns":4},{"damage":12,"enemies":"2 Fungi Beasts","floor":10,"turns":4},{"damage":18,"enemies":"Gremlin Gang","floor":13,"turns":4},{"damage":26,"enemies":"Slime Boss","floor":16,"turns":6},{"damage":5,"enemies":"3 Byrds","floor":18,"turns":5},{"damage":25,"enemies":"2 Thieves","floor":21,"turns":3},{"damage":16,"enemies":"Snake Plant","floor":23,"turns":2},{"damage":5,"enemies":"Cultist and Chosen","floor":25,"turns":3},{"damage":1,"enemies":"3 Cultists","floor":29,"turns":3},{"damage":0,"enemies":"Centurion and Healer","floor":31,"turns":3},{"damage":25,"enemies":"Champ","floor":33,"turns":5},{"damage":11,"enemies":"Orb Walker","floor":35,"turns":2},{"damage":18,"enemies":"3 Darklings","floor":37,"turns":6},{"damage":25,"enemies":"Maw","floor":38,"turns":3},{"damage":16,"enemies":"Sphere and 2 Shapes","floor":41,"turns":2},{"damage":38,"enemies":"Transient","floor":45,"turns":5},{"damage":5,"enemies":"Writhing Mass","floor":46,"turns":2},{"damage":23,"enemies":"Jaw Worm Horde","floor":48,"turns":1}],"seed_played":"-3615980975495342335","potions_obtained":[{"floor":5,"key":"EntropicBrew"},{"floor":7,"key":"PowerPotion"},{"floor":16,"key":"Explosive Potion"},{"floor":23,"key":"GamblersBrew"},{"floor":37,"key":"Regen Potion"}],"is_trial":false,"path_per_floor":["M","?","$","M","M","R","E","R","T","M","?","R","M","$","R","B",null,"M","?","$","M","?","M","R","M","T","R","?","M","$","M","R","B",null,"M","?","M","M","$","R","M","R","T","$","M","M","$","M"],"character_chosen":"IRONCLAD","items_purchased":["Searing Blow","Headbutt+1","Double Tap"],"campfire_rested":0,"item_purchase_floors":[3,20,30],"current_hp_per_floor":[80,80,80,80,80,80,66,66,66,60,60,60,48,48,48,28,80,80,64,64,45,45,35,35,36,36,36,21,26,26,32,32,13,85,80,80,68,49,49,49,39,39,39,39,7,13,13,0],"gold":33,"neow_bonus":"REMOVE_CARD","is_prod":false,"is_daily":false,"chose_seed":false,"campfire_upgraded":9,"win_rate":0,"timestamp":1551209455,"path_taken":["M","?","?","M","M","R","E","R","T","M","?","R","M","$","R","BOSS","M","?","$","M","?","M","R","?","T","R","?","M","$","M","R","BOSS","M","?","M","?","$","R","M","R","T","?","M","M","$","M"],"build_version":"2019-01-23","purchased_purges":4,"victory":false,"max_hp_per_floor":[80,80,80,80,80,80,80,80,80,80,80,80,80,80,80,80,80,80,80,80,80,80,80,80,80,80,80,85,85,85,85,85,85,85,85,85,85,85,85,85,85,85,85,85,85,85,85,85],"card_choices":[{"not_picked":["Carnage","Pommel Strike"],"picked":"Headbutt","floor":1},{"not_picked":["Corruption","Rupture","Metallicize"],"picked":"SKIP","floor":4},{"not_picked":["Seeing Red","Pommel Strike"],"picked":"Shockwave","floor":5},{"not_picked":["Feel No Pain","Havoc","Rage"],"picked":"SKIP","floor":7},{"not_picked":["Twin Strike+1","Reckless Charge+1","Shrug It Off"],"picked":"SKIP","floor":10},{"not_picked":["Iron Wave+1","Twin Strike+1","Pommel Strike+1"],"picked":"SKIP","floor":13},{"not_picked":["Clash+1","Searing Blow+1"],"picked":"Armaments","floor":18},{"not_picked":["Clothesline+1","Rage","Twin Strike+1"],"picked":"SKIP","floor":21},{"not_picked":["Twin Strike+1","Iron Wave+1","Shrug It Off"],"picked":"SKIP","floor":23},{"not_picked":["Twin Strike+1","Headbutt+1","Anger+1"],"picked":"SKIP","floor":25},{"not_picked":["Anger+1","Burning Pact","Twin Strike+1"],"picked":"SKIP","floor":29},{"not_picked":["Sword Boomerang+1","Infernal Blade+1","Searing Blow+1"],"picked":"SKIP","floor":31},{"not_picked":["Pummel+1","Cleave+1"],"picked":"Warcry+1","floor":35},{"not_picked":["Rupture+1","Heavy Blade+1"],"picked":"Armaments+1","floor":37},{"not_picked":["Rampage+1","Clash+1","Wild Strike+1"],"picked":"SKIP","floor":38},{"not_picked":["Clothesline+1","Twin Strike+1","Perfected Strike+1"],"picked":"SKIP","floor":41},{"not_picked":["Flex+1","Headbutt+1"],"picked":"Armaments+1","floor":45},{"not_picked":["Heavy Blade+1","Feed+1","Perfected Strike+1"],"picked":"SKIP","floor":46}],"player_experience":476670,"relics_obtained":[{"floor":7,"key":"Molten Egg 2"},{"floor":9,"key":"Sundial"},{"floor":19,"key":"Nilry\u0027s Codex"},{"floor":26,"key":"The Courier"},{"floor":43,"key":"Pantograph"}],"event_choices":[{"damage_healed":0,"gold_gain":0,"player_choice":"Ignored","damage_taken":0,"max_hp_gain":0,"max_hp_loss":0,"event_name":"NoteForYourself","floor":2,"gold_loss":0},{"cards_removed":["Strike_R"],"damage_healed":0,"gold_gain":0,"player_choice":"Offered Basic","damage_taken":0,"max_hp_gain":0,"max_hp_loss":0,"event_name":"Bonfire Elementals","floor":11,"gold_loss":0},{"damage_healed":0,"gold_gain":0,"player_choice":"Obtained Book","damage_taken":16,"max_hp_gain":0,"max_hp_loss":0,"event_name":"Cursed Tome","floor":19,"gold_loss":0},{"damage_healed":0,"gold_gain":0,"player_choice":"Gave Potion","damage_taken":0,"relics_obtained":["Darkstone Periapt"],"max_hp_gain":0,"max_hp_loss":0,"event_name":"WeMeetAgain","floor":22,"gold_loss":0},{"damage_healed":0,"gold_gain":0,"player_choice":"Shed Blood","damage_taken":20,"max_hp_gain":5,"max_hp_loss":0,"event_name":"Forgotten Altar","floor":28,"gold_loss":0},{"damage_healed":0,"gold_gain":0,"player_choice":"Upgrade","damage_taken":0,"max_hp_gain":0,"max_hp_loss":0,"event_name":"Designer","floor":36,"gold_loss":40,"cards_upgraded":["Searing Blow"]}],"is_beta":false,"boss_relics":[{"not_picked":["Calling Bell","Orrery"],"picked":"Runic Dome"},{"not_picked":["Astrolabe","Runic Cube"],"picked":"Black Star"}],"items_purged_floors":[3,20,39,44],"is_endless":false,"potions_floor_spawned":[5,7,16,18,23,25,29,37,45],"killed_by":"Jaw Worm Horde","ascension_level":0}