{"gold_per_floor":[113,127,77,77,95,95,3,3,27,37,37,37,48,60,60,163,163],"floor_reached":17,"playtime":736,"items_purged":[],"score":176,"play_id":"67bebeb8-9135-4939-b869-0c5c93effca4","local_time":"20180924195316","is_ascension_mode":true,"campfire_choices":[{"data":"Neutralize","floor":6,"key":"SMITH"},{"data":"Cloak And Dagger","floor":8,"key":"SMITH"},{"data":"Die Die Die","floor":12,"key":"SMITH"},{"data":"Escape Plan","floor":15,"key":"SMITH"}],"neow_cost":"","seed_source_timestamp":562547068269411,"circlet_count":0,"master_deck":["Defend_G","Defend_G","Defend_G","Defend_G","Defend_G","Strike_G","Strike_G","Strike_G","Survivor","Neutralize+1","Well Laid Plans","Cloak And Dagger+1","Dagger Throw","Escape Plan+1","Flying Knee","Escape Plan","Die Die Die+1","Dagger Throw","Concentrate","Adrenaline"],"relics":["Ring of the Snake","Dream Catcher","Lantern","Runic Pyramid"],"potions_floor_usage":[2,10],"damage_taken":[{"damage":0,"enemies":"2 Louse","floor":1,"turns":4},{"damage":0,"enemies":"Small Slimes","floor":2,"turns":3},{"damage":4,"enemies":"Cultist","floor":5,"turns":4},{"damage":0,"enemies":"Exordium Thugs","floor":10,"turns":3},{"damage":2,"enemies":"2 Fungi Beasts","floor":13,"turns":3},{"damage":0,"enemies":"Looter","floor":14,"turns":2},{"damage":30,"enemies":"The Guardian","floor":16,"turns":16}],"seed_played":"8280234079773877556","potions_obtained":[{"floor":1,"key":"Block Potion"},{"floor":2,"key":"SteroidPotion"},{"floor":16,"key":"Regen Potion"}],"is_trial":false,"path_per_floor":["M","M","?","?","M","R","$","R","T","M","?","R","M","M","R","B"],"character_chosen":"THE_SILENT","items_purchased":["Escape Plan","Flying Knee"],"campfire_rested":0,"item_purchase_floors":[7,7],"current_hp_per_floor":[70,70,70,63,59,59,59,59,59,59,59,59,57,57,57,27,27],"gold":163,"neow_bonus":"","is_prod":false,"is_daily":false,"chose_seed":false,"campfire_upgraded":4,"win_rate":0,"timestamp":1537793596,"path_taken":["M","M","?","?","?","R","$","R","T","M","?","R","M","M","R","BOSS"],"build_version":"2018-09-20","purchased_purges":0,"victory":false,"max_hp_per_floor":[70,70,70,70,70,70,70,70,70,70,70,70,70,70,70,70,70],"card_choices":[{"not_picked":["Flechettes","Setup"],"picked":"Well Laid Plans","floor":1},{"not_picked":["Bouncing Flask","Deflect"],"picked":"Cloak And Dagger","floor":2},{"not_picked":["Acrobatics","Finisher"],"picked":"Dagger Throw","floor":5},{"not_picked":["Slice","Acrobatics"],"picked":"Escape Plan","floor":10},{"not_picked":["Deflect","Skewer"],"picked":"Dagger Throw","floor":13},{"not_picked":["Riddle With Holes","Prepared"],"picked":"Concentrate","floor":14},{"not_picked":["Glass Knife","Phantasmal Killer"],"picked":"Adrenaline","floor":16}],"player_experience":99606,"relics_obtained":[{"floor":9,"key":"Lantern"}],"event_choices":[{"event_name":"The Cleric","player_choice":"Card Removal","floor":3,"damage_taken":0},{"event_name":"Scrap Ooze","player_choice":"success","floor":4,"damage_taken":7},{"event_name":"Living Wall","player_choice":"Change","floor":11,"damage_taken":0}],"is_beta":false,"boss_relics":[{"not_picked":["Runic Dome","Busted Crown"],"picked":"Runic Pyramid"}],"items_purged_floors":[],"is_endless":false,"potions_floor_spawned":[1,2,16],"ascension_level":4}