{"gold_per_floor":[116,131,144,154,79,107,107,107,130,149,210,210,229,248,248,343,343,356,367,367,69,82,117,117,142,142,174,49,67,81,92,92,193,193,212,231,243,243,100,135,147,159,171,201,229,91,123,123,123,123,123,123,123,155,155],"floor_reached":56,"playtime":4725,"items_purged":["Strike_R","Strike_R+1","Strike_R+1","Strike_R+1"],"score":1409,"play_id":"d8d92075-8583-4051-b39d-012bc40c8834","local_time":"20190208225100","is_ascension_mode":true,"campfire_choices":[{"data":"Shrug It Off","floor":7.0,"key":"SMITH"},{"data":"Shrug It Off","floor":12.0,"key":"SMITH"},{"data":"Shrug It Off","floor":15.0,"key":"SMITH"},{"data":"Shrug It Off","floor":24.0,"key":"SMITH"},{"floor":32.0,"key":"RECALL"},{"data":"Barricade","floor":41,"key":"SMITH"},{"data":"Bash","floor":49,"key":"SMITH"},{"data":"Double Tap","floor":52,"key":"SMITH"}],"neow_cost":"NONE","seed_source_timestamp":0,"circlet_count":0,"master_deck":["Strike_R+1","Defend_R+1","Defend_R+1","Defend_R+1","Defend_R+1","Bash+1","Shrug It Off+1","Body Slam+1","Shrug It Off+1","Shrug It Off+1","Shrug It Off+1","Double Tap+1","Body Slam+1","Impervious+1","Barricade+1"],"special_seed":0,"relics":["Burning Blood","Whetstone","PreservedInsect","Tiny Chest","Black Star","Sling","Paper Frog","Mango","Pantograph","Vajra","Mummified Hand","Ancient Tea Set","Sozu","Gremlin Horn","MawBank","Self Forming Clay","Ginger","Nunchaku","Dodecahedron","Bottled Flame"],"potions_floor_usage":[55,55,55],"damage_taken":[{"damage":1.0,"enemies":"2 Louse","floor":1.0,"turns":2.0},{"damage":5.0,"enemies":"Cultist","floor":2.0,"turns":4.0},{"damage":1.0,"enemies":"Jaw Worm","floor":3.0,"turns":5.0},{"damage":7.0,"enemies":"Looter","floor":4.0,"turns":5.0},{"damage":24.0,"enemies":"Lagavulin","floor":6.0,"turns":7.0},{"damage":0.0,"enemies":"Exordium Thugs","floor":10.0,"turns":7.0},{"damage":10.0,"enemies":"3 Sentries","floor":11.0,"turns":8.0},{"damage":0.0,"enemies":"Large Slime","floor":13.0,"turns":6.0},{"damage":0.0,"enemies":"Red Slaver","floor":14.0,"turns":5.0},{"damage":21.0,"enemies":"The Guardian","floor":16.0,"turns":14.0},{"damage":0.0,"enemies":"3 Byrds","floor":18.0,"turns":6.0},{"damage":0.0,"enemies":"Spheric Guardian","floor":19.0,"turns":3.0},{"damage":0.0,"enemies":"Centurion and Healer","floor":22.0,"turns":5.0},{"damage":5.0,"enemies":"Slavers","floor":23.0,"turns":6.0},{"damage":1.0,"enemies":"Book of Stabbing","floor":25.0,"turns":3.0},{"damage":4.0,"enemies":"Gremlin Leader","floor":27.0,"turns":4.0},{"damage":0.0,"enemies":"Snake Plant","floor":29.0,"turns":3.0},{"damage":0.0,"enemies":"Snecko","floor":30.0,"turns":5.0},{"damage":0.0,"enemies":"Centurion and Healer","floor":31.0,"turns":4.0},{"damage":89.0,"enemies":"Collector","floor":33.0,"turns":16.0},{"damage":0.0,"enemies":"Orb Walker","floor":35.0,"turns":3.0},{"damage":0.0,"enemies":"3 Shapes","floor":36.0,"turns":3.0},{"damage":0.0,"enemies":"3 Darklings","floor":37.0,"turns":8.0},{"damage":0,"enemies":"Giant Head","floor":40,"turns":4},{"damage":13,"enemies":"Maw","floor":44,"turns":6},{"damage":0,"enemies":"4 Shapes","floor":45,"turns":3},{"damage":0,"enemies":"Nemesis","floor":47,"turns":3},{"damage":7,"enemies":"Donu and Deca","floor":50,"turns":8},{"damage":0,"enemies":"Shield and Spear","floor":54,"turns":3},{"damage":74,"enemies":"The Heart","floor":55,"turns":11}],"seed_played":"6642386791496618946","potions_obtained":[{"floor":2.0,"key":"FearPotion"},{"floor":3.0,"key":"FearPotion"},{"floor":13.0,"key":"BloodPotion"},{"floor":16.0,"key":"EssenceOfSteel"},{"floor":18.0,"key":"Swift Potion"},{"floor":22.0,"key":"EntropicBrew"},{"floor":30.0,"key":"SpeedPotion"},{"floor":33.0,"key":"PowerPotion"}],"is_trial":false,"path_per_floor":["?","M","?","?","$","?","M","$"],"character_chosen":"IRONCLAD","items_purchased":["Sling","Barricade"],"campfire_rested":0,"item_purchase_floors":[21,39],"current_hp_per_floor":[88,88,88,87,87,69,69,69,69,75,71,71,77,83,83,68,88,88,88,88,88,88,102,102,102,102,102,102,102,102,102,102,19,102,102,102,102,102,102,102,102,102,102,95,101,101,102,102,102,101,102,102,102,102,44],"gold":155,"neow_bonus":"TEN_PERCENT_HP_BONUS","is_prod":false,"is_daily":false,"chose_seed":false,"campfire_upgraded":7,"win_rate":0,"timestamp":1549662660,"path_taken":["M","M","M","M","$","E","R","?","T","M","E","R","?","M","R","BOSS","M","M","?","$","M","E","R","E","T","E","$","M","M","M","R","BOSS","M","M","M","?","?","E","R","?","T","?","M","?","E","$","R","BOSS","R","$","E","BOSS"],"build_version":"2019-01-23","purchased_purges":4,"victory":true,"max_hp_per_floor":[88,88,88,88,88,88,88,88,88,88,88,88,88,88,88,88,88,88,88,88,88,88,102,102,102,102,102,102,102,102,102,102,102,102,102,102,102,102,102,102,102,102,102,102,102,102,102,102,102,102,102,102,102,102,102],"card_choices":[{"not_picked":["Anger","Hemokinesis","Thunderclap"],"picked":"SKIP","floor":1.0},{"not_picked":["Anger","Thunderclap"],"picked":"Shrug It Off","floor":2.0},{"not_picked":["Clothesline","Sword Boomerang"],"picked":"Body Slam","floor":3.0},{"not_picked":["Warcry","Iron Wave"],"picked":"Shrug It Off","floor":4.0},{"not_picked":["Wild Strike","Armaments"],"picked":"Shrug It Off","floor":6.0},{"not_picked":["Flex","Brutality","Havoc"],"picked":"SKIP","floor":10.0},{"not_picked":["Anger","Rampage","Wild Strike"],"picked":"SKIP","floor":11.0},{"not_picked":["Headbutt","Wild Strike","Dropkick"],"picked":"SKIP","floor":13.0},{"not_picked":["Sword Boomerang","Rage"],"picked":"Shrug It Off","floor":14.0},{"not_picked":["Fiend Fire","Exhume"],"picked":"Double Tap","floor":16.0},{"not_picked":["Pommel Strike","Headbutt"],"picked":"Body Slam+1","floor":18.0},{"not_picked":["Thunderclap","Headbutt","Armaments"],"picked":"SKIP","floor":19.0},{"not_picked":["Heavy Blade","Power Through","Headbutt"],"picked":"SKIP","floor":22.0},{"not_picked":["Feel No Pain","Body Slam","Blood for Blood"],"picked":"SKIP","floor":23.0},{"not_picked":["Body Slam","Bloodletting","Berserk"],"picked":"SKIP","floor":25.0},{"not_picked":["Rampage+1","Anger","Evolve+1"],"picked":"SKIP","floor":27.0},{"not_picked":["Clothesline","Heavy Blade","Anger"],"picked":"SKIP","floor":29.0},{"not_picked":["Reckless Charge","Clothesline","Clash"],"picked":"SKIP","floor":30.0},{"not_picked":["Shrug It Off","Wild Strike","Perfected Strike"],"picked":"SKIP","floor":31.0},{"not_picked":["Dark Embrace","Limit Break"],"picked":"Impervious","floor":33.0},{"not_picked":["Flex+1","Clothesline+1","True Grit+1"],"picked":"SKIP","floor":35.0},{"not_picked":["Thunderclap","Armaments+1","Searing Blow"],"picked":"SKIP","floor":36.0},{"not_picked":["Combust+1","Seeing Red","Burning Pact"],"picked":"SKIP","floor":37.0},{"not_picked":["Havoc+1","Armaments","Iron Wave"],"picked":"SKIP","floor":40},{"not_picked":["Clothesline+1","Headbutt+1","Pommel Strike"],"picked":"SKIP","floor":44},{"not_picked":["Dropkick+1","Pommel Strike+1","Iron Wave"],"picked":"SKIP","floor":45},{"not_picked":["Clash","Limit Break","Wild Strike+1"],"picked":"SKIP","floor":47},{"not_picked":["Sword Boomerang+1","Heavy Blade+1","Feel No Pain"],"picked":"SKIP","floor":54}],"player_experience":143482,"relics_obtained":[{"floor":6.0,"key":"Whetstone"},{"floor":9.0,"key":"PreservedInsect"},{"floor":11.0,"key":"Tiny Chest"},{"floor":23.0,"key":"Paper Frog"},{"floor":23.0,"key":"Mango"},{"floor":25.0,"key":"Pantograph"},{"floor":25.0,"key":"Vajra"},{"floor":27.0,"key":"Mummified Hand"},{"floor":27.0,"key":"Ancient Tea Set"},{"floor":40,"key":"Gremlin Horn"},{"floor":40,"key":"MawBank"},{"floor":43,"key":"Self Forming Clay"},{"floor":47,"key":"Ginger"},{"floor":47,"key":"Nunchaku"},{"floor":54,"key":"Dodecahedron"},{"floor":54,"key":"Bottled Flame"}],"event_choices":[{"damage_healed":0.0,"max_hp_gain":0.0,"max_hp_loss":0.0,"gold_gain":0.0,"event_name":"WeMeetAgain","player_choice":"Ignored","floor":8.0,"gold_loss":0.0,"damage_taken":0.0},{"damage_healed":0.0,"max_hp_gain":0.0,"max_hp_loss":0.0,"gold_gain":0.0,"event_name":"Back to Basics","player_choice":"Simplicity","floor":20.0,"gold_loss":0.0,"damage_taken":0.0,"cards_upgraded":["Strike_R","Strike_R","Strike_R","Defend_R","Defend_R","Defend_R","Defend_R"]},{"damage_healed":0,"gold_gain":0,"player_choice":"Full Heal","damage_taken":0,"max_hp_gain":0,"max_hp_loss":0,"event_name":"Wheel of Change","floor":38,"gold_loss":0},{"damage_healed":0,"gold_gain":0,"player_choice":"Forge","damage_taken":0,"max_hp_gain":0,"max_hp_loss":0,"event_name":"Accursed Blacksmith","floor":42,"gold_loss":0,"cards_upgraded":["Impervious"]}],"is_beta":false,"boss_relics":[{"not_picked":["White Beast Statue","Runic Pyramid"],"picked":"Black Star"},{"not_picked":["Mark of Pain","Cursed Key"],"picked":"Sozu"}],"items_purged_floors":[5,21,28,46],"is_endless":false,"potions_floor_spawned":[2,3,13,16,18,22,30,33,36,37,40],"ascension_level":1}