{"gold_per_floor":[213,70,84,101,101,101,128,128,178,178,56,56,67,67,67,67],"floor_reached":16,"playtime":592,"items_purged":["Regret"],"score":118,"play_id":"5afd4299-db06-4c50-834d-032a11f6e9ff","local_time":"20190224182034","is_ascension_mode":true,"campfire_choices":[{"data":"Metallicize","floor":6,"key":"SMITH"},{"floor":8,"key":"REST"},{"data":"Defend_R","floor":10,"key":"SMITH"},{"data":"Shrug It Off","floor":12,"key":"SMITH"},{"data":"Defend_R","floor":15,"key":"SMITH"}],"neow_cost":"NONE","seed_source_timestamp":779452662996732,"circlet_count":0,"master_deck":["Strike_R","Strike_R","Strike_R","Strike_R+1","Strike_R+1","Defend_R","Defend_R","Defend_R+1","Defend_R+1","Bash","Metallicize+1","Shrug It Off+1"],"relics":["Burning Blood","Oddly Smooth Stone","Dream Catcher","Lantern","Juzu Bracelet"],"potions_floor_usage":[7,16],"damage_taken":[{"damage":1,"enemies":"Cultist","floor":1,"turns":3},{"damage":8,"enemies":"2 Louse","floor":3,"turns":2},{"damage":3,"enemies":"Small Slimes","floor":4,"turns":5},{"damage":24,"enemies":"Gremlin Nob","floor":7,"turns":4},{"damage":1,"enemies":"Looter","floor":13,"turns":4},{"damage":67,"enemies":"Hexaghost","floor":16,"turns":13}],"seed_played":"5010192401303172594","potions_obtained":[{"floor":4,"key":"AttackPotion"},{"floor":7,"key":"Fire Potion"}],"is_trial":false,"path_per_floor":["M","?","?"],"character_chosen":"IRONCLAD","items_purchased":["Oddly Smooth Stone","Shrug It Off"],"campfire_rested":1,"item_purchase_floors":[2,11],"current_hp_per_floor":[80,80,78,80,80,80,62,80,80,80,80,80,80,64,64,0],"gold":67,"neow_bonus":"HUNDRED_GOLD","is_prod":false,"is_daily":false,"chose_seed":false,"campfire_upgraded":4,"win_rate":0,"timestamp":1551028834,"path_taken":["M","$","M","?","?","R","E","R","T","R","$","R","M","?","R","BOSS"],"build_version":"2019-01-23","purchased_purges":1,"victory":false,"max_hp_per_floor":[80,80,80,80,80,80,80,80,80,80,80,80,80,80,80,80],"card_choices":[{"not_picked":["Iron Wave","True Grit","Pommel Strike"],"picked":"SKIP","floor":1},{"not_picked":["Headbutt","Perfected Strike"],"picked":"Metallicize","floor":3},{"not_picked":["Ghostly Armor","Anger","Carnage"],"picked":"SKIP","floor":4},{"not_picked":["Reaper","Cleave","Perfected Strike"],"picked":"SKIP","floor":7},{"not_picked":["Cleave","Havoc","Spot Weakness"],"picked":"SKIP","floor":13}],"player_experience":213080,"relics_obtained":[{"floor":7,"key":"Lantern"},{"floor":9,"key":"Juzu Bracelet"}],"event_choices":[{"damage_healed":0,"gold_gain":0,"player_choice":"Box","damage_taken":0,"relics_obtained":["Dream Catcher"],"max_hp_gain":0,"max_hp_loss":0,"event_name":"Big Fish","floor":5,"gold_loss":0,"cards_obtained":["Regret"]},{"damage_healed":0,"gold_gain":0,"player_choice":"Entered Light","damage_taken":16,"max_hp_gain":0,"max_hp_loss":0,"event_name":"Shining Light","floor":14,"gold_loss":0,"cards_upgraded":["Strike_R","Strike_R"]}],"is_beta":false,"boss_relics":[],"items_purged_floors":[11],"is_endless":false,"potions_floor_spawned":[4,7],"killed_by":"Hexaghost","ascension_level":4}