{"gold_per_floor":[110,128,141,151,165,165,185,218,243,243,243,243,243,243,243,338,338,357,378,24,68,84,84,122,122,168,218,109,109,122,122,122,215,215,231,256,271,221,246,39,39,39,39,39,57,57,57,81,81,81],"floor_reached":50,"playtime":3457,"items_purged":["Strike_G","Strike_G","Strike_G","Strike_G"],"score":795,"play_id":"3eb51447-b479-4cb4-9ac8-7cb5fae1dd24","local_time":"20190301193832","is_ascension_mode":true,"campfire_choices":[{"data":"Neutralize","floor":6,"key":"SMITH"},{"data":"Skewer","floor":12,"key":"SMITH"},{"floor":15,"key":"REST"},{"floor":23,"key":"REST"},{"floor":25,"key":"REST"},{"data":"Footwork","floor":29,"key":"SMITH"},{"floor":32,"key":"REST"},{"floor":41,"key":"REST"},{"data":"Noxious Fumes","floor":44,"key":"SMITH"},{"data":"Adrenaline","floor":47,"key":"SMITH"},{"floor":49,"key":"REST"}],"neow_cost":"NONE","seed_source_timestamp":1258593328008338,"circlet_count":0,"master_deck":["AscendersBane","Defend_G","Defend_G","Defend_G","Defend_G","Defend_G","Survivor","Neutralize+1","Tactician","Skewer+1","Backflip","Dagger Throw","Dagger Spray+1","Reflex","Well Laid Plans","Parasite","Tools of the Trade","PiercingWail+1","Footwork+1","Acrobatics","Adrenaline","Prepared","Noxious Fumes+1","Terror","Adrenaline+1","Backstab","Backstab","Escape Plan","Metamorphosis"],"relics":["Ring of the Snake","Mercury Hourglass","Centennial Puzzle","Golden Idol","Sozu","Chemical X","Red Mask","Pocketwatch","MawBank","Smiling Mask","MutagenicStrength","Orrery","Regal Pillow","Ninja Scroll"],"potions_floor_usage":[4,7,8,16],"damage_taken":[{"damage":8,"enemies":"Jaw Worm","floor":1,"turns":9},{"damage":1,"enemies":"2 Louse","floor":2,"turns":4},{"damage":7,"enemies":"Small Slimes","floor":3,"turns":4},{"damage":9,"enemies":"2 Fungi Beasts","floor":4,"turns":4},{"damage":3,"enemies":"Blue Slaver","floor":5,"turns":4},{"damage":0,"enemies":"3 Louse","floor":7,"turns":1},{"damage":28,"enemies":"Gremlin Nob","floor":8,"turns":4},{"damage":15,"enemies":"Slime Boss","floor":16,"turns":8},{"damage":0,"enemies":"Chosen","floor":18,"turns":5},{"damage":8,"enemies":"Spheric Guardian","floor":19,"turns":4},{"damage":32,"enemies":"Masked Bandits","floor":21,"turns":4},{"damage":0,"enemies":"Snake Plant","floor":22,"turns":4},{"damage":30,"enemies":"Gremlin Leader","floor":24,"turns":6},{"damage":5,"enemies":"Book of Stabbing","floor":27,"turns":6},{"damage":0,"enemies":"Centurion and Healer","floor":30,"turns":5},{"damage":21,"enemies":"Automaton","floor":33,"turns":10},{"damage":2,"enemies":"Orb Walker","floor":35,"turns":4},{"damage":7,"enemies":"3 Shapes","floor":36,"turns":4},{"damage":9,"enemies":"Sphere and 2 Shapes","floor":37,"turns":6},{"damage":29,"enemies":"Writhing Mass","floor":39,"turns":10},{"damage":13,"enemies":"4 Shapes","floor":45,"turns":6},{"damage":17,"enemies":"Maw","floor":48,"turns":8},{"damage":66,"enemies":"Time Eater","floor":50,"turns":10}],"seed_played":"-5126668686976026766","potions_obtained":[{"floor":1,"key":"Explosive Potion"},{"floor":3,"key":"Poison Potion"},{"floor":5,"key":"PowerPotion"},{"floor":8,"key":"SteroidPotion"}],"is_trial":false,"path_per_floor":["M","M","M","M","M","R","M","E","T","?","?","R","?","?","R","B",null,"M","M","$","?","M","R","E","R","T","E","$","R","M","?","R","B",null,"M","M","M","$","M","$","R","?","T","R","M","?","R","M","R","B"],"character_chosen":"THE_SILENT","items_purchased":["Footwork","Chemical X","Noxious Fumes","Regal Pillow"],"campfire_rested":6,"item_purchase_floors":[20,20,28,40],"current_hp_per_floor":[55,54,47,38,35,35,35,7,7,7,7,7,23,23,42,27,56,56,48,48,16,16,35,5,24,24,19,19,19,19,19,38,17,53,51,44,35,35,6,6,40,57,57,57,44,44,44,27,57,0],"gold":81,"neow_bonus":"TRANSFORM_CARD","is_prod":false,"is_daily":false,"chose_seed":false,"campfire_upgraded":5,"win_rate":0,"timestamp":1551465512,"path_taken":["M","M","M","M","M","R","M","E","T","?","?","R","?","?","R","BOSS","M","M","$","?","M","R","E","R","T","E","$","R","M","?","R","BOSS","M","M","M","$","M","$","R","?","T","R","M","?","R","M","R","BOSS"],"build_version":"2019-01-23","purchased_purges":4,"victory":false,"max_hp_per_floor":[70,70,70,70,70,70,70,70,70,65,65,65,65,65,65,65,65,65,65,65,65,65,65,65,65,65,65,65,65,65,65,65,65,65,65,65,65,65,65,65,65,57,57,57,57,57,57,57,57,57],"card_choices":[{"not_picked":["Distraction","Predator"],"picked":"Skewer","floor":1},{"not_picked":["Underhanded Strike","Expertise"],"picked":"Backflip","floor":2},{"not_picked":["Dodge and Roll","Deflect"],"picked":"Dagger Throw","floor":3},{"not_picked":["Dagger Throw","Skewer"],"picked":"Dagger Spray","floor":4},{"not_picked":["Masterful Stab","Acrobatics"],"picked":"Reflex","floor":5},{"not_picked":["Quick Slash","Finisher"],"picked":"Well Laid Plans","floor":7},{"not_picked":["Sucker Punch","Tactician","Dagger Spray"],"picked":"SKIP","floor":8},{"not_picked":["Phantasmal Killer","Doppelganger"],"picked":"Tools of the Trade","floor":16},{"not_picked":["Reflex","Blade Dance"],"picked":"PiercingWail+1","floor":18},{"not_picked":["Dagger Throw","Finisher","Blur"],"picked":"SKIP","floor":19},{"not_picked":["Prepared","Concentrate"],"picked":"Acrobatics","floor":22},{"not_picked":["Deflect","Calculated Gamble"],"picked":"Adrenaline","floor":24},{"not_picked":["Flechettes","Flying Knee"],"picked":"Prepared","floor":27},{"not_picked":["Quick Slash","Dagger Throw"],"picked":"Terror","floor":30},{"not_picked":["Venomology","Glass Knife"],"picked":"Adrenaline","floor":33},{"not_picked":["Cloak And Dagger+1","Catalyst"],"picked":"Backstab","floor":34},{"not_picked":["Dagger Throw","Noxious Fumes"],"picked":"Backstab","floor":34},{"not_picked":["Choke","Deadly Poison","Flechettes"],"picked":"SKIP","floor":35},{"not_picked":["Endless Agony","Underhanded Strike","Flying Knee+1"],"picked":"SKIP","floor":36},{"not_picked":["Eviscerate+1","Burst"],"picked":"Escape Plan","floor":37},{"not_picked":["Deflect","Eviscerate","Slice"],"picked":"SKIP","floor":39},{"not_picked":["Catalyst","Quick Slash","Poisoned Stab+1"],"picked":"SKIP","floor":45},{"not_picked":["HandOfGreed","Master of Strategy"],"picked":"Metamorphosis","floor":46},{"not_picked":["Escape Plan","Blade Dance","Acrobatics"],"picked":"SKIP","floor":48}],"player_experience":680176,"relics_obtained":[{"floor":8,"key":"Mercury Hourglass"},{"floor":9,"key":"Centennial Puzzle"},{"floor":21,"key":"Red Mask"},{"floor":24,"key":"Pocketwatch"},{"floor":26,"key":"MawBank"},{"floor":27,"key":"Smiling Mask"},{"floor":43,"key":"Ninja Scroll"}],"event_choices":[{"damage_healed":0,"gold_gain":0,"player_choice":"Lose Max HP","damage_taken":0,"relics_obtained":["Golden Idol"],"max_hp_gain":0,"max_hp_loss":5,"event_name":"Golden Idol","floor":10,"gold_loss":0},{"damage_healed":0,"gold_gain":0,"player_choice":"Ignored","damage_taken":0,"max_hp_gain":0,"max_hp_loss":0,"event_name":"Shining Light","floor":11,"gold_loss":0},{"damage_healed":16,"gold_gain":0,"player_choice":"Healed and dodged fight","damage_taken":0,"max_hp_gain":0,"max_hp_loss":0,"event_name":"Mushrooms","floor":13,"gold_loss":0,"cards_obtained":["Parasite"]},{"damage_healed":0,"gold_gain":0,"player_choice":"Grow","damage_taken":0,"max_hp_gain":0,"max_hp_loss":0,"event_name":"Living Wall","floor":14,"gold_loss":0,"cards_upgraded":["Dagger Spray"]},{"damage_healed":0,"gold_gain":0,"player_choice":"Fought Bandits","damage_taken":0,"max_hp_gain":0,"max_hp_loss":0,"event_name":"Masked Bandits","floor":21,"gold_loss":0},{"damage_healed":0,"gold_gain":0,"player_choice":"Inject Mutagens","damage_taken":0,"relics_obtained":["MutagenicStrength"],"max_hp_gain":0,"max_hp_loss":0,"event_name":"Drug Dealer","floor":31,"gold_loss":0},{"damage_healed":57,"gold_gain":0,"player_choice":"Heal","damage_taken":0,"max_hp_gain":0,"max_hp_loss":8,"event_name":"The Moai Head","floor":42,"gold_loss":0},{"damage_healed":0,"gold_gain":0,"player_choice":"Memory 1","damage_taken":0,"max_hp_gain":0,"max_hp_loss":0,"event_name":"SensoryStone","floor":46,"gold_loss":0}],"is_beta":false,"boss_relics":[{"not_picked":["Calling Bell","Empty Cage"],"picked":"Sozu"},{"not_picked":["Busted Crown","Snecko Eye"],"picked":"Orrery"}],"items_purged_floors":[20,28,38,40],"is_endless":false,"potions_floor_spawned":[1,3,5,8,22,30,33,35,39,45],"killed_by":"Time Eater","ascension_level":13}