{"gold_per_floor":[215,228,5,180,198,198,198,198,198,273,292,60,60,70,70,171,171,186,4,104,154,166,166,185,212,212,212],"floor_reached":27,"playtime":2299,"items_purged":["Strike_B","Doubt"],"score":201,"play_id":"cc0f656d-33e3-4ef2-ad73-0add0745704e","local_time":"20190203174605","is_ascension_mode":false,"campfire_choices":[{"data":"Zap","floor":6,"key":"SMITH"},{"data":"Coolheaded","floor":8,"key":"SMITH"},{"data":"Capacitor","floor":15,"key":"SMITH"},{"floor":23,"key":"REST"}],"neow_cost":"NONE","seed_source_timestamp":1396669937257876,"circlet_count":0,"master_deck":["Strike_B","Strike_B","Strike_B","Defend_B","Defend_B","Defend_B","Defend_B","Zap+1","Dualcast","Coolheaded+1","FTL+1","Chill+1","Conserve Battery","Reboot","Heatsinks","Compile Driver","Capacitor+1","Seek","Heatsinks","Panache","Loop"],"relics":["Cracked Core","StoneCalendar","Philosopher\u0027s Stone","WingedGreaves","Matryoshka","Red Mask","Potion Belt","Pantograph"],"potions_floor_usage":[16,20,20],"damage_taken":[{"damage":0,"enemies":"Cultist","floor":1,"turns":3},{"damage":0,"enemies":"Jaw Worm","floor":2,"turns":5},{"damage":0,"enemies":"2 Louse","floor":5,"turns":4},{"damage":0,"enemies":"Looter","floor":11,"turns":4},{"damage":1,"enemies":"Red Slaver","floor":14,"turns":4},{"damage":16,"enemies":"Hexaghost","floor":16,"turns":11},{"damage":9,"enemies":"3 Byrds","floor":18,"turns":6},{"damage":20,"enemies":"Colosseum Slavers","floor":20,"turns":4},{"damage":27,"enemies":"Colosseum Nobs","floor":20,"turns":4},{"damage":7,"enemies":"Spheric Guardian","floor":22,"turns":4},{"damage":0,"enemies":"Centurion and Healer","floor":24,"turns":6},{"damage":30,"enemies":"Masked Bandits","floor":25,"turns":5},{"damage":8,"enemies":"Snecko","floor":27,"turns":3}],"seed_played":"3517802685786521879","potions_obtained":[{"floor":1,"key":"SteroidPotion"},{"floor":13,"key":"FearPotion"},{"floor":13,"key":"SkillPotion"},{"floor":25,"key":"Strength Potion"}],"is_trial":false,"path_per_floor":["?","?","?","?","?","?","M","M","?"],"character_chosen":"DEFECT","items_purchased":["FTL","Chill","Heatsinks","Compile Driver","Panache"],"campfire_rested":1,"item_purchase_floors":[3,3,12,12,19],"current_hp_per_floor":[75,75,75,75,75,75,60,60,60,49,49,49,49,48,48,32,75,66,66,19,19,12,34,34,4,4,0],"gold":212,"neow_bonus":"HUNDRED_GOLD","is_prod":false,"is_daily":false,"chose_seed":false,"campfire_upgraded":3,"win_rate":0.0,"timestamp":1549212365,"path_taken":["M","M","$","?","M","R","?","R","T","?","M","$","?","M","R","BOSS","M","$","?","?","?","R","?","?","T","M"],"build_version":"2019-01-23","purchased_purges":2,"victory":false,"max_hp_per_floor":[75,75,75,75,75,75,75,75,75,75,75,75,75,75,75,75,75,75,75,75,75,75,75,75,75,75,75],"card_choices":[{"not_picked":["Genetic Algorithm","Redo"],"picked":"Coolheaded","floor":1},{"not_picked":["Gash","Ball Lightning","Sweeping Beam"],"picked":"SKIP","floor":2},{"not_picked":["Steam","Gash"],"picked":"Conserve Battery","floor":5},{"not_picked":["Redo","Go for the Eyes"],"picked":"Reboot","floor":11},{"not_picked":["Reprogram","Compile Driver"],"picked":"Capacitor","floor":14},{"not_picked":["Biased Cognition","Buffer"],"picked":"Seek","floor":16},{"not_picked":["Steam+1","Coolheaded"],"picked":"Heatsinks","floor":18},{"not_picked":["Compile Driver","Hologram","Consume+1"],"picked":"SKIP","floor":22},{"not_picked":["Melter","Rebound","Streamline+1"],"picked":"SKIP","floor":24},{"not_picked":["Gash","Ball Lightning+1"],"picked":"Loop","floor":25}],"player_experience":106336,"relics_obtained":[{"floor":9,"key":"StoneCalendar"},{"floor":20,"key":"WingedGreaves"},{"floor":20,"key":"Matryoshka"},{"floor":25,"key":"Red Mask"},{"floor":26,"key":"Potion Belt"},{"floor":26,"key":"Pantograph"}],"event_choices":[{"damage_healed":0,"gold_gain":175,"player_choice":"AGREE","damage_taken":0,"max_hp_gain":0,"max_hp_loss":0,"event_name":"Liars Game","floor":4,"gold_loss":0,"cards_obtained":["Doubt"]},{"damage_healed":0,"gold_gain":0,"player_choice":"Entered Light","damage_taken":15,"max_hp_gain":0,"max_hp_loss":0,"event_name":"Shining Light","floor":7,"gold_loss":0,"cards_upgraded":["FTL","Chill"]},{"damage_healed":0,"gold_gain":75,"player_choice":"Gather Gold","damage_taken":11,"max_hp_gain":0,"max_hp_loss":0,"event_name":"World of Goop","floor":10,"gold_loss":0},{"damage_healed":0,"gold_gain":0,"player_choice":"Got Potions","damage_taken":0,"max_hp_gain":0,"max_hp_loss":0,"event_name":"Lab","floor":13,"gold_loss":0},{"damage_healed":0,"gold_gain":0,"player_choice":"Fight","damage_taken":0,"max_hp_gain":0,"max_hp_loss":0,"event_name":"Colosseum","floor":20,"gold_loss":0},{"damage_healed":0,"gold_gain":0,"player_choice":"Fought Nobs","damage_taken":0,"max_hp_gain":0,"max_hp_loss":0,"event_name":"Colosseum","floor":20,"gold_loss":0},{"damage_healed":0,"gold_gain":100,"player_choice":"Bet on Murderer","damage_taken":0,"max_hp_gain":0,"max_hp_loss":0,"event_name":"The Joust","floor":21,"gold_loss":50},{"damage_healed":0,"gold_gain":0,"player_choice":"Fought Bandits","damage_taken":0,"max_hp_gain":0,"max_hp_loss":0,"event_name":"Masked Bandits","floor":25,"gold_loss":0}],"is_beta":false,"boss_relics":[{"not_picked":["Empty Cage","Busted Crown"],"picked":"Philosopher\u0027s Stone"}],"items_purged_floors":[3,12],"is_endless":false,"potions_floor_spawned":[1,20,25],"killed_by":"Snecko","ascension_level":0}