{"path_per_floor":["M","M","?","M","?","R","M","?","T","R","?","R","$","M","R","B",null,"M","M","?"],"character_chosen":"DEFECT","items_purchased":["Lantern"],"gold_per_floor":[118,134,134,145,145,145,163,163,214,214,214,214,58,70,70,169,169,184,203,203,203],"floor_reached":21,"campfire_rested":0,"playtime":528,"item_purchase_floors":[13],"current_hp_per_floor":[75,70,70,58,63,63,55,39,39,39,39,39,39,39,39,24,80,65,47,31,0],"items_purged":[],"gold":203,"score":186,"play_id":"1a6892cb-633d-4699-a3a3-7445f95ad75c","local_time":"20180524222724","is_prod":false,"is_daily":false,"chose_seed":false,"is_ascension_mode":true,"campfire_upgraded":4,"win_rate":0,"timestamp":1527172044,"campfire_choices":[{"data":"Zap","floor":6,"key":"SMITH"},{"data":"Rainbow","floor":10,"key":"SMITH"},{"data":"Redo","floor":12,"key":"SMITH"},{"data":"Go for the Eyes","floor":15,"key":"SMITH"}],"path_taken":["M","M","?","M","?","R","M","?","T","R","?","R","?","M","R","BOSS","M","M","?","M"],"build_version":"2018-05-23v2","seed_source_timestamp":1327352382950,"purchased_purges":0,"victory":false,"master_deck":["Strike_B","Strike_B+1","Strike_B","Strike_B","Defend_B+1","Defend_B","Defend_B","Defend_B","Zap+1","Rainbow+1","Rebound","Redo+1","Beam Cell","Gash","Go for the Eyes+1","Electrodynamics","Redo+1","Blizzard+1","Necronomicurse"],"max_hp_per_floor":[75,75,75,75,80,80,80,80,80,80,80,80,80,80,80,80,80,80,80,80,80],"relics":["Cracked Core","Boot","Lantern","Nuclear Battery","Necronomicon"],"card_choices":[{"not_picked":["FTL","Stack"],"picked":"Rebound","floor":1},{"not_picked":["Turbo","Compile Driver"],"picked":"Redo","floor":2},{"not_picked":["Blizzard","Coolheaded"],"picked":"Beam Cell","floor":4},{"not_picked":["Auto Shields","Tempest"],"picked":"Gash","floor":7},{"not_picked":["Barrage","Recycle"],"picked":"Go for the Eyes","floor":14},{"not_picked":["Thunder Strike","Machine Learning"],"picked":"Electrodynamics","floor":16},{"not_picked":["Auto Shields","Defragment"],"picked":"Redo+1","floor":18},{"not_picked":["Cold Snap","Stack"],"picked":"Blizzard+1","floor":19}],"player_experience":49588,"potions_floor_usage":[19],"damage_taken":[{"damage":0,"enemies":"Cultist","floor":1,"turns":4},{"damage":5,"enemies":"2 Louse","floor":2,"turns":2},{"damage":12,"enemies":"Small Slimes","floor":4,"turns":3},{"damage":8,"enemies":"2 Fungi Beasts","floor":7,"turns":3},{"damage":0,"enemies":"3 Louse","floor":14,"turns":3},{"damage":15,"enemies":"Slime Boss","floor":16,"turns":8},{"damage":15,"enemies":"Spheric Guardian","floor":18,"turns":4},{"damage":18,"enemies":"Chosen","floor":19,"turns":5},{"damage":39,"enemies":"Slaver and Parasite","floor":21,"turns":2}],"relics_obtained":[{"floor":9,"key":"Boot"},{"floor":20,"key":"Necronomicon"}],"event_choices":[{"event_name":"Liars Game","player_choice":"disagreed","floor":3,"damage_taken":0},{"event_name":"Big Fish","player_choice":"Donut","floor":5,"damage_taken":0},{"event_name":"Shining Light","player_choice":"Entered Light","floor":8,"damage_taken":0},{"event_name":"The Lab","player_choice":"Got Potions","floor":11,"damage_taken":0},{"event_name":"Cursed Tome","player_choice":"Obtained Book","floor":20,"damage_taken":0}],"boss_relics":[{"not_picked":["Orrery","Astrolabe"],"picked":"Nuclear Battery"}],"items_purged_floors":[],"potions_floor_spawned":[4,14,16,18],"seed_played":"3389447715228552336","killed_by":"Slaver and Parasite","ascension_level":2,"potions_obtained":[{"floor":4,"key":"Weak Potion"},{"floor":11,"key":"FairyPotion"},{"floor":11,"key":"Ancient Potion"}],"is_trial":false}