{"gold_per_floor":[213,25,38,38,55,84,84,116,187,203,203,235,235,262,262,361,361,377,31,41,57,57,83,83,8,8,19,19,49,67,84,84,187,187,201,201,201,201,220,220,255,255,255,255,80,96,130,130,130,130],"floor_reached":51,"playtime":6121,"items_purged":["Strike_R","Strike_R","Decay"],"score":757,"play_id":"a8306ca1-07aa-46b4-a4d5-6bf6b9c573d3","local_time":"20180806224332","is_ascension_mode":true,"campfire_choices":[{"data":"Bash","floor":7,"key":"SMITH"},{"data":"Bloodletting","floor":13,"key":"SMITH"},{"floor":15,"key":"REST"},{"floor":24,"key":"REST"},{"data":"Reaper","floor":28,"key":"SMITH"},{"data":"Inflame","floor":32,"key":"SMITH"},{"data":"Blood for Blood","floor":40,"key":"SMITH"},{"floor":42,"key":"REST"},{"data":"Brutality","floor":49,"key":"SMITH"}],"neow_cost":"NONE","seed_source_timestamp":909733686534839,"circlet_count":0,"master_deck":["Strike_R","Defend_R","Defend_R","Defend_R","Defend_R","Bash+1","Sword Boomerang","Intimidate","Inflame+1","Clothesline","Shockwave+1","Offering","Bloodletting+1","Bloodletting","Brutality+1","Body Slam","Shrug It Off+1","Blood for Blood+1","Reaper+1","Uppercut+1","Cleave","Headbutt","Uppercut","Offering+1","Seeing Red+1","Decay","Uppercut+1","Flex+1","Bandage Up+1","Secret Technique+1","Warcry+1","Armaments+1","Shockwave+1","Clothesline"],"relics":["Burning Blood","Champion Belt","Potion Belt","Self Forming Clay","Letter Opener","Bag of Marbles","Runic Cube","Paper Frog","Kunai","Regal Pillow","Toxic Egg 2","White Beast Statue","Lantern","Orichalcum","Question Card","Red Skull"],"potions_floor_usage":[8,14,16,27,30,30,33,33,33,50,50,50,50,50],"damage_taken":[{"damage":6,"enemies":"Cultist","floor":1,"turns":4},{"damage":2,"enemies":"2 Louse","floor":3,"turns":3},{"damage":6,"enemies":"Jaw Worm","floor":5,"turns":4},{"damage":17,"enemies":"Gremlin Nob","floor":6,"turns":5},{"damage":16,"enemies":"Lagavulin","floor":8,"turns":5},{"damage":8,"enemies":"Large Slime","floor":10,"turns":4},{"damage":12,"enemies":"Gremlin Nob","floor":12,"turns":4},{"damage":17,"enemies":"3 Sentries","floor":14,"turns":6},{"damage":30,"enemies":"Hexaghost","floor":16,"turns":8},{"damage":16,"enemies":"Shell Parasite","floor":18,"turns":3},{"damage":16,"enemies":"2 Thieves","floor":20,"turns":3},{"damage":16,"enemies":"Snake Plant","floor":21,"turns":3},{"damage":19,"enemies":"Book of Stabbing","floor":23,"turns":3},{"damage":27,"enemies":"Centurion and Healer","floor":27,"turns":4},{"damage":19,"enemies":"Gremlin Leader","floor":29,"turns":4},{"damage":19,"enemies":"Slaver and Parasite","floor":30,"turns":3},{"damage":13,"enemies":"3 Cultists","floor":31,"turns":3},{"damage":74,"enemies":"Automaton","floor":33,"turns":9},{"damage":25,"enemies":"3 Shapes","floor":35,"turns":3},{"damage":17,"enemies":"Flame Bruiser 1 Orb","floor":39,"turns":4},{"damage":33,"enemies":"Giant Head","floor":41,"turns":5},{"damage":8,"enemies":"Sphere and 2 Shapes","floor":46,"turns":3},{"damage":20,"enemies":"Nemesis","floor":47,"turns":3},{"damage":86,"enemies":"Time Eater","floor":50,"turns":11}],"seed_played":"905014705003347257","potions_obtained":[{"floor":5,"key":"Poison Potion"},{"floor":8,"key":"Block Potion"},{"floor":10,"key":"Energy Potion"},{"floor":14,"key":"Regen Potion"},{"floor":18,"key":"AttackPotion"},{"floor":21,"key":"Swift Potion"},{"floor":23,"key":"Fruit Juice"},{"floor":29,"key":"PowerPotion"},{"floor":31,"key":"Energy Potion"},{"floor":35,"key":"FearPotion"},{"floor":39,"key":"BloodPotion"},{"floor":41,"key":"Fire Potion"},{"floor":46,"key":"FearPotion"},{"floor":47,"key":"Explosive Potion"}],"is_trial":false,"path_per_floor":["M","$","M","$","M","E","R","E","T","M","?","E","R","E","R","B",null,"M","$","M","M","?","E","R","?","T","M","R","E","M","M","R","B",null,"M","?","T","?","M","R","E","R","T","?","$","M","E","?","R","B"],"character_chosen":"IRONCLAD","items_purchased":["Intimidate","Inflame","Paper Frog","Warcry+1"],"campfire_rested":3,"item_purchase_floors":[2,2,19,45],"current_hp_per_floor":[80,80,80,80,80,69,69,59,59,57,57,51,51,40,64,55,80,70,70,60,50,50,37,61,61,61,59,59,70,57,62,62,9,85,80,80,80,80,80,80,53,85,85,80,80,84,76,76,76,24],"gold":130,"neow_bonus":"HUNDRED_GOLD","is_prod":false,"is_daily":false,"chose_seed":false,"campfire_upgraded":6,"win_rate":0,"timestamp":1533620612,"path_taken":["M","$","M","?","M","E","R","E","T","?","?","E","R","E","R","BOSS","M","$","M","M","?","E","R","?","T","M","R","E","M","M","R","BOSS","M","?","?","?","?","R","E","R","T","?","$","M","E","?","R","BOSS"],"build_version":"2018-08-02","purchased_purges":3,"victory":true,"max_hp_per_floor":[80,80,80,80,80,80,80,80,80,80,80,80,80,80,80,80,80,80,80,80,80,80,80,80,80,80,85,85,85,85,85,85,85,85,85,85,85,85,85,85,85,85,85,85,85,85,85,85,85,85],"card_choices":[{"not_picked":["Body Slam","Armaments"],"picked":"Sword Boomerang","floor":1},{"not_picked":["Whirlwind","Headbutt"],"picked":"Clothesline","floor":3},{"not_picked":["Pommel Strike","Havoc"],"picked":"Shockwave","floor":5},{"not_picked":["Fire Breathing","Heavy Blade","Burning Pact"],"picked":"SKIP","floor":6},{"not_picked":["Battle Trance","Warcry"],"picked":"Offering","floor":8},{"not_picked":["Burning Pact","Warcry"],"picked":"Bloodletting","floor":10},{"not_picked":["Heavy Blade","True Grit"],"picked":"Bloodletting","floor":12},{"not_picked":["Heavy Blade","Havoc","Anger"],"picked":"SKIP","floor":14},{"not_picked":["Immolate","Double Tap"],"picked":"Brutality","floor":16},{"not_picked":["Pommel Strike+1","Second Wind+1"],"picked":"Body Slam","floor":18},{"not_picked":["Body Slam","Wild Strike"],"picked":"Shrug It Off+1","floor":20},{"not_picked":["Heavy Blade","Flex+1"],"picked":"Blood for Blood","floor":21},{"not_picked":["Pummel","Disarm"],"picked":"Reaper","floor":23},{"not_picked":["Cleave","Combust"],"picked":"Uppercut+1","floor":27},{"not_picked":["Dark Embrace","Armaments"],"picked":"Cleave","floor":29},{"not_picked":["Cleave+1","True Grit+1"],"picked":"Headbutt","floor":30},{"not_picked":["Pummel+1","Flex+1"],"picked":"Uppercut","floor":31},{"not_picked":["Feed","Dark Embrace"],"picked":"Offering+1","floor":33},{"not_picked":["Infernal Blade+1","Warcry+1"],"picked":"Seeing Red+1","floor":35},{"not_picked":["Warcry+1","Body Slam+1"],"picked":"Uppercut+1","floor":39},{"not_picked":["Twin Strike","Reckless Charge+1"],"picked":"Flex+1","floor":41},{"not_picked":["Swift Strike","Purity+1","Secret Weapon+1"],"picked":"Bandage Up+1","floor":44},{"not_picked":["Deep Breath+1","Swift Strike","Flash of Steel"],"picked":"Secret Technique+1","floor":44},{"not_picked":["Second Wind+1","Shrug It Off+1","Perfected Strike+1"],"picked":"Armaments+1","floor":46},{"not_picked":["Warcry+1","Whirlwind+1","Armaments+1"],"picked":"Shockwave+1","floor":47}],"player_experience":48661,"relics_obtained":[{"floor":6,"key":"Champion Belt"},{"floor":8,"key":"Potion Belt"},{"floor":9,"key":"Self Forming Clay"},{"floor":12,"key":"Letter Opener"},{"floor":14,"key":"Bag of Marbles"},{"floor":23,"key":"Kunai"},{"floor":26,"key":"Regal Pillow"},{"floor":29,"key":"Toxic Egg 2"},{"floor":37,"key":"Lantern"},{"floor":41,"key":"Orichalcum"},{"floor":43,"key":"Question Card"},{"floor":47,"key":"Red Skull"}],"event_choices":[{"event_name":"Living Wall","player_choice":"Grow","floor":11,"damage_taken":0},{"event_name":"Forgotten Altar","player_choice":"Smashed Altar","floor":22,"damage_taken":0},{"event_name":"Beggar","player_choice":"Gave Gold","floor":25,"damage_taken":0},{"event_name":"Tomb of Lord Red Mask","player_choice":"Ignored","floor":36,"damage_taken":0},{"event_name":"Wheel of Change","player_choice":"Curse","floor":38,"damage_taken":0},{"event_name":"SensoryStone","player_choice":"Memory 2","floor":44,"damage_taken":0},{"event_name":"Transmorgrifier","player_choice":"Transform","floor":48,"damage_taken":0}],"is_beta":false,"boss_relics":[{"not_picked":["Mark of Pain","Coffee Dripper"],"picked":"Runic Cube"},{"not_picked":["Calling Bell","Runic Pyramid"],"picked":"White Beast Statue"}],"items_purged_floors":[2,19,45],"is_endless":false,"potions_floor_spawned":[5,8,10,14,18,21,23,29,31,35,39,41,46,47],"ascension_level":1}