{"path_per_floor":["M","?","?","?","M","R","M","M","T","R","M","?","M","$","R","B",null,"M","?","?","M","M","R","E","T","T","R","$","?","M","E","R"],"character_chosen":"DEFECT","items_purchased":["Storm","Frozen Egg 2","Panache","Hologram"],"gold_per_floor":[117,117,117,417,440,440,464,480,480,480,499,499,520,46,46,171,171,196,196,111,128,146,146,180,204,231,231,109,109,123,150,150,150],"floor_reached":33,"campfire_rested":4,"playtime":1089,"item_purchase_floors":[14,14,14,28],"current_hp_per_floor":[60,60,60,48,44,44,44,32,32,52,49,35,26,26,46,46,69,45,45,45,50,37,57,41,46,58,58,58,58,55,17,39,0],"items_purged":["Strike_B"],"gold":150,"score":341,"play_id":"d5ea7c85-aac9-488e-8bec-d776e24ee030","local_time":"20180603234415","is_prod":false,"is_daily":false,"chose_seed":false,"is_ascension_mode":true,"campfire_upgraded":2,"win_rate":0.0,"timestamp":1528040655,"campfire_choices":[{"data":"Buffer","floor":6,"key":"SMITH"},{"floor":10,"key":"REST"},{"floor":15,"key":"REST"},{"floor":23,"key":"REST"},{"data":"Storm","floor":27,"key":"SMITH"},{"floor":32,"key":"REST"}],"path_taken":["M","?","?","?","M","R","M","?","T","R","M","?","?","$","R","BOSS","M","?","?","M","?","R","E","?","T","R","$","?","M","E","R","BOSS"],"build_version":"2018-05-31","seed_source_timestamp":121439727095631,"purchased_purges":1,"victory":false,"master_deck":["Strike_B","Strike_B","Strike_B","Defend_B","Defend_B","Defend_B+1","Defend_B","Zap","Dualcast","Streamline+1","Buffer+1","Defragment","Melter","Amplify","Hologram","Storm+1","Panache+1","Electrodynamics+1","Reprogram","Static Discharge+1","Hologram","Tempest+1"],"max_hp_per_floor":[75,75,69,69,69,69,69,69,69,69,69,69,69,69,69,69,69,69,69,69,69,69,69,69,69,76,76,76,76,76,76,76,76],"relics":["Cracked Core","Bloody Idol","Old Coin","Dead Branch","Frozen Egg 2","Inserter","Ginger","Dodecahedron","Potion Belt","Strawberry","Anchor"],"card_choices":[{"not_picked":["FTL","Conserve Battery"],"picked":"Streamline","floor":1},{"not_picked":["Melter","Auto Shields"],"picked":"Defragment","floor":5},{"not_picked":["Hologram","Barrage"],"picked":"Melter","floor":7},{"not_picked":["Steam","Hologram"],"picked":"Amplify","floor":8},{"not_picked":["Compile Driver","Gash"],"picked":"Hologram","floor":11},{"not_picked":["Hello World","Cold Snap","Steam"],"picked":"SKIP","floor":13},{"not_picked":["Creative AI+1","Fission"],"picked":"Electrodynamics+1","floor":16},{"not_picked":["Doom and Gloom","Steam Power","Sweeping Beam"],"picked":"SKIP","floor":18},{"not_picked":["Go for the Eyes","Hello World+1"],"picked":"Reprogram","floor":21},{"not_picked":["Ball Lightning","Coolheaded"],"picked":"Static Discharge+1","floor":22},{"not_picked":["Leap","Redo","Compile Driver"],"picked":"SKIP","floor":24},{"not_picked":["Hologram","Steam Power"],"picked":"Tempest+1","floor":30},{"not_picked":["Chaos","Aggregate","Steam"],"picked":"SKIP","floor":31}],"player_experience":430370,"potions_floor_usage":[11,16,18,30,31],"damage_taken":[{"damage":15,"enemies":"Jaw Worm","floor":1,"turns":4},{"damage":4,"enemies":"Cultist","floor":5,"turns":4},{"damage":0,"enemies":"2 Louse","floor":7,"turns":2},{"damage":12,"enemies":"Blue Slaver","floor":8,"turns":3},{"damage":3,"enemies":"Looter","floor":11,"turns":4},{"damage":9,"enemies":"2 Fungi Beasts","floor":13,"turns":3},{"damage":0,"enemies":"Slime Boss","floor":16,"turns":8},{"damage":24,"enemies":"3 Byrds","floor":18,"turns":3},{"damage":0,"enemies":"Spheric Guardian","floor":21,"turns":3},{"damage":18,"enemies":"3 Cultists","floor":22,"turns":3},{"damage":21,"enemies":"Gremlin Leader","floor":24,"turns":4},{"damage":8,"enemies":"Centurion and Healer","floor":30,"turns":3},{"damage":43,"enemies":"Slavers","floor":31,"turns":5},{"damage":48,"enemies":"Champ","floor":33,"turns":7}],"relics_obtained":[{"floor":9,"key":"Dead Branch"},{"floor":24,"key":"Dodecahedron"},{"floor":25,"key":"Potion Belt"},{"floor":26,"key":"Strawberry"},{"floor":31,"key":"Anchor"}],"event_choices":[{"event_name":"Match and Keep!","player_choice":"1 cards matched","floor":2,"damage_taken":0},{"event_name":"Golden Idol","player_choice":"Lose Max HP","floor":3,"damage_taken":0},{"event_name":"Scrap Ooze","player_choice":"success","floor":4,"damage_taken":12},{"event_name":"Shining Light","player_choice":"Entered Light","floor":12,"damage_taken":0},{"event_name":"Forgotten Altar","player_choice":"Gave Idol","floor":19,"damage_taken":0},{"event_name":"Addict","player_choice":"Obtained Relic","floor":20,"damage_taken":0},{"event_name":"N\u0027loth","player_choice":"Ignored","floor":29,"damage_taken":0}],"boss_relics":[{"not_picked":["Cursed Key","Black Star"],"picked":"Inserter"}],"items_purged_floors":[28],"potions_floor_spawned":[1,13,16,21,22,24],"seed_played":"-4260166019584128973","killed_by":"Champ","ascension_level":1,"potions_obtained":[{"floor":1,"key":"Dexterity Potion"},{"floor":13,"key":"Poison Potion"},{"floor":16,"key":"Explosive Potion"},{"floor":21,"key":"Energy Potion"},{"floor":22,"key":"SkillPotion"},{"floor":24,"key":"SpeedPotion"}],"is_trial":false}