{"gold_per_floor":[109,109,184,109,109,109,129,129,129,29,42,42,65,78,78,207,207,220,130,154,254,275,275,309,325,325,343,343],"floor_reached":28,"playtime":1428,"items_purged":["Defend_G","Strike_G"],"score":268,"play_id":"fbeeb115-f699-4f82-8799-50da217479f0","local_time":"20181114205130","is_ascension_mode":true,"campfire_choices":[{"floor":6,"key":"REST"},{"data":"Neutralize","floor":8,"key":"SMITH"},{"data":"Footwork","floor":12,"key":"SMITH"},{"data":"Survivor","floor":15,"key":"SMITH"},{"floor":23,"key":"REST"}],"neow_cost":"NONE","seed_source_timestamp":13159810872553,"circlet_count":0,"master_deck":["Defend_G","Defend_G","Defend_G","Strike_G","Strike_G","Strike_G","Strike_G","Survivor+1","Neutralize+1","Footwork+1","Corpse Explosion+1"],"relics":["Ring of the Snake","NeowsBlessing","Golden Idol","Orichalcum","Busted Crown","Strawberry","Letter Opener"],"potions_floor_usage":[16,16,16],"damage_taken":[{"damage":0,"enemies":"2 Louse","floor":1,"turns":1},{"damage":0,"enemies":"Jaw Worm","floor":7,"turns":1},{"damage":0,"enemies":"Small Slimes","floor":11,"turns":1},{"damage":0,"enemies":"Blue Slaver","floor":13,"turns":6},{"damage":0,"enemies":"Lots of Slimes","floor":14,"turns":9},{"damage":62,"enemies":"The Guardian","floor":16,"turns":22},{"damage":26,"enemies":"3 Byrds","floor":18,"turns":4},{"damage":0,"enemies":"Chosen","floor":20,"turns":6},{"damage":26,"enemies":"Sentry and Sphere","floor":22,"turns":6},{"damage":37,"enemies":"Slavers","floor":24,"turns":4},{"damage":7,"enemies":"Snake Plant","floor":25,"turns":5},{"damage":1,"enemies":"Centurion and Healer","floor":27,"turns":3},{"damage":19,"enemies":"Cultist and Chosen","floor":28,"turns":6}],"seed_played":"-1605963105920010083","potions_obtained":[{"floor":1,"key":"Regen Potion"},{"floor":7,"key":"LiquidBronze"},{"floor":14,"key":"Explosive Potion"},{"floor":18,"key":"Strength Potion"},{"floor":22,"key":"Weak Potion"},{"floor":24,"key":"FearPotion"}],"is_trial":false,"path_per_floor":["M","?","?","$","?","R","M","R","T","$","M","R","M","M","R","B",null,"M","?","M","?","M","R","E","M","T","M","M"],"character_chosen":"THE_SILENT","items_purchased":[],"campfire_rested":2,"item_purchase_floors":[],"current_hp_per_floor":[70,75,64,64,46,68,68,68,68,68,68,68,68,68,68,21,75,49,49,49,49,23,45,15,8,8,7,0],"gold":343,"neow_bonus":"THREE_ENEMY_KILL","is_prod":false,"is_daily":false,"chose_seed":false,"campfire_upgraded":3,"win_rate":0,"timestamp":1542250290,"path_taken":["M","?","?","$","?","R","M","R","T","$","M","R","M","?","R","BOSS","M","?","?","?","?","R","E","M","T","M","M"],"build_version":"2018-11-08","purchased_purges":2,"victory":false,"max_hp_per_floor":[70,75,75,75,75,75,75,75,75,75,75,75,75,75,75,75,75,75,75,75,75,75,75,82,82,82,82,82],"card_choices":[{"not_picked":["Caltrops","Backflip","Dagger Spray"],"picked":"SKIP","floor":1},{"not_picked":["Backflip","Sucker Punch","Distraction"],"picked":"SKIP","floor":7},{"not_picked":["Backflip","Underhanded Strike"],"picked":"Footwork","floor":11},{"not_picked":["All Out Attack","Envenom","PiercingWail"],"picked":"SKIP","floor":13},{"not_picked":["Poisoned Stab","Endless Agony","Distraction"],"picked":"SKIP","floor":14},{"not_picked":["Venomology","Die Die Die"],"picked":"Corpse Explosion","floor":16},{"not_picked":["Deadly Poison"],"picked":"SKIP","floor":18},{"not_picked":["Bouncing Flask"],"picked":"SKIP","floor":20},{"not_picked":["Underhanded Strike"],"picked":"SKIP","floor":22},{"not_picked":["Reflex+1"],"picked":"SKIP","floor":24},{"not_picked":["Flying Knee"],"picked":"SKIP","floor":25},{"not_picked":["Expertise"],"picked":"SKIP","floor":27}],"player_experience":222100,"relics_obtained":[{"floor":9,"key":"Orichalcum"},{"floor":24,"key":"Strawberry"},{"floor":26,"key":"Letter Opener"}],"event_choices":[{"damage_healed":0,"gold_gain":0,"player_choice":"Donut","damage_taken":0,"max_hp_gain":5,"max_hp_loss":0,"event_name":"Big Fish","floor":2,"gold_loss":0},{"damage_healed":0,"gold_gain":75,"player_choice":"Gather Gold","damage_taken":11,"max_hp_gain":0,"max_hp_loss":0,"event_name":"World of Goop","floor":3,"gold_loss":0},{"damage_healed":0,"gold_gain":0,"player_choice":"Take Damage","damage_taken":18,"relics_obtained":["Golden Idol"],"max_hp_gain":0,"max_hp_loss":0,"event_name":"Golden Idol","floor":5,"gold_loss":0},{"cards_removed":["Defend_G"],"damage_healed":0,"gold_gain":0,"player_choice":"Upgrade and Remove","damage_taken":0,"max_hp_gain":0,"max_hp_loss":0,"event_name":"Designer","floor":19,"gold_loss":90,"cards_upgraded":["Corpse Explosion"]},{"damage_healed":0,"gold_gain":100,"player_choice":"Pray","damage_taken":0,"max_hp_gain":0,"max_hp_loss":0,"event_name":"Golden Shrine","floor":21,"gold_loss":0}],"is_beta":false,"boss_relics":[{"not_picked":["White Beast Statue","Ectoplasm"],"picked":"Busted Crown"}],"items_purged_floors":[4,10],"is_endless":false,"potions_floor_spawned":[1,7,14,18,22,24,25],"killed_by":"Cultist and Chosen","ascension_level":1}