{"gold_per_floor":[210,285,305,12,12,12,29,44,44,44,56,56,76,76,76,179,179,189,189,221,236,249,249,264,479,502,537,537,550,235,247,247,350,350,363,44,44,55,277,311,328,346,346,143,155,167,183,195,195,195],"floor_reached":51,"playtime":6263,"items_purged":["Strike_B","Strike_B","Strike_B"],"score":720,"play_id":"36ca018d-01de-4be8-a83c-3f95b31ba925","local_time":"20190205200934","is_ascension_mode":false,"campfire_choices":[{"data":"Zap","floor":6.0,"key":"SMITH"},{"data":"Coolheaded","floor":10.0,"key":"SMITH"},{"data":"Dualcast","floor":12.0,"key":"SMITH"},{"floor":15.0,"key":"REST"},{"floor":23.0,"key":"REST"},{"floor":28.0,"key":"REST"},{"data":"Double Energy","floor":32.0,"key":"SMITH"},{"floor":49,"key":"RECALL"}],"neow_cost":"NONE","seed_source_timestamp":0,"circlet_count":0,"master_deck":["Defend_B","Defend_B","Defend_B","Defend_B","Zap+1","Dualcast+1","Compile Driver","Coolheaded+1","Doom and Gloom","Echo Form","Capacitor+1","Creative AI","Writhe","Chaos+1","Double Energy+1","Doom and Gloom","Self Repair+1","Chill+1","Self Repair","Madness","Meteor Strike","Consume+1","Capacitor","Loop"],"special_seed":0,"relics":["FrozenCore","Mummified Hand","Cables","Pear","Red Mask","Old Coin","Happy Flower","Dodecahedron","Coffee Dripper","Art of War","Incense Burner","Pantograph"],"potions_floor_usage":[46,46,50],"damage_taken":[{"damage":5.0,"enemies":"Small Slimes","floor":1.0,"turns":4.0},{"damage":1.0,"enemies":"Cultist","floor":3.0,"turns":3.0},{"damage":0.0,"enemies":"2 Louse","floor":7.0,"turns":3.0},{"damage":8.0,"enemies":"Looter","floor":8.0,"turns":3.0},{"damage":5.0,"enemies":"Gremlin Gang","floor":11.0,"turns":3.0},{"damage":0.0,"enemies":"3 Louse","floor":13.0,"turns":3.0},{"damage":0.0,"enemies":"Slime Boss","floor":16.0,"turns":6.0},{"damage":10.0,"enemies":"Spheric Guardian","floor":18.0,"turns":5.0},{"damage":24.0,"enemies":"Masked Bandits","floor":20.0,"turns":6.0},{"damage":7.0,"enemies":"Chosen","floor":21.0,"turns":5.0},{"damage":22.0,"enemies":"3 Cultists","floor":22.0,"turns":5.0},{"damage":6.0,"enemies":"Centurion and Healer","floor":24.0,"turns":5.0},{"damage":10.0,"enemies":"Book of Stabbing","floor":27.0,"turns":6.0},{"damage":0.0,"enemies":"Snecko","floor":29.0,"turns":4.0},{"damage":13.0,"enemies":"Snake Plant","floor":31.0,"turns":4.0},{"damage":47.0,"enemies":"Collector","floor":33.0,"turns":11.0},{"damage":13.0,"enemies":"Orb Walker","floor":35.0,"turns":4.0},{"damage":9.0,"enemies":"3 Darklings","floor":38.0,"turns":5.0},{"damage":19.0,"enemies":"Nemesis","floor":40.0,"turns":9.0},{"damage":14.0,"enemies":"Jaw Worm Horde","floor":41.0,"turns":5.0},{"damage":19.0,"enemies":"4 Shapes","floor":42.0,"turns":7.0},{"damage":44.0,"enemies":"Sphere and 2 Shapes","floor":45.0,"turns":6.0},{"damage":35,"enemies":"Transient","floor":46,"turns":5},{"damage":3,"enemies":"3 Darklings","floor":47,"turns":7},{"damage":0,"enemies":"Maw","floor":48,"turns":6},{"damage":16,"enemies":"Time Eater","floor":50,"turns":12}],"seed_played":"2253255933011726481","potions_obtained":[{"floor":1.0,"key":"SkillPotion"},{"floor":11.0,"key":"SpeedPotion"},{"floor":16.0,"key":"PowerPotion"},{"floor":20.0,"key":"Weak Potion"},{"floor":21.0,"key":"Fire Potion"},{"floor":31.0,"key":"Regen Potion"},{"floor":37.0,"key":"Swift Potion"},{"floor":42.0,"key":"AttackPotion"},{"floor":47,"key":"GamblersBrew"},{"floor":48,"key":"Weak Potion"}],"is_trial":false,"path_per_floor":["?","?","M","?","?","?","?","?","M","?"],"character_chosen":"DEFECT","items_purchased":["Mummified Hand","Coolheaded","Self Repair","Madness","Regen Potion","Art of War","Capacitor","FocusPotion"],"campfire_rested":3,"item_purchase_floors":[4,4,30,30,30,36,36,44],"current_hp_per_floor":[70,59,58,58,58,58,58,50,50,50,45,45,45,45,67,67,75,65,75,51,44,22,47,41,41,41,31,56,66,66,85,85,55,85,85,85,85,85,85,85,85,85,85,85,80,69,85,85,85,85],"gold":195,"neow_bonus":"HUNDRED_GOLD","is_prod":false,"is_daily":false,"chose_seed":false,"campfire_upgraded":4,"win_rate":0,"timestamp":1549393774,"path_taken":["M","?","M","$","?","R","?","M","T","R","M","R","M","?","R","BOSS","M","?","?","M","M","R","M","?","T","E","R","M","$","M","R","BOSS","M","$","?","?","?","E","M","M","T","$","M","M","M","M","R","BOSS"],"build_version":"2019-01-23","purchased_purges":3,"victory":true,"max_hp_per_floor":[75,75,75,75,75,75,75,75,75,75,75,75,75,75,75,75,75,75,85,85,85,85,85,85,85,85,85,85,85,85,85,85,85,85,85,85,85,85,85,85,85,85,85,85,85,85,85,85,85,85],"card_choices":[{"not_picked":["Reinforced Body","Fusion"],"picked":"Compile Driver","floor":1.0},{"not_picked":["Redo","Leap","Cold Snap"],"picked":"SKIP","floor":3.0},{"not_picked":["Conserve Battery","Barrage","Blizzard"],"picked":"SKIP","floor":7.0},{"not_picked":["Barrage","Cold Snap"],"picked":"Doom and Gloom","floor":8.0},{"not_picked":["Cold Snap","Steam"],"picked":"Echo Form","floor":11.0},{"not_picked":["Streamline","Double Energy"],"picked":"Capacitor","floor":13.0},{"not_picked":["Echo Form","Machine Learning"],"picked":"Creative AI","floor":16.0},{"not_picked":["Rebound","Redo","Hologram"],"picked":"SKIP","floor":18.0},{"not_picked":["Cold Snap+1","Static Discharge"],"picked":"Chaos+1","floor":20.0},{"not_picked":["Stack+1","Tempest+1"],"picked":"Double Energy","floor":21.0},{"not_picked":["Rebound+1","Glacier+1","Redo"],"picked":"SKIP","floor":22.0},{"not_picked":["Redo+1","Scrape"],"picked":"Doom and Gloom","floor":24.0},{"not_picked":["Doom and Gloom","Static Discharge+1"],"picked":"Self Repair+1","floor":27.0},{"not_picked":["BootSequence","Go for the Eyes"],"picked":"Chill+1","floor":29.0},{"not_picked":["Rebound","Consume","Streamline"],"picked":"SKIP","floor":31.0},{"not_picked":["Creative AI","All For One"],"picked":"Meteor Strike","floor":33.0},{"not_picked":["Redo+1","Streamline+1"],"picked":"Consume+1","floor":35.0},{"not_picked":["Streamline+1","Turbo+1","Go for the Eyes+1"],"picked":"SKIP","floor":38.0},{"not_picked":["Streamline+1","Turbo+1","Go for the Eyes+1"],"picked":"SKIP","floor":38.0},{"not_picked":["Melter+1","Redo+1","Coolheaded"],"picked":"SKIP","floor":40.0},{"not_picked":["Coolheaded","FTL+1"],"picked":"Loop","floor":41.0},{"not_picked":["Ball Lightning+1","Stack+1","Turbo+1"],"picked":"SKIP","floor":42.0},{"not_picked":["Turbo","Gash+1","Compile Driver"],"picked":"SKIP","floor":45.0},{"not_picked":["Static Discharge+1","Ball Lightning","Melter+1"],"picked":"SKIP","floor":46},{"not_picked":["Conserve Battery","Rebound+1","Auto Shields+1"],"picked":"SKIP","floor":47},{"not_picked":["Turbo","Steam Power","Meteor Strike"],"picked":"SKIP","floor":48}],"player_experience":120521,"relics_obtained":[{"floor":9.0,"key":"Cables"},{"floor":20.0,"key":"Red Mask"},{"floor":26.0,"key":"Happy Flower"},{"floor":27.0,"key":"Dodecahedron"},{"floor":40.0,"key":"Incense Burner"},{"floor":43.0,"key":"Pantograph"}],"event_choices":[{"damage_healed":0.0,"max_hp_gain":0.0,"max_hp_loss":0.0,"gold_gain":75.0,"event_name":"World of Goop","player_choice":"Gather Gold","floor":2.0,"gold_loss":0.0,"damage_taken":11.0},{"cards_removed":["Strike_B"],"damage_healed":0.0,"max_hp_gain":0.0,"max_hp_loss":0.0,"gold_gain":0.0,"event_name":"Bonfire Elementals","player_choice":"Offered Basic","floor":5.0,"gold_loss":0.0,"damage_taken":0.0},{"damage_healed":0.0,"max_hp_gain":0.0,"max_hp_loss":0.0,"gold_gain":0.0,"event_name":"Upgrade Shrine","player_choice":"Upgraded","floor":14.0,"gold_loss":0.0,"damage_taken":0.0,"cards_upgraded":["Capacitor"]},{"damage_healed":0.0,"max_hp_gain":0.0,"max_hp_loss":0.0,"gold_gain":0.0,"event_name":"The Mausoleum","player_choice":"Opened","floor":19.0,"gold_loss":0.0,"damage_taken":0.0,"relics_obtained":["Pear"],"cards_obtained":["Writhe"]},{"damage_healed":0.0,"max_hp_gain":0.0,"max_hp_loss":0.0,"gold_gain":0.0,"event_name":"Masked Bandits","player_choice":"Fought Bandits","floor":20.0,"gold_loss":0.0,"damage_taken":0.0},{"damage_healed":0.0,"max_hp_gain":0.0,"max_hp_loss":0.0,"gold_gain":0.0,"event_name":"Addict","player_choice":"Obtained Relic","floor":25.0,"gold_loss":85.0,"damage_taken":0.0,"relics_obtained":["Old Coin"]},{"damage_healed":0.0,"max_hp_gain":0.0,"max_hp_loss":0.0,"gold_gain":0.0,"event_name":"Lab","player_choice":"Got Potions","floor":37.0,"gold_loss":0.0,"damage_taken":0.0},{"damage_healed":0.0,"max_hp_gain":0.0,"max_hp_loss":0.0,"gold_gain":222.0,"event_name":"Tomb of Lord Red Mask","player_choice":"Wore Mask","floor":39.0,"gold_loss":0.0,"damage_taken":0.0}],"is_beta":false,"boss_relics":[{"not_picked":["Ectoplasm","Calling Bell"],"picked":"FrozenCore"},{"not_picked":["Runic Pyramid","Eternal Feather"],"picked":"Coffee Dripper"}],"items_purged_floors":[30,36,44],"is_endless":false,"potions_floor_spawned":[1,11,16,20,21,31,42,47,48],"ascension_level":0}