{"gold_per_floor":[114,129,144,159,6,6,21,21,21,36,36,1,31,46,46,146,146,161,161,161,176,191,221,221,236,236,236,251,266,0,15,15,15],"floor_reached":33,"playtime":3357,"items_purged":["Defend_B","Defend_B"],"score":273,"play_id":"33c8b498-ae61-47f7-960b-078501ea1ad7","local_time":"20181225140908","daily_mods":["Cursed Run","Uncertain Future","Binary"],"is_ascension_mode":false,"campfire_choices":[{"floor":6,"key":"REST"},{"data":"Redo","floor":8,"key":"SMITH"},{"floor":15,"key":"REST"},{"data":"Rainbow","floor":24,"key":"SMITH"},{"floor":27,"key":"REST"},{"floor":32,"key":"REST"}],"neow_cost":"","seed_source_timestamp":0,"circlet_count":0,"master_deck":["Strike_B","Strike_B","Strike_B","Strike_B","Defend_B","Defend_B","Zap","Dualcast","Rebound","Rebound","Conserve Battery","Sweeping Beam","Glacier","Redo+1","Amplify","Blizzard","Ball Lightning","Shame","Rainbow+1","Rebound","Undo","Fusion+1","Go for the Eyes","Go for the Eyes","Decay","Hologram","Master of Strategy","Beam Cell"],"special_seed":17890,"relics":["Cursed Key","Du-Vu Doll","Dodecahedron","Velvet Choker","Nloth\u0027s Gift","Shuriken"],"potions_floor_usage":[13,13,16,23,31,33,33],"damage_taken":[{"damage":0,"enemies":"Cultist","floor":1,"turns":3},{"damage":9,"enemies":"2 Louse","floor":2,"turns":2},{"damage":3,"enemies":"Small Slimes","floor":3,"turns":2},{"damage":5,"enemies":"Looter","floor":4,"turns":3},{"damage":15,"enemies":"Gremlin Gang","floor":7,"turns":7},{"damage":2,"enemies":"3 Louse","floor":10,"turns":2},{"damage":27,"enemies":"Gremlin Nob","floor":13,"turns":5},{"damage":0,"enemies":"Large Slime","floor":14,"turns":6},{"damage":33,"enemies":"The Guardian","floor":16,"turns":9},{"damage":0,"enemies":"Spheric Guardian","floor":18,"turns":3},{"damage":1,"enemies":"3 Byrds","floor":21,"turns":5},{"damage":6,"enemies":"Centurion and Healer","floor":22,"turns":7},{"damage":66,"enemies":"Gremlin Leader","floor":23,"turns":9},{"damage":7,"enemies":"Snake Plant","floor":25,"turns":4},{"damage":12,"enemies":"Shelled Parasite and Fungi","floor":28,"turns":5},{"damage":7,"enemies":"Snecko","floor":29,"turns":5},{"damage":5,"enemies":"3 Cultists","floor":31,"turns":4},{"damage":50,"enemies":"Champ","floor":33,"turns":10}],"seed_played":"-1417837412704543464","potions_obtained":[{"floor":4,"key":"Poison Potion"},{"floor":7,"key":"Weak Potion"},{"floor":10,"key":"SpeedPotion"},{"floor":14,"key":"FearPotion"},{"floor":22,"key":"AttackPotion"},{"floor":23,"key":"Dexterity Potion"},{"floor":25,"key":"Fire Potion"},{"floor":28,"key":"SpeedPotion"}],"is_trial":false,"path_per_floor":["M","M","M","M","$","R","M","R","T","M","?","?","E","M","R","B",null,"M","?","?","M","M","E","R","M","T","R","M","M","$","M","R","B"],"character_chosen":"DEFECT","items_purchased":["Glacier","Master of Strategy"],"campfire_rested":4,"item_purchase_floors":[5,30],"current_hp_per_floor":[75,66,63,58,58,75,60,60,66,64,64,81,54,54,78,51,87,87,87,87,86,80,14,14,7,7,33,21,14,14,9,35,0],"gold":15,"neow_bonus":"","is_prod":false,"is_daily":true,"chose_seed":false,"campfire_upgraded":2,"win_rate":0.0,"timestamp":1545743348,"path_taken":["M","?","M","M","$","R","M","R","T","M","?","?","E","M","R","BOSS","M","?","?","?","M","E","R","M","T","R","M","M","$","M","R","BOSS"],"build_version":"2018-12-20","purchased_purges":2,"victory":false,"max_hp_per_floor":[75,75,75,75,75,75,75,75,81,81,81,81,81,81,81,87,87,87,87,87,87,87,87,87,87,87,87,87,87,87,87,87,87],"card_choices":[{"not_picked":["Compile Driver"],"picked":"Rebound","floor":1},{"not_picked":["Heatsinks"],"picked":"Rebound","floor":2},{"not_picked":["Leap"],"picked":"Conserve Battery","floor":3},{"not_picked":["Blizzard"],"picked":"Sweeping Beam","floor":4},{"not_picked":["Auto Shields"],"picked":"Redo","floor":7},{"not_picked":["Gash"],"picked":"Amplify","floor":10},{"not_picked":["Scrape"],"picked":"Blizzard","floor":13},{"not_picked":["Turbo"],"picked":"Ball Lightning","floor":14},{"not_picked":["Amplify"],"picked":"Rainbow","floor":16},{"not_picked":["Rip and Tear"],"picked":"Rebound","floor":18},{"not_picked":["Defragment"],"picked":"Fusion+1","floor":21},{"not_picked":["Compile Driver","Static Discharge+1"],"picked":"SKIP","floor":22},{"not_picked":["Redo"],"picked":"Go for the Eyes","floor":23},{"not_picked":["Undo"],"picked":"Go for the Eyes","floor":25},{"not_picked":["Genetic Algorithm"],"picked":"Hologram","floor":28},{"not_picked":["Go for the Eyes","Compile Driver"],"picked":"SKIP","floor":29},{"not_picked":["Fusion"],"picked":"Beam Cell","floor":31}],"player_experience":86371,"relics_obtained":[{"floor":13,"key":"Dodecahedron"},{"floor":23,"key":"Shuriken"}],"event_choices":[{"cards_removed":["Doubt"],"damage_healed":0,"gold_gain":0,"player_choice":"Forget","damage_taken":0,"max_hp_gain":0,"max_hp_loss":0,"event_name":"Living Wall","floor":11,"gold_loss":0},{"damage_healed":20,"gold_gain":0,"player_choice":"Healed","damage_taken":0,"max_hp_gain":0,"max_hp_loss":0,"event_name":"The Cleric","floor":12,"gold_loss":35},{"damage_healed":0,"gold_gain":0,"player_choice":"Read","damage_taken":0,"max_hp_gain":0,"max_hp_loss":0,"event_name":"The Library","floor":19,"gold_loss":0,"cards_obtained":["Undo"]},{"damage_healed":0,"gold_gain":0,"player_choice":"Traded Relic","damage_taken":0,"relics_obtained":["Nloth\u0027s Gift"],"max_hp_gain":0,"max_hp_loss":0,"event_name":"N\u0027loth","floor":20,"relics_lost":["Darkstone Periapt"],"gold_loss":0}],"is_beta":false,"boss_relics":[{"not_picked":["Astrolabe","White Beast Statue"],"picked":"Velvet Choker"}],"items_purged_floors":[5,30],"is_endless":false,"potions_floor_spawned":[4,7,10,14,22,23,25,28],"killed_by":"Champ","ascension_level":0}