{"gold_per_floor":[218,218,138,153,153,153,178,191,218,257,280,280,315,334,334,334],"floor_reached":16,"playtime":696,"items_purged":[],"score":190,"play_id":"c0f4fd43-7697-4341-8b7e-d891f7b5f61a","local_time":"20190225223122","is_ascension_mode":true,"campfire_choices":[{"data":"Corruption","floor":6,"key":"SMITH"},{"floor":15,"key":"REST"}],"neow_cost":"NONE","seed_source_timestamp":318464408325183,"circlet_count":0,"master_deck":["AscendersBane","Strike_R","Strike_R","Strike_R","Strike_R","Strike_R","Defend_R","Defend_R","Defend_R","Defend_R","Bash","Seeing Red","Corruption+1","Cleave","True Grit+1","Battle Trance","Warcry","Havoc","Sentinel","Metallicize"],"relics":["Burning Blood","Golden Idol","Juzu Bracelet","Pen Nib","Darkstone Periapt"],"potions_floor_usage":[10,13,16],"damage_taken":[{"damage":1,"enemies":"Cultist","floor":1,"turns":3},{"damage":12,"enemies":"Small Slimes","floor":4,"turns":5},{"damage":5,"enemies":"2 Louse","floor":7,"turns":3},{"damage":7,"enemies":"2 Fungi Beasts","floor":8,"turns":3},{"damage":4,"enemies":"3 Sentries","floor":10,"turns":8},{"damage":14,"enemies":"Large Slime","floor":11,"turns":6},{"damage":33,"enemies":"Gremlin Nob","floor":13,"turns":5},{"damage":25,"enemies":"Exordium Thugs","floor":14,"turns":4},{"damage":34,"enemies":"Hexaghost","floor":16,"turns":9}],"seed_played":"1065219461191959448","potions_obtained":[{"floor":1,"key":"FearPotion"},{"floor":7,"key":"PowerPotion"},{"floor":14,"key":"SneckoOil"}],"is_trial":false,"path_per_floor":["M","?","$","M","?","R","M","M","T","E","M","?","E","M","R","B"],"character_chosen":"IRONCLAD","items_purchased":["Corruption"],"campfire_rested":1,"item_purchase_floors":[3],"current_hp_per_floor":[73,69,69,63,63,63,64,63,63,65,57,57,30,11,31,0],"gold":334,"neow_bonus":"HUNDRED_GOLD","is_prod":false,"is_daily":false,"chose_seed":false,"campfire_upgraded":1,"win_rate":0,"timestamp":1551101482,"path_taken":["M","?","$","M","?","R","M","M","T","E","M","?","E","M","R","BOSS"],"build_version":"2019-01-23","purchased_purges":0,"victory":false,"max_hp_per_floor":[75,69,69,69,69,69,69,69,69,69,69,69,69,69,69,69],"card_choices":[{"not_picked":["Sentinel","Rupture"],"picked":"Seeing Red","floor":1},{"not_picked":["Feel No Pain","Perfected Strike"],"picked":"Cleave","floor":4},{"not_picked":["Evolve","Clothesline"],"picked":"True Grit","floor":7},{"not_picked":["Carnage","Body Slam"],"picked":"Battle Trance","floor":8},{"not_picked":["Blood for Blood","Cleave"],"picked":"Warcry","floor":10},{"not_picked":["Body Slam","Thunderclap"],"picked":"Havoc","floor":11},{"not_picked":["Sever Soul","Body Slam"],"picked":"Sentinel","floor":13},{"not_picked":["Iron Wave","Flex"],"picked":"Metallicize","floor":14}],"player_experience":100675,"relics_obtained":[{"floor":9,"key":"Juzu Bracelet"},{"floor":10,"key":"Pen Nib"},{"floor":13,"key":"Darkstone Periapt"}],"event_choices":[{"damage_healed":0,"gold_gain":0,"player_choice":"Lose Max HP","damage_taken":0,"relics_obtained":["Golden Idol"],"max_hp_gain":0,"max_hp_loss":6,"event_name":"Golden Idol","floor":2,"gold_loss":0},{"damage_healed":0,"gold_gain":0,"player_choice":"Ignored","damage_taken":0,"max_hp_gain":0,"max_hp_loss":0,"event_name":"Liars Game","floor":5,"gold_loss":0},{"damage_healed":0,"gold_gain":0,"player_choice":"Grow","damage_taken":0,"max_hp_gain":0,"max_hp_loss":0,"event_name":"Living Wall","floor":12,"gold_loss":0,"cards_upgraded":["True Grit"]}],"is_beta":false,"boss_relics":[],"items_purged_floors":[],"is_endless":false,"potions_floor_spawned":[1,7,14],"killed_by":"Hexaghost","ascension_level":14}