{"gold_per_floor":[115,129,129,54,54,54,66,66,93,93,93,93,112,138,138,239,239,259,259,159,171,190,221,239,239,285,285,285,160,75,86,86,183,183,194,194,44,63,63,88,88,106,106,106,106,106,126,137,137,137],"floor_reached":51,"playtime":2244,"items_purged":["Strike_R","Strike_R","Pain","Strike_R"],"score":818,"play_id":"612b048c-3be7-40cc-9ecc-9b285e6f2182","local_time":"20190223041541","is_ascension_mode":false,"campfire_choices":[{"data":"Whirlwind","floor":6,"key":"SMITH"},{"data":"Body Slam","floor":8,"key":"SMITH"},{"data":"Iron Wave","floor":10,"key":"SMITH"},{"data":"True Grit","floor":15,"key":"SMITH"},{"data":"Barricade","floor":25,"key":"SMITH"},{"data":"Demon Form","floor":27,"key":"SMITH"},{"data":"RitualDagger","floor":32,"key":"SMITH"},{"data":"Defend_R","floor":41,"key":"SMITH"},{"data":"Defend_R","floor":44,"key":"SMITH"},{"data":"Disarm","floor":49,"key":"SMITH"}],"neow_cost":"NONE","seed_source_timestamp":21523517758373,"circlet_count":0,"master_deck":["Defend_R+1","Defend_R+1","Defend_R+1","Defend_R+1","Iron Wave+1","Whirlwind+1","Iron Wave+1","Body Slam+1","True Grit+1","Barricade+1","Body Slam+1","Demon Form+1","RitualDagger+1","Ghostly Armor+1","Parasite","Disarm+1"],"relics":["Burning Blood","Oddly Smooth Stone","Gremlin Horn","Cursed Key","Ornamental Fan","Dream Catcher","Mummified Hand","Philosopher\u0027s Stone","Happy Flower"],"potions_floor_usage":[50,50],"damage_taken":[{"damage":5,"enemies":"2 Louse","floor":1,"turns":3},{"damage":1,"enemies":"Cultist","floor":2,"turns":4},{"damage":0,"enemies":"Jaw Worm","floor":7,"turns":3},{"damage":0,"enemies":"3 Louse","floor":13,"turns":1},{"damage":3,"enemies":"3 Sentries","floor":14,"turns":7},{"damage":11,"enemies":"The Guardian","floor":16,"turns":13},{"damage":0,"enemies":"3 Byrds","floor":18,"turns":3},{"damage":3,"enemies":"Spheric Guardian","floor":21,"turns":6},{"damage":3,"enemies":"Snake Plant","floor":22,"turns":2},{"damage":34,"enemies":"Book of Stabbing","floor":23,"turns":7},{"damage":4,"enemies":"Chosen and Byrds","floor":24,"turns":4},{"damage":0,"enemies":"Snecko","floor":31,"turns":5},{"damage":0,"enemies":"Champ","floor":33,"turns":9},{"damage":11,"enemies":"Orb Walker","floor":35,"turns":4},{"damage":14,"enemies":"3 Darklings","floor":38,"turns":4},{"damage":0,"enemies":"Giant Head","floor":40,"turns":7},{"damage":4,"enemies":"Writhing Mass","floor":42,"turns":5},{"damage":0,"enemies":"Jaw Worm Horde","floor":47,"turns":4},{"damage":2,"enemies":"3 Darklings","floor":48,"turns":4},{"damage":9,"enemies":"Time Eater","floor":50,"turns":9}],"seed_played":"-2870048174184599232","potions_obtained":[{"floor":1,"key":"Poison Potion"},{"floor":2,"key":"PowerPotion"},{"floor":13,"key":"SkillPotion"},{"floor":14,"key":"EntropicBrew"},{"floor":16,"key":"Dexterity Potion"},{"floor":38,"key":"Dexterity Potion"},{"floor":47,"key":"FairyPotion"}],"is_trial":false,"path_per_floor":["M","M","?","$","?","R","M","R","T","R","$","?","M","E","R","B",null,"M","?","$","M","M","E","M","R","T","R","?","$","?","M","R","B",null,"M","?","$","M","?","E","R","M","T","R","?","$","M","M","R","B",null],"character_chosen":"IRONCLAD","items_purchased":[],"campfire_rested":0,"item_purchase_floors":[],"current_hp_per_floor":[80,80,80,80,64,64,70,70,70,70,70,63,69,72,72,67,80,80,80,80,80,80,52,54,54,54,54,48,48,48,54,54,60,80,75,75,75,67,67,73,73,75,75,75,75,75,80,80,80,77],"gold":137,"neow_bonus":"UPGRADE_CARD","is_prod":false,"is_daily":false,"chose_seed":false,"campfire_upgraded":10,"win_rate":0,"timestamp":1550913341,"path_taken":["M","M","?","?","?","R","M","R","T","R","$","?","?","E","R","BOSS","M","?","$","M","?","E","?","R","T","R","?","$","?","M","R","BOSS","M","?","?","M","?","E","R","?","T","R","?","$","?","M","R","BOSS"],"build_version":"2019-01-23","purchased_purges":4,"victory":true,"max_hp_per_floor":[80,80,80,80,80,80,80,80,80,80,80,80,80,80,80,80,80,80,80,80,80,80,80,80,80,80,80,80,80,80,80,80,80,80,80,80,80,80,80,80,80,80,80,80,80,80,80,80,80,80],"card_choices":[{"not_picked":["Power Through","Hemokinesis"],"picked":"Iron Wave","floor":1},{"not_picked":["Infernal Blade","Clothesline"],"picked":"Whirlwind","floor":2},{"not_picked":["Iron Wave","Fire Breathing"],"picked":"Body Slam","floor":7},{"not_picked":["Body Slam","Shrug It Off"],"picked":"True Grit","floor":13},{"not_picked":["Uppercut","Carnage","Clash"],"picked":"SKIP","floor":14},{"not_picked":["Demon Form","Bludgeon"],"picked":"Barricade","floor":16},{"not_picked":["Carnage","Second Wind","Pommel Strike"],"picked":"SKIP","floor":18},{"not_picked":["Clothesline+1","Entrench","Sword Boomerang+1"],"picked":"SKIP","floor":21},{"not_picked":["Warcry","Anger","Iron Wave+1"],"picked":"SKIP","floor":22},{"not_picked":["Thunderclap","Pommel Strike"],"picked":"Demon Form","floor":23},{"not_picked":["Searing Blow","Whirlwind+1","Heavy Blade"],"picked":"SKIP","floor":24},{"not_picked":["Perfected Strike","Flex+1","Sword Boomerang"],"picked":"SKIP","floor":31},{"not_picked":["Flex+1","Rupture+1","Perfected Strike+1"],"picked":"SKIP","floor":35},{"not_picked":["Thunderclap","Armaments+1","Clash"],"picked":"SKIP","floor":38},{"not_picked":["Heavy Blade","Armaments"],"picked":"Ghostly Armor+1","floor":40},{"not_picked":["Demon Form","Perfected Strike","Flex"],"picked":"SKIP","floor":42},{"not_picked":["Clash+1","Sword Boomerang","Anger"],"picked":"SKIP","floor":47},{"not_picked":["Clash","Thunderclap"],"picked":"Disarm","floor":48}],"player_experience":424678,"relics_obtained":[{"floor":9,"key":"Oddly Smooth Stone"},{"floor":14,"key":"Gremlin Horn"},{"floor":23,"key":"Ornamental Fan"},{"floor":26,"key":"Dream Catcher"},{"floor":40,"key":"Happy Flower"}],"event_choices":[{"cards_removed":["Strike_R"],"damage_healed":0,"gold_gain":0,"player_choice":"Took Card","damage_taken":0,"max_hp_gain":0,"max_hp_loss":0,"event_name":"NoteForYourself","floor":3,"gold_loss":0,"cards_obtained":["Iron Wave"]},{"damage_healed":0,"gold_gain":0,"player_choice":"Entered Light","damage_taken":16,"max_hp_gain":0,"max_hp_loss":0,"event_name":"Shining Light","floor":5,"gold_loss":0,"cards_upgraded":["Defend_R","Iron Wave"]},{"cards_removed":["Strike_R"],"damage_healed":0,"gold_gain":0,"player_choice":"Card Removal","damage_taken":7,"max_hp_gain":0,"max_hp_loss":0,"event_name":"Golden Wing","floor":12,"gold_loss":0},{"damage_healed":0,"gold_gain":0,"player_choice":"Copied","damage_taken":0,"max_hp_gain":0,"max_hp_loss":0,"event_name":"Duplicator","floor":19,"gold_loss":0,"cards_obtained":["Body Slam"]},{"damage_healed":0,"gold_gain":0,"player_choice":"Joined the Cult","damage_taken":6,"max_hp_gain":0,"max_hp_loss":0,"event_name":"Nest","floor":28,"gold_loss":0,"cards_obtained":["RitualDagger"]},{"damage_healed":0,"gold_gain":0,"player_choice":"Obtained Relic","damage_taken":0,"relics_obtained":["Mummified Hand"],"max_hp_gain":0,"max_hp_loss":0,"event_name":"Addict","floor":30,"gold_loss":85},{"damage_healed":0,"gold_gain":0,"player_choice":"0 cards matched","damage_taken":0,"max_hp_gain":0,"max_hp_loss":0,"event_name":"Match and Keep!","floor":36,"gold_loss":0,"cards_obtained":[]},{"cards_removed":["Bash"],"damage_healed":0,"gold_gain":0,"player_choice":"Offered Basic","damage_taken":0,"max_hp_gain":0,"max_hp_loss":0,"event_name":"Bonfire Elementals","floor":39,"gold_loss":0},{"damage_healed":0,"gold_gain":0,"player_choice":"Upgraded","damage_taken":0,"max_hp_gain":0,"max_hp_loss":0,"event_name":"Upgrade Shrine","floor":45,"gold_loss":0,"cards_upgraded":["Defend_R"]}],"is_beta":false,"boss_relics":[{"not_picked":["Black Star","Runic Pyramid"],"picked":"Cursed Key"},{"not_picked":["Fusion Hammer","Astrolabe"],"picked":"Philosopher\u0027s Stone"}],"items_purged_floors":[4,20,29,37],"is_endless":false,"potions_floor_spawned":[1,2,13,14,16,21,23,31,38,42,47],"ascension_level":0}