{"gold_per_floor":[110,127,45,56,56,56,119,131,158,158,158,158,177,197,197,293,293,312,118,151,161,7,7,24,24,24,24,39,39,39,39,39,143,143,162,175,175,66,66,66,86,86,110,132,144,378,407,430,442,454],"floor_reached":51,"playtime":3246,"items_purged":["Writhe"],"score":712,"play_id":"e6f440f7-23e0-47d6-9665-91747aaa5c77","local_time":"20190202031148","is_ascension_mode":false,"campfire_choices":[{"data":"Feed","floor":6,"key":"SMITH"},{"data":"Armaments","floor":10,"key":"SMITH"},{"floor":12,"key":"REST"},{"data":"Spot Weakness","floor":15,"key":"SMITH"},{"floor":23,"key":"REST"},{"floor":25,"key":"REST"},{"data":"Demon Form","floor":27,"key":"SMITH"},{"floor":32,"key":"REST"},{"data":"Battle Trance","floor":40,"key":"SMITH"},{"data":"Flex","floor":42,"key":"SMITH"},{"data":"Sword Boomerang","floor":45,"key":"SMITH"},{"floor":49,"key":"REST"}],"neow_cost":"NONE","seed_source_timestamp":1256841242607481,"circlet_count":0,"master_deck":["Strike_R+1","Strike_R+1","Strike_R+1","Strike_R+1","Strike_R+1","Defend_R+1","Defend_R+1","Defend_R+1","Bash","Reaper+1","Battle Trance+1","Twin Strike","Spot Weakness+1","Feed+1","Sword Boomerang+1","Armaments+1","Warcry","Demon Form+1","Flex+1","Master of Strategy","Sword Boomerang+1","Whirlwind+1","Heavy Blade+1"],"relics":["Black Blood","Boot","Strawberry","Red Mask","Blood Vial","Incense Burner","Centennial Puzzle","Mark of Pain","MawBank"],"potions_floor_usage":[20,20,48,50,50,50],"damage_taken":[{"damage":1,"enemies":"Cultist","floor":1,"turns":3},{"damage":5,"enemies":"2 Louse","floor":2,"turns":4},{"damage":5,"enemies":"Small Slimes","floor":4,"turns":3},{"damage":60,"enemies":"Gremlin Nob","floor":7,"turns":6},{"damage":4,"enemies":"Blue Slaver","floor":8,"turns":3},{"damage":10,"enemies":"Looter","floor":13,"turns":3},{"damage":21,"enemies":"3 Louse","floor":14,"turns":3},{"damage":40,"enemies":"Slime Boss","floor":16,"turns":9},{"damage":51,"enemies":"2 Thieves","floor":18,"turns":5},{"damage":46,"enemies":"Masked Bandits","floor":20,"turns":4},{"damage":64,"enemies":"Chosen","floor":21,"turns":9},{"damage":52,"enemies":"Snake Plant","floor":24,"turns":5},{"damage":28,"enemies":"Chosen and Byrds","floor":28,"turns":5},{"damage":52,"enemies":"Champ","floor":33,"turns":10},{"damage":57,"enemies":"3 Darklings","floor":35,"turns":7},{"damage":1,"enemies":"Orb Walker","floor":36,"turns":3},{"damage":28,"enemies":"Maw","floor":41,"turns":6},{"damage":28,"enemies":"Transient","floor":44,"turns":5},{"damage":39,"enemies":"Sphere and 2 Shapes","floor":47,"turns":5},{"damage":17,"enemies":"Jaw Worm Horde","floor":48,"turns":4},{"damage":113,"enemies":"Awakened One","floor":50,"turns":9}],"seed_played":"-6802121955331471126","potions_obtained":[{"floor":4,"key":"Poison Potion"},{"floor":13,"key":"Fire Potion"},{"floor":14,"key":"AttackPotion"},{"floor":24,"key":"GamblersBrew"},{"floor":33,"key":"Dexterity Potion"},{"floor":48,"key":"PowerPotion"}],"is_trial":false,"path_per_floor":["M","?","?","?","?","?","?","?","?","M","?"],"character_chosen":"IRONCLAD","items_purchased":["Spot Weakness","Flex","Master of Strategy","Blood Vial","Whirlwind"],"campfire_rested":5,"item_purchase_floors":[3,19,19,22,38],"current_hp_per_floor":[80,80,80,80,80,80,40,46,53,53,53,81,89,88,88,58,107,85,85,75,29,29,62,35,69,69,69,78,78,78,78,113,97,123,123,123,123,123,123,123,105,105,105,89,89,89,71,78,116,19],"gold":466,"neow_bonus":"ONE_RANDOM_RARE_CARD","is_prod":false,"is_daily":false,"chose_seed":false,"campfire_upgraded":7,"win_rate":0,"timestamp":1549073508,"path_taken":["M","M","$","?","$","R","?","M","T","R","?","R","M","M","R","BOSS","M","$","?","M","$","R","M","R","T","R","M","?","?","?","R","BOSS","M","M","?","$","?","R","M","R","T","?","R","?","M","M","R","BOSS"],"build_version":"2019-01-23","purchased_purges":1,"victory":true,"max_hp_per_floor":[80,80,80,80,80,80,84,88,95,95,95,95,99,103,103,107,107,111,111,111,111,111,111,115,115,115,115,119,119,119,119,119,123,123,123,123,123,123,123,123,123,123,123,123,123,123,123,127,127,131],"card_choices":[{"not_picked":["Shrug It Off","Second Wind"],"picked":"Battle Trance","floor":1},{"not_picked":["Body Slam","Battle Trance"],"picked":"Twin Strike","floor":2},{"not_picked":["True Grit","Anger"],"picked":"Feed","floor":4},{"not_picked":["Burning Pact","Infernal Blade"],"picked":"Sword Boomerang","floor":7},{"not_picked":["Cleave","Whirlwind"],"picked":"Armaments","floor":8},{"not_picked":["True Grit","Body Slam","Reckless Charge"],"picked":"SKIP","floor":13},{"not_picked":["Second Wind","Anger"],"picked":"Warcry","floor":14},{"not_picked":["Feed","Berserk"],"picked":"Demon Form","floor":16},{"not_picked":["Cleave","Armaments","Shrug It Off"],"picked":"SKIP","floor":18},{"not_picked":["Twin Strike","Body Slam"],"picked":"Sword Boomerang+1","floor":21},{"not_picked":["Clothesline","Second Wind","Ghostly Armor"],"picked":"SKIP","floor":24},{"not_picked":["Fire Breathing","Clash","Power Through"],"picked":"SKIP","floor":28},{"not_picked":["Power Through","Perfected Strike","Clothesline+1"],"picked":"SKIP","floor":35},{"not_picked":["Warcry","Wild Strike","Armaments+1"],"picked":"SKIP","floor":36},{"not_picked":["Twin Strike","Sever Soul+1"],"picked":"Heavy Blade+1","floor":41},{"not_picked":["Headbutt+1","Sever Soul","Whirlwind"],"picked":"SKIP","floor":44},{"not_picked":["Wild Strike+1","Rampage+1","Shrug It Off"],"picked":"SKIP","floor":47},{"not_picked":["Armaments+1","Rage+1","Feed"],"picked":"SKIP","floor":48}],"player_experience":55588,"relics_obtained":[{"floor":7,"key":"Boot"},{"floor":9,"key":"Strawberry"},{"floor":20,"key":"Red Mask"},{"floor":26,"key":"Incense Burner"},{"floor":43,"key":"MawBank"}],"event_choices":[{"damage_healed":0,"gold_gain":0,"player_choice":"Searched \u00271\u0027 times","damage_taken":0,"max_hp_gain":0,"max_hp_loss":0,"event_name":"Dead Adventurer","floor":7,"gold_loss":0},{"damage_healed":0,"gold_gain":0,"player_choice":"Grow","damage_taken":0,"max_hp_gain":0,"max_hp_loss":0,"event_name":"Living Wall","floor":11,"gold_loss":0,"cards_upgraded":["Reaper"]},{"damage_healed":0,"gold_gain":0,"player_choice":"Fought Bandits","damage_taken":0,"max_hp_gain":0,"max_hp_loss":0,"event_name":"Masked Bandits","floor":20,"gold_loss":0},{"damage_healed":0,"gold_gain":0,"player_choice":"Simplicity","damage_taken":0,"max_hp_gain":0,"max_hp_loss":0,"event_name":"Back to Basics","floor":29,"gold_loss":0,"cards_upgraded":["Strike_R","Strike_R","Strike_R","Strike_R","Strike_R","Defend_R","Defend_R","Defend_R","Defend_R"]},{"damage_healed":0,"gold_gain":0,"player_choice":"Opened","damage_taken":0,"relics_obtained":["Centennial Puzzle"],"max_hp_gain":0,"max_hp_loss":0,"event_name":"The Mausoleum","floor":30,"gold_loss":0,"cards_obtained":["Writhe"]},{"damage_healed":0,"gold_gain":0,"player_choice":"Ignored","damage_taken":0,"max_hp_gain":0,"max_hp_loss":0,"event_name":"Ghosts","floor":31,"gold_loss":0},{"cards_removed":["Defend_R"],"damage_healed":0,"gold_gain":0,"player_choice":"Removed Skill","damage_taken":0,"max_hp_gain":0,"max_hp_loss":0,"event_name":"Falling","floor":37,"gold_loss":0},{"damage_healed":0,"gold_gain":0,"player_choice":"Upgraded","damage_taken":0,"max_hp_gain":0,"max_hp_loss":0,"event_name":"Upgrade Shrine","floor":39,"gold_loss":0,"cards_upgraded":["Whirlwind"]},{"damage_healed":0,"gold_gain":222,"player_choice":"Wore Mask","damage_taken":0,"max_hp_gain":0,"max_hp_loss":0,"event_name":"Tomb of Lord Red Mask","floor":46,"gold_loss":0}],"is_beta":false,"boss_relics":[{"not_picked":["Orrery","Velvet Choker"],"picked":"Black Blood"},{"not_picked":["Runic Cube","Sozu"],"picked":"Mark of Pain"}],"items_purged_floors":[38],"is_endless":false,"potions_floor_spawned":[4,13,14,18,24,33,35,47,48],"ascension_level":0}