{"gold_per_floor":[117,72,84,94,107,107,136,136,136,154,154,172,9,26,26,128,128,143,83,8,8,23,23,43,18,65,76,87,87,99,118,118,118],"floor_reached":33,"playtime":2466,"items_purged":["Strike_B"],"score":253,"play_id":"6a759bda-3359-460f-b6e7-cfc37edcd1f9","local_time":"20190206200720","is_ascension_mode":false,"campfire_choices":[{"data":"Zap","floor":6.0,"key":"SMITH"},{"data":"Dualcast","floor":11.0,"key":"SMITH"},{"floor":15.0,"key":"REST"},{"data":"Self Repair","floor":23.0,"key":"SMITH"},{"data":"Double Energy","floor":29.0,"key":"SMITH"},{"data":"Blizzard","floor":32.0,"key":"SMITH"}],"neow_cost":"NONE","seed_source_timestamp":0,"circlet_count":0,"master_deck":["Strike_B","Strike_B","Defend_B","Defend_B","Defend_B","Defend_B","Zap+1","Dualcast+1","Rainbow","Beam Cell","Gash","Beam Cell","Chill","Double Energy+1","Auto Shields","Self Repair+1","Streamline","Machine Learning","Gash+1","Blizzard+1","Streamline","FTL"],"special_seed":0,"relics":["FrozenCore","Darkstone Periapt","FaceOfCleric","Shuriken","Centennial Puzzle"],"potions_floor_usage":[33,33],"damage_taken":[{"damage":0.0,"enemies":"Cultist","floor":1.0,"turns":3.0},{"damage":0.0,"enemies":"Small Slimes","floor":3.0,"turns":3.0},{"damage":2.0,"enemies":"2 Louse","floor":4.0,"turns":2.0},{"damage":6.0,"enemies":"Exordium Wildlife","floor":5.0,"turns":2.0},{"damage":34.0,"enemies":"Lagavulin","floor":7.0,"turns":6.0},{"damage":0.0,"enemies":"Large Slime","floor":10.0,"turns":5.0},{"damage":0.0,"enemies":"Lots of Slimes","floor":12.0,"turns":2.0},{"damage":6.0,"enemies":"Red Slaver","floor":14.0,"turns":3.0},{"damage":44.0,"enemies":"The Guardian","floor":16.0,"turns":12.0},{"damage":8.0,"enemies":"3 Byrds","floor":18.0,"turns":8.0},{"damage":9.0,"enemies":"2 Thieves","floor":19.0,"turns":4.0},{"damage":6.0,"enemies":"Snecko","floor":22.0,"turns":6.0},{"damage":7.0,"enemies":"Chosen and Byrds","floor":24.0,"turns":8.0},{"damage":4.0,"enemies":"Centurion and Healer","floor":27.0,"turns":7.0},{"damage":13.0,"enemies":"Shelled Parasite and Fungi","floor":28.0,"turns":4.0},{"damage":16.0,"enemies":"Snake Plant","floor":30.0,"turns":4.0},{"damage":18.0,"enemies":"Centurion and Healer","floor":31.0,"turns":6.0},{"damage":55,"enemies":"Collector","floor":33,"turns":6}],"seed_played":"3449007036234041327","potions_obtained":[{"floor":5.0,"key":"SpeedPotion"},{"floor":7.0,"key":"Explosive Potion"},{"floor":10.0,"key":"Block Potion"},{"floor":14.0,"key":"SkillPotion"},{"floor":22.0,"key":"Strength Potion"},{"floor":27.0,"key":"Fire Potion"},{"floor":28.0,"key":"Dexterity Potion"},{"floor":30.0,"key":"SneckoOil"}],"is_trial":false,"path_per_floor":["M","?","M","?"],"character_chosen":"DEFECT","items_purchased":["Gash","Self Repair","Streamline","Streamline"],"campfire_rested":1,"item_purchase_floors":[2,13,13,25],"current_hp_per_floor":[75,75,75,73,67,67,33,33,33,34,34,35,35,37,60,24,79,79,78,78,78,80,80,83,83,83,84,72,72,57,50,50,0],"gold":118,"neow_bonus":"ONE_RANDOM_RARE_CARD","is_prod":false,"is_daily":false,"chose_seed":false,"campfire_upgraded":5,"win_rate":0,"timestamp":1549480040,"path_taken":["M","$","M","?","M","R","E","?","T","M","R","M","$","?","R","BOSS","M","M","?","$","M","R","M","$","T","M","M","R","M","M","R","BOSS"],"build_version":"2019-01-23","purchased_purges":1,"victory":false,"max_hp_per_floor":[75,75,75,75,75,75,75,75,75,76,76,77,77,78,78,79,79,80,81,81,81,82,82,83,83,83,84,85,85,86,87,87,87],"card_choices":[{"not_picked":["Barrage","Hologram"],"picked":"Beam Cell","floor":1.0},{"not_picked":["Steam","Lockon"],"picked":"Beam Cell","floor":3.0},{"not_picked":["Loop","Heatsinks"],"picked":"Chill","floor":4.0},{"not_picked":["Steam","Conserve Battery"],"picked":"Double Energy","floor":5.0},{"not_picked":["Conserve Battery","Steam","Skim"],"picked":"SKIP","floor":7.0},{"not_picked":["Beam Cell","Conserve Battery","Steam"],"picked":"SKIP","floor":10.0},{"not_picked":["Lockon","Reinforced Body"],"picked":"Auto Shields","floor":12.0},{"not_picked":["Electrodynamics","Coolheaded","Sweeping Beam"],"picked":"SKIP","floor":14.0},{"not_picked":["Creative AI","Fission"],"picked":"Machine Learning","floor":16.0},{"not_picked":["Leap","Coolheaded","Tempest"],"picked":"SKIP","floor":18.0},{"not_picked":["Fusion","Defragment"],"picked":"Gash+1","floor":19.0},{"not_picked":["Blizzard","Steam","Lockon"],"picked":"SKIP","floor":22.0},{"not_picked":["Steam","Turbo"],"picked":"Blizzard","floor":24.0},{"not_picked":["Scrape","Beam Cell"],"picked":"FTL","floor":27.0},{"not_picked":["Leap","Undo","Ball Lightning+1"],"picked":"SKIP","floor":28.0},{"not_picked":["Redo+1","Capacitor","Double Energy"],"picked":"SKIP","floor":30.0},{"not_picked":["Go for the Eyes","Redo","Rebound+1"],"picked":"SKIP","floor":31.0}],"player_experience":132236,"relics_obtained":[{"floor":7.0,"key":"Darkstone Periapt"},{"floor":9.0,"key":"Shuriken"},{"floor":26.0,"key":"Centennial Puzzle"}],"event_choices":[{"damage_healed":0.0,"max_hp_gain":0.0,"max_hp_loss":0.0,"gold_gain":0.0,"event_name":"FaceTrader","player_choice":"Trade","floor":8.0,"gold_loss":0.0,"damage_taken":0.0,"relics_obtained":["FaceOfCleric"]},{"cards_removed":["Strike_B"],"damage_healed":0.0,"max_hp_gain":0.0,"max_hp_loss":0.0,"gold_gain":0.0,"event_name":"Beggar","player_choice":"Gave Gold","floor":20.0,"gold_loss":75.0,"damage_taken":0.0}],"is_beta":false,"boss_relics":[{"not_picked":["Busted Crown","White Beast Statue"],"picked":"FrozenCore"}],"items_purged_floors":[13],"is_endless":false,"potions_floor_spawned":[5,7,10,14,22,27,28,30],"killed_by":"Collector","ascension_level":0}