{"gold_per_floor":[112,11,11,11,11,44,44,119,119,174,174,190,223,233,233,309,309,296,314,314,67,84,115,115,142,142,171,171,182,201,216,216,290,290,300,315,117,130,130],"floor_reached":39,"playtime":1954,"items_purged":["Strike_G","Strike_G","Strike_G"],"score":786,"play_id":"9b7b9bae-a399-4eee-8b6d-806d438f3a17","local_time":"20190216002151","is_ascension_mode":true,"campfire_choices":[{"data":"Neutralize","floor":7.0,"key":"SMITH"},{"floor":11.0,"key":"REST"},{"floor":15.0,"key":"REST"},{"floor":24.0,"key":"REST"},{"data":"Noxious Fumes","floor":28,"key":"SMITH"},{"floor":32,"key":"REST"}],"neow_cost":"NONE","seed_source_timestamp":109391291439800,"circlet_count":0,"master_deck":["AscendersBane","Defend_G","Defend_G","Defend_G","Defend_G","Defend_G","Strike_G","Strike_G+1","Survivor","Neutralize+1","Dagger Spray","Dagger Throw+1","Leg Sweep","Terror+1","Deflect+1","Skewer","PiercingWail+1","Noxious Fumes","Phantasmal Killer+1","Blur+1","Deadly Poison+1","Noxious Fumes+1","Cloak And Dagger+1","Calculated Gamble+1","Bane","Dodge and Roll+1","Blade Dance+1","Cloak And Dagger+1","Corpse Explosion+1","Cloak And Dagger+1","Footwork"],"special_seed":0,"relics":["Ring of the Snake","Strawberry","Omamori","Toxic Egg 2","Dream Catcher","Dodecahedron","Cursed Key","Pen Nib","The Specimen","Meat on the Bone","Letter Opener","Orichalcum","Eternal Feather"],"potions_floor_usage":[36],"damage_taken":[{"damage":0.0,"enemies":"Small Slimes","floor":1.0,"turns":4.0},{"damage":33.0,"enemies":"Gremlin Nob","floor":6.0,"turns":5.0},{"damage":0.0,"enemies":"2 Louse","floor":12.0,"turns":4.0},{"damage":9.0,"enemies":"3 Sentries","floor":13.0,"turns":10.0},{"damage":0.0,"enemies":"Cultist","floor":14.0,"turns":3.0},{"damage":9.0,"enemies":"Slime Boss","floor":16.0,"turns":11.0},{"damage":1.0,"enemies":"2 Thieves","floor":18.0,"turns":4.0},{"damage":12.0,"enemies":"Chosen","floor":19.0,"turns":6.0},{"damage":10.0,"enemies":"Snake Plant","floor":22.0,"turns":4.0},{"damage":23.0,"enemies":"Gremlin Leader","floor":23.0,"turns":7.0},{"damage":14.0,"enemies":"Book of Stabbing","floor":25.0,"turns":5.0},{"damage":8,"enemies":"Slavers","floor":27,"turns":6},{"damage":5,"enemies":"Centurion and Healer","floor":29,"turns":6},{"damage":25,"enemies":"Chosen and Byrds","floor":30,"turns":8},{"damage":15,"enemies":"Sentry and Sphere","floor":31,"turns":4},{"damage":35,"enemies":"Automaton","floor":33,"turns":9},{"damage":0,"enemies":"3 Shapes","floor":35,"turns":3},{"damage":0,"enemies":"3 Darklings","floor":36,"turns":2},{"damage":41,"enemies":"Transient","floor":38,"turns":5},{"damage":40,"enemies":"Spire Growth","floor":39,"turns":4}],"seed_played":"3394530178648635873","potions_obtained":[{"floor":13.0,"key":"Dexterity Potion"},{"floor":16.0,"key":"Energy Potion"},{"floor":22.0,"key":"Regen Potion"},{"floor":27,"key":"LiquidBronze"},{"floor":38,"key":"FearPotion"}],"is_trial":false,"path_per_floor":["M","$","?","?","?","E","R","?","T","T","R","M","E","M","R","B",null,"M","M","?","$","M","E","R","E","T","E","R","M","M","M","R","B",null,"M","M","$","M","M"],"character_chosen":"THE_SILENT","items_purchased":["Dagger Throw","Pen Nib","Footwork"],"campfire_rested":4,"item_purchase_floors":[2,21,37],"current_hp_per_floor":[65,65,65,43,45,12,12,1,1,1,24,24,15,15,38,29,67,66,54,54,54,44,35,58,44,44,48,48,43,30,27,50,27,66,66,66,66,37,0],"gold":130,"neow_bonus":"TEN_PERCENT_HP_BONUS","is_prod":false,"is_daily":false,"chose_seed":false,"campfire_upgraded":2,"win_rate":0,"timestamp":1550247711,"path_taken":["M","$","?","?","?","E","R","?","T","?","R","M","E","?","R","BOSS","M","M","?","?","?","E","R","E","T","E","R","M","M","M","R","BOSS","M","M","$","M","M"],"build_version":"2019-01-23","purchased_purges":3,"victory":false,"max_hp_per_floor":[72,72,72,72,79,79,79,79,79,79,79,79,79,79,79,79,79,79,79,79,79,79,79,79,79,79,79,79,79,79,79,79,79,79,79,79,79,79,79],"card_choices":[{"not_picked":["Sucker Punch","Deadly Poison"],"picked":"Dagger Spray","floor":1.0},{"not_picked":["Deadly Poison","Outmaneuver"],"picked":"Leg Sweep","floor":6.0},{"not_picked":["Concentrate+1","Acrobatics+1"],"picked":"Terror+1","floor":11.0},{"not_picked":["Blade Dance+1","Reflex+1"],"picked":"Deflect+1","floor":12.0},{"not_picked":["Underhanded Strike","Flechettes"],"picked":"Skewer","floor":13.0},{"not_picked":["Concentrate+1","Prepared+1"],"picked":"PiercingWail+1","floor":14.0},{"not_picked":["Sucker Punch","Dodge and Roll+1"],"picked":"Noxious Fumes","floor":15.0},{"not_picked":["Tools of the Trade","Grand Finale"],"picked":"Phantasmal Killer+1","floor":16.0},{"not_picked":["Outmaneuver+1","Caltrops"],"picked":"Blur+1","floor":18.0},{"not_picked":["Quick Slash","Prepared+1"],"picked":"Deadly Poison+1","floor":19.0},{"not_picked":["Flying Knee","Acrobatics+1"],"picked":"Cloak And Dagger+1","floor":22.0},{"not_picked":["Flying Knee","Deflect+1"],"picked":"Calculated Gamble+1","floor":23.0},{"not_picked":["Dagger Throw","Tools of the Trade"],"picked":"Bane","floor":24.0},{"not_picked":["Caltrops","Deflect+1"],"picked":"Dodge and Roll+1","floor":25.0},{"not_picked":["Choke","Quick Slash","Deflect+1"],"picked":"SKIP","floor":27},{"not_picked":["Flying Knee","Underhanded Strike","Slice"],"picked":"SKIP","floor":29},{"not_picked":["Poisoned Stab","Acrobatics+1"],"picked":"Blade Dance+1","floor":30},{"not_picked":["Phantasmal Killer+1","Outmaneuver+1","Acrobatics+1"],"picked":"SKIP","floor":31},{"not_picked":["Caltrops+1","Dodge and Roll+1"],"picked":"Cloak And Dagger+1","floor":32},{"not_picked":["Phantasmal Killer+1","Grand Finale"],"picked":"Corpse Explosion+1","floor":33},{"not_picked":["Cloak And Dagger+1","Blade Dance+1","Bane"],"picked":"SKIP","floor":35},{"not_picked":["Expertise+1","Dash"],"picked":"Cloak And Dagger+1","floor":36},{"not_picked":["Acrobatics+1","Sucker Punch","Accuracy"],"picked":"SKIP","floor":38}],"player_experience":705365,"relics_obtained":[{"floor":6.0,"key":"Omamori"},{"floor":9.0,"key":"Toxic Egg 2"},{"floor":10.0,"key":"Dream Catcher"},{"floor":13.0,"key":"Dodecahedron"},{"floor":23.0,"key":"The Specimen"},{"floor":25.0,"key":"Meat on the Bone"},{"floor":26.0,"key":"Letter Opener"},{"floor":27,"key":"Orichalcum"}],"event_choices":[{"damage_healed":0.0,"max_hp_gain":0.0,"max_hp_loss":0.0,"gold_gain":0.0,"event_name":"The Cleric","player_choice":"Leave","floor":3.0,"gold_loss":0.0,"damage_taken":0.0},{"damage_healed":0.0,"max_hp_gain":0.0,"max_hp_loss":0.0,"gold_gain":0.0,"event_name":"Shining Light","player_choice":"Entered Light","floor":4.0,"gold_loss":0.0,"damage_taken":22.0,"cards_upgraded":["Dagger Throw","Strike_G"]},{"damage_healed":0.0,"max_hp_gain":0.0,"max_hp_loss":0.0,"gold_gain":0.0,"event_name":"Scrap Ooze","player_choice":"Success","floor":5.0,"gold_loss":0.0,"damage_taken":5.0,"relics_obtained":["Strawberry"]},{"damage_healed":0.0,"max_hp_gain":0.0,"max_hp_loss":0.0,"gold_gain":75.0,"event_name":"World of Goop","player_choice":"Gather Gold","floor":8.0,"gold_loss":0.0,"damage_taken":11.0},{"damage_healed":0.0,"max_hp_gain":0.0,"max_hp_loss":0.0,"gold_gain":0.0,"event_name":"Duplicator","player_choice":"Copied","floor":20.0,"gold_loss":0.0,"damage_taken":0.0,"cards_obtained":["Noxious Fumes"]}],"is_beta":false,"boss_relics":[{"not_picked":["Sozu","Snecko Eye"],"picked":"Cursed Key"},{"not_picked":["Black Star","Runic Pyramid"],"picked":"Eternal Feather"}],"items_purged_floors":[2,21,37],"is_endless":false,"potions_floor_spawned":[13,16,22,27,29,30,31,33,38],"killed_by":"Spire Growth","ascension_level":15}