{"gold_per_floor":[112,112,112,128,140,140,160,160,160,171,198,217,217,217,217,319,319,336,276,42,42,42,42,77,77,77,87,107,107,29,62,62,159,159,177,177,102,120,20,30,30,30,30,30,49,49,59,73,73,73],"floor_reached":51,"playtime":4793,"items_purged":["Strike_G","Strike_G"],"score":763,"play_id":"bbf2be10-4e02-40c5-a8ba-14472dcb0e47","local_time":"20190202223728","is_ascension_mode":true,"campfire_choices":[{"data":"Footwork","floor":6.0,"key":"SMITH"},{"data":"Infinite Blades","floor":8.0,"key":"SMITH"},{"data":"Venomology","floor":13.0,"key":"SMITH"},{"data":"1","floor":15.0,"key":"LIFT"},{"floor":23.0,"key":"REST"},{"floor":25.0,"key":"REST"},{"floor":32.0,"key":"REST"},{"data":"2","floor":44,"key":"LIFT"},{"data":"3","floor":46,"key":"LIFT"},{"floor":49,"key":"REST"}],"neow_cost":"NONE","seed_source_timestamp":0,"circlet_count":0,"master_deck":["Defend_G","Defend_G","Defend_G","Defend_G","Defend_G","Strike_G","Strike_G","Strike_G","Survivor","Neutralize","Backflip","Footwork+1","Infinite Blades+1","Venomology+1","A Thousand Cuts","Leg Sweep","Infinite Blades+1","Panache","Footwork","Infinite Blades+1","Infinite Blades+1","Corpse Explosion","Writhe","Blur"],"special_seed":0,"relics":["Ring of the Snake","Blood Vial","Juzu Bracelet","Girya","Empty Cage","Singing Bowl","Frozen Egg 2","Ornamental Fan","WristBlade","Pen Nib"],"potions_floor_usage":[35,38,40,45,47,48,50,50,50],"damage_taken":[{"damage":0.0,"enemies":"Cultist","floor":1.0,"turns":4.0},{"damage":0.0,"enemies":"Small Slimes","floor":4.0,"turns":4.0},{"damage":4.0,"enemies":"Jaw Worm","floor":5.0,"turns":5.0},{"damage":0.0,"enemies":"Exordium Wildlife","floor":7.0,"turns":5.0},{"damage":30.0,"enemies":"Exordium Thugs","floor":10.0,"turns":8.0},{"damage":2.0,"enemies":"Blue Slaver","floor":12.0,"turns":8.0},{"damage":55.0,"enemies":"Slime Boss","floor":16.0,"turns":19.0},{"damage":15.0,"enemies":"Shell Parasite","floor":18.0,"turns":15.0},{"damage":25.0,"enemies":"2 Thieves","floor":19.0,"turns":4.0},{"damage":35.0,"enemies":"Slavers","floor":24.0,"turns":6.0},{"damage":37.0,"enemies":"Snecko","floor":27.0,"turns":7.0},{"damage":7.0,"enemies":"Snake Plant","floor":28.0,"turns":9.0},{"damage":9.0,"enemies":"Book of Stabbing","floor":31.0,"turns":7.0},{"damage":25.0,"enemies":"Collector","floor":33.0,"turns":11.0},{"damage":2,"enemies":"3 Shapes","floor":35,"turns":4},{"damage":6,"enemies":"Orb Walker","floor":38,"turns":5},{"damage":22,"enemies":"4 Shapes","floor":40,"turns":7},{"damage":15,"enemies":"Sphere and 2 Shapes","floor":45,"turns":4},{"damage":27,"enemies":"Jaw Worm Horde","floor":47,"turns":3},{"damage":36,"enemies":"4 Shapes","floor":48,"turns":13},{"damage":44,"enemies":"Donu and Deca","floor":50,"turns":8}],"seed_played":"4212601500915841127","potions_obtained":[{"floor":4.0,"key":"GamblersBrew"},{"floor":5.0,"key":"Ancient Potion"},{"floor":7.0,"key":"Regen Potion"},{"floor":10.0,"key":"SpeedPotion"},{"floor":21.0,"key":"Fruit Juice"},{"floor":21.0,"key":"EssenceOfSteel"},{"floor":31.0,"key":"GamblersBrew"},{"floor":33.0,"key":"EssenceOfSteel"},{"floor":47,"key":"LiquidBronze"},{"floor":48,"key":"SpeedPotion"}],"is_trial":false,"path_per_floor":["$","?","M","T","T","?","$","?","?","?","?"],"character_chosen":"THE_SILENT","items_purchased":["Panache","Footwork","Infinite Blades+1"],"campfire_rested":4,"item_purchase_floors":[20,20,30],"current_hp_per_floor":[77,77,77,77,73,73,73,73,73,45,45,60,60,60,60,7,77,62,39,39,44,44,68,37,62,62,29,26,26,26,19,45,22,88,88,88,88,86,86,68,70,94,94,94,83,83,60,26,56,14],"gold":73,"neow_bonus":"TEN_PERCENT_HP_BONUS","is_prod":false,"is_daily":false,"chose_seed":false,"campfire_upgraded":3,"win_rate":0,"timestamp":1549143448,"path_taken":["M","?","?","M","?","R","M","R","T","M","?","M","R","?","R","BOSS","M","M","$","?","?","R","E","R","T","M","M","?","$","E","R","BOSS","M","?","$","M","$","M","?","?","T","R","M","R","M","M","R","BOSS"],"build_version":"2019-01-23","purchased_purges":2,"victory":true,"max_hp_per_floor":[77,77,77,77,77,77,77,77,77,77,77,77,77,77,77,77,77,77,77,77,82,82,82,84,84,84,86,88,88,88,88,88,88,88,90,90,90,92,92,94,96,96,96,96,98,98,100,100,100,100],"card_choices":[{"not_picked":["Dodge and Roll","Sucker Punch"],"picked":"Backflip","floor":1.0},{"not_picked":["Blade Dance","Outmaneuver"],"picked":"Footwork","floor":4.0},{"not_picked":["Quick Slash","PiercingWail"],"picked":"Reflex","floor":5.0},{"not_picked":["Sucker Punch","Deadly Poison"],"picked":"Infinite Blades","floor":7.0},{"not_picked":["Terror","Prepared"],"picked":"Venomology","floor":10.0},{"not_picked":["Expertise","Deadly Poison","PiercingWail"],"picked":"SKIP","floor":12.0},{"not_picked":["Doppelganger","Malaise"],"picked":"A Thousand Cuts","floor":16.0},{"not_picked":["Bane","Slice"],"picked":"Leg Sweep","floor":18.0},{"not_picked":["Catalyst","Leg Sweep"],"picked":"Infinite Blades+1","floor":19.0},{"not_picked":["Acrobatics","Prepared","Blade Dance"],"picked":"Singing Bowl","floor":24.0},{"not_picked":["Acrobatics","Dagger Spray","Poisoned Stab+1"],"picked":"Singing Bowl","floor":27.0},{"not_picked":["Flying Knee","Bane","Crippling Poison+1"],"picked":"Singing Bowl","floor":28.0},{"not_picked":["Deflect","Leg Sweep"],"picked":"Infinite Blades+1","floor":31.0},{"not_picked":["Glass Knife","Phantasmal Killer"],"picked":"Corpse Explosion","floor":33.0},{"not_picked":["Tactician+1","Endless Agony","Blade Dance+1"],"picked":"Singing Bowl","floor":35},{"not_picked":["Endless Agony+1","Deflect+1","Blade Dance"],"picked":"Singing Bowl","floor":38},{"not_picked":["Masterful Stab+1","Poisoned Stab","Dagger Throw"],"picked":"Singing Bowl","floor":40},{"not_picked":["Trip","Swift Strike","Deep Breath"],"picked":"Singing Bowl","floor":41},{"not_picked":["Deadly Poison+1","Cloak And Dagger","Terror"],"picked":"Singing Bowl","floor":45},{"not_picked":["Caltrops+1","Bane","Flechettes"],"picked":"Singing Bowl","floor":47},{"not_picked":["Escape Plan+1","Footwork+1"],"picked":"Blur","floor":48}],"player_experience":82088,"relics_obtained":[{"floor":9.0,"key":"Blood Vial"},{"floor":11.0,"key":"Juzu Bracelet"},{"floor":14.0,"key":"Girya"},{"floor":24.0,"key":"Singing Bowl"},{"floor":26.0,"key":"Frozen Egg 2"},{"floor":31.0,"key":"Ornamental Fan"},{"floor":43,"key":"Pen Nib"}],"event_choices":[{"damage_healed":0.0,"max_hp_gain":0.0,"max_hp_loss":0.0,"gold_gain":0.0,"event_name":"Wheel of Change","player_choice":"Cursed","floor":3.0,"gold_loss":0.0,"damage_taken":0.0,"cards_obtained":["Decay"]},{"damage_healed":0.0,"max_hp_gain":0.0,"max_hp_loss":0.0,"gold_gain":0.0,"event_name":"Lab","player_choice":"Got Potions","floor":21.0,"gold_loss":0.0,"damage_taken":0.0},{"damage_healed":0.0,"max_hp_gain":0.0,"max_hp_loss":0.0,"gold_gain":0.0,"event_name":"Transmorgrifier","player_choice":"Ignored","floor":29.0,"gold_loss":0.0,"damage_taken":0.0},{"damage_healed":0,"gold_gain":0,"player_choice":"Ignored","damage_taken":0,"max_hp_gain":0,"max_hp_loss":0,"event_name":"Tomb of Lord Red Mask","floor":36,"gold_loss":0},{"damage_healed":0,"gold_gain":0,"player_choice":"Memory 1","damage_taken":0,"max_hp_gain":0,"max_hp_loss":0,"event_name":"SensoryStone","floor":41,"gold_loss":0},{"damage_healed":24,"gold_gain":0,"player_choice":"Writhe","damage_taken":0,"max_hp_gain":0,"max_hp_loss":0,"event_name":"Winding Halls","floor":42,"gold_loss":0,"cards_obtained":["Writhe"]}],"is_beta":false,"boss_relics":[{"not_picked":["Orrery","Ectoplasm"],"picked":"Empty Cage"},{"not_picked":["Ring of the Serpent","Cursed Key"],"picked":"WristBlade"}],"items_purged_floors":[37,39],"is_endless":false,"potions_floor_spawned":[4,5,7,10,28,31,33,47,48],"ascension_level":2}