{"gold_per_floor":[111,130,130,145,145,156,156,175,223,239,239,24,24,37,37,141,141,161,161,61,81,81,101,101],"floor_reached":24,"playtime":3106,"items_purged":["Strike_G","Strike_G"],"score":228,"play_id":"a925c141-57c8-4c9a-80c3-80f21540ce21","local_time":"20180918151802","is_ascension_mode":true,"campfire_choices":[{"data":"Bullet Time","floor":7.0,"key":"SMITH"},{"floor":11.0,"key":"REST"},{"data":"Crippling Poison","floor":15.0,"key":"SMITH"}],"neow_cost":"","seed_source_timestamp":0,"circlet_count":0,"master_deck":["Defend_G","Defend_G","Defend_G","Defend_G","Defend_G+1","Strike_G","Strike_G","Survivor+1","Neutralize","Calculated Gamble","Well Laid Plans","Bullet Time+1","Infinite Blades","Dagger Spray","Crippling Poison+1","Die Die Die","Cloak And Dagger","Forethought","Venomology","Outmaneuver","Decay","Flying Knee"],"special_seed":0,"relics":["Ring of the Snake","War Paint","White Beast Statue"],"potions_floor_usage":[21,21,23,24],"damage_taken":[{"damage":2.0,"enemies":"Jaw Worm","floor":1.0,"turns":6.0},{"damage":1.0,"enemies":"Cultist","floor":2.0,"turns":4.0},{"damage":1.0,"enemies":"2 Louse","floor":4.0,"turns":3.0},{"damage":3.0,"enemies":"Blue Slaver","floor":6.0,"turns":6.0},{"damage":19.0,"enemies":"Exordium Thugs","floor":8.0,"turns":6.0},{"damage":2.0,"enemies":"Exordium Wildlife","floor":10.0,"turns":6.0},{"damage":0.0,"enemies":"Gremlin Gang","floor":14.0,"turns":1.0},{"damage":34.0,"enemies":"Slime Boss","floor":16.0,"turns":15.0},{"damage":1.0,"enemies":"Chosen","floor":18.0,"turns":4.0},{"damage":19,"enemies":"Spheric Guardian","floor":21,"turns":7},{"damage":44,"enemies":"Shelled Parasite and Fungi","floor":23,"turns":7},{"damage":15,"enemies":"Snake Plant","floor":24,"turns":2}],"seed_played":"-8558089345726481064","potions_obtained":[{"floor":1.0,"key":"SteroidPotion"},{"floor":2.0,"key":"SteroidPotion"},{"floor":6.0,"key":"Poison Potion"},{"floor":16.0,"key":"LiquidBronze"},{"floor":18.0,"key":"Swift Potion"},{"floor":21,"key":"FearPotion"},{"floor":23,"key":"SteroidPotion"}],"is_trial":false,"path_per_floor":["M","M","?","M","?","M","R","M","T","M","R","$","$","M","R","B",null,"M","?","$","M","?","M"],"character_chosen":"THE_SILENT","items_purchased":["Crippling Poison","GhostInAJar"],"campfire_rested":1,"item_purchase_floors":[12,12],"current_hp_per_floor":[68,67,72,71,71,68,68,49,49,47,69,69,69,69,69,35,75,74,74,74,55,55,11,0],"gold":101,"neow_bonus":"","is_prod":false,"is_daily":false,"chose_seed":false,"campfire_upgraded":2,"win_rate":0,"timestamp":1537309082,"path_taken":["M","M","?","?","?","M","R","M","T","M","R","?","$","M","R","BOSS","M","?","$","?","?","M","M"],"build_version":"2018-09-06","purchased_purges":2,"victory":false,"max_hp_per_floor":[70,70,75,75,75,75,75,75,75,75,75,75,75,75,75,75,75,75,75,75,75,75,75,75],"card_choices":[{"not_picked":["Reflex","Flechettes"],"picked":"Calculated Gamble","floor":1.0},{"not_picked":["Poisoned Stab","Deadly Poison","Blade Dance"],"picked":"SKIP","floor":2.0},{"not_picked":["Deflect","Concentrate"],"picked":"Well Laid Plans","floor":4.0},{"not_picked":["Setup","Underhanded Strike"],"picked":"Bullet Time","floor":6.0},{"not_picked":["Dodge and Roll","Deadly Poison"],"picked":"Infinite Blades","floor":8.0},{"not_picked":["Sucker Punch","Underhanded Strike"],"picked":"Dagger Spray","floor":10.0},{"not_picked":["Acrobatics","Infinite Blades","Expertise"],"picked":"SKIP","floor":14.0},{"not_picked":["Burst","Grand Finale"],"picked":"Die Die Die","floor":16.0},{"not_picked":["Dodge and Roll","PiercingWail+1"],"picked":"Cloak And Dagger","floor":18.0},{"not_picked":["Acrobatics+1","Masterful Stab"],"picked":"Outmaneuver","floor":21},{"not_picked":["Prepared","Deadly Poison+1"],"picked":"Flying Knee","floor":23}],"player_experience":207994,"relics_obtained":[{"floor":9.0,"key":"War Paint"}],"event_choices":[{"event_name":"Big Fish","player_choice":"Donut","floor":3.0,"damage_taken":0.0},{"event_name":"Living Wall","player_choice":"Forget","floor":5.0,"damage_taken":0.0},{"event_name":"Match and Keep!","player_choice":"2 cards matched","floor":19,"damage_taken":0},{"event_name":"Wheel of Change","player_choice":"Curse","floor":22,"damage_taken":0}],"is_beta":false,"boss_relics":[{"not_picked":["Snecko Eye","Black Star"],"picked":"White Beast Statue"}],"items_purged_floors":[12,20],"is_endless":false,"potions_floor_spawned":[1,2,6,16,18,21,23],"killed_by":"Snake Plant","ascension_level":4}