{"gold_per_floor":[111,111,125,138,152,152,186,186,266,329,40,40,50,60,60,159,159,171,171,23,23,23,56,72,72,97,111,131,131,131,147,147,248,248,259,159,159,175,187,187,215,233,260,260,329,329,329,359,359,359],"floor_reached":51,"playtime":2589,"items_purged":["Strike_R","Strike_R"],"score":760,"play_id":"a4826aae-57a1-4610-b8d1-529c554f65eb","local_time":"20190224030930","is_ascension_mode":false,"campfire_choices":[{"floor":6,"key":"REST"},{"data":"Whirlwind","floor":8,"key":"SMITH"},{"data":"Barricade","floor":12,"key":"SMITH"},{"data":"Metallicize","floor":15,"key":"SMITH"},{"data":"Entrench","floor":25,"key":"SMITH"},{"data":"Body Slam","floor":30,"key":"SMITH"},{"data":"Double Tap","floor":32,"key":"SMITH"},{"data":"True Grit","floor":40,"key":"SMITH"},{"floor":44,"key":"REST"},{"data":"Madness","floor":49,"key":"SMITH"}],"neow_cost":"PERCENT_DAMAGE","seed_source_timestamp":48441877665533,"circlet_count":0,"master_deck":["Strike_R","Strike_R","Defend_R","Defend_R","Defend_R","Defend_R","Bash","Whirlwind+1","Spot Weakness","Barricade+1","Metallicize+1","Shrug It Off","Ghostly Armor","Juggernaut","True Grit+1","Spot Weakness","Entrench+1","Double Tap+1","Body Slam+1","Bash","True Grit+1","Battle Trance+1","Madness","Madness+1"],"relics":["Burning Blood","Bird Faced Urn","Pantograph","Tiny Chest","Anchor","Philosopher\u0027s Stone","Kunai","Blood Vial","Dodecahedron","Boot","Sozu","Blue Candle","Art of War","Juzu Bracelet","Question Card","Prayer Wheel"],"potions_floor_usage":[7,27,33,41,48,48],"damage_taken":[{"damage":5,"enemies":"Small Slimes","floor":1,"turns":5},{"damage":6,"enemies":"Cultist","floor":3,"turns":3},{"damage":10,"enemies":"Jaw Worm","floor":4,"turns":4},{"damage":42,"enemies":"Gremlin Gang","floor":5,"turns":5},{"damage":31,"enemies":"3 Sentries","floor":7,"turns":6},{"damage":30,"enemies":"Lagavulin","floor":10,"turns":10},{"damage":3,"enemies":"3 Louse","floor":13,"turns":3},{"damage":3,"enemies":"Exordium Wildlife","floor":14,"turns":6},{"damage":18,"enemies":"The Guardian","floor":16,"turns":15},{"damage":0,"enemies":"Shell Parasite","floor":18,"turns":7},{"damage":69,"enemies":"Slavers","floor":23,"turns":6},{"damage":25,"enemies":"2 Thieves","floor":24,"turns":4},{"damage":15,"enemies":"Snake Plant","floor":27,"turns":5},{"damage":10,"enemies":"Centurion and Healer","floor":28,"turns":7},{"damage":16,"enemies":"Snecko","floor":31,"turns":7},{"damage":58,"enemies":"Automaton","floor":33,"turns":12},{"damage":39,"enemies":"3 Darklings","floor":35,"turns":5},{"damage":5,"enemies":"Orb Walker","floor":38,"turns":4},{"damage":62,"enemies":"4 Shapes","floor":39,"turns":6},{"damage":18,"enemies":"Nemesis","floor":41,"turns":7},{"damage":30,"enemies":"Transient","floor":42,"turns":5},{"damage":21,"enemies":"Reptomancer","floor":48,"turns":9},{"damage":76,"enemies":"Time Eater","floor":50,"turns":12}],"seed_played":"-8437969596449023629","potions_obtained":[{"floor":1,"key":"LiquidBronze"},{"floor":3,"key":"Poison Potion"},{"floor":13,"key":"Ancient Potion"},{"floor":16,"key":"PowerPotion"},{"floor":23,"key":"Block Potion"},{"floor":31,"key":"Ancient Potion"},{"floor":33,"key":"Dexterity Potion"}],"is_trial":false,"path_per_floor":["M","?","M","M","M","R","E","R","T","E","$","R","M","M","R","B",null,"M","?","$","T","?","E","M","R","T","M","M","?","R","M","R","B",null,"M","$","T","M","M","R","E","M","T","R","T","?","?","E","R","B",null],"character_chosen":"IRONCLAD","items_purchased":["Anchor","Metallicize","Entrench","Double Tap"],"campfire_rested":2,"item_purchase_floors":[11,11,20,20],"current_hp_per_floor":[73,73,73,69,33,61,36,36,36,14,14,14,17,24,24,41,96,96,96,96,96,96,39,28,28,28,27,31,31,31,29,29,8,96,67,67,67,76,28,28,24,8,8,36,36,84,73,66,66,18],"gold":359,"neow_bonus":"TWENTY_PERCENT_HP_BONUS","is_prod":false,"is_daily":false,"chose_seed":false,"campfire_upgraded":8,"win_rate":0,"timestamp":1550995770,"path_taken":["M","?","?","M","?","R","E","R","T","E","$","R","M","M","R","BOSS","M","?","$","?","?","E","M","R","T","?","M","?","R","M","R","BOSS","M","$","?","M","M","R","E","M","T","R","?","?","?","E","R","BOSS"],"build_version":"2019-01-23","purchased_purges":2,"victory":true,"max_hp_per_floor":[96,96,96,96,96,96,96,96,96,96,96,96,96,96,96,96,96,96,96,96,96,96,96,96,96,96,96,96,96,96,96,96,96,96,96,96,96,96,96,96,96,96,96,96,96,84,84,84,84,84],"card_choices":[{"not_picked":["Dropkick","Heavy Blade"],"picked":"Whirlwind","floor":1},{"not_picked":["Reckless Charge","Power Through","Warcry"],"picked":"SKIP","floor":3},{"not_picked":["Inflame","Pommel Strike"],"picked":"Spot Weakness","floor":4},{"not_picked":["Armaments","Hemokinesis","Clash"],"picked":"SKIP","floor":5},{"not_picked":["Clash","Combust"],"picked":"Barricade","floor":7},{"not_picked":["Reaper","Dropkick","Armaments"],"picked":"SKIP","floor":10},{"not_picked":["Carnage","Perfected Strike"],"picked":"Shrug It Off","floor":13},{"not_picked":["Rupture","Spot Weakness"],"picked":"Ghostly Armor","floor":14},{"not_picked":["Fiend Fire","Feed"],"picked":"Juggernaut","floor":16},{"not_picked":["Rampage","Perfected Strike"],"picked":"True Grit","floor":18},{"not_picked":["Shrug It Off","Combust"],"picked":"Body Slam","floor":23},{"not_picked":["Clothesline","Infernal Blade","Uppercut"],"picked":"SKIP","floor":24},{"not_picked":["Heavy Blade","Sever Soul","Perfected Strike"],"picked":"SKIP","floor":27},{"not_picked":["Corruption+1","Perfected Strike","Wild Strike"],"picked":"SKIP","floor":28},{"not_picked":["Fire Breathing","Thunderclap","Perfected Strike"],"picked":"SKIP","floor":31},{"not_picked":["Perfected Strike","Thunderclap"],"picked":"True Grit+1","floor":35},{"not_picked":["Flex","Iron Wave"],"picked":"Battle Trance+1","floor":38},{"not_picked":["Armaments","Clash","Sentinel"],"picked":"SKIP","floor":39},{"not_picked":["Intimidate+1","Burning Pact","Sentinel"],"picked":"SKIP","floor":41},{"not_picked":["Clash+1","Shrug It Off+1","Sword Boomerang+1"],"picked":"SKIP","floor":42},{"not_picked":["Carnage","Fire Breathing","Reckless Charge","Feel No Pain"],"picked":"SKIP","floor":48}],"player_experience":455695,"relics_obtained":[{"floor":7,"key":"Bird Faced Urn"},{"floor":9,"key":"Pantograph"},{"floor":10,"key":"Tiny Chest"},{"floor":21,"key":"Kunai"},{"floor":23,"key":"Dodecahedron"},{"floor":26,"key":"Boot"},{"floor":37,"key":"Blue Candle"},{"floor":41,"key":"Art of War"},{"floor":43,"key":"Juzu Bracelet"},{"floor":45,"key":"Question Card"},{"floor":48,"key":"Prayer Wheel"}],"event_choices":[{"damage_healed":0,"gold_gain":0,"player_choice":"Ignored","damage_taken":0,"max_hp_gain":0,"max_hp_loss":0,"event_name":"NoteForYourself","floor":2,"gold_loss":0},{"damage_healed":0,"gold_gain":0,"cards_transformed":["Strike_R"],"player_choice":"Transformed","damage_taken":0,"max_hp_gain":0,"max_hp_loss":0,"event_name":"Transmorgrifier","floor":19,"gold_loss":0,"cards_obtained":["Spot Weakness"]},{"damage_healed":0,"gold_gain":0,"player_choice":"Gave Potion","damage_taken":0,"relics_obtained":["Blood Vial"],"max_hp_gain":0,"max_hp_loss":0,"event_name":"WeMeetAgain","floor":22,"gold_loss":0},{"damage_healed":0,"gold_gain":0,"player_choice":"1 cards matched","damage_taken":0,"max_hp_gain":0,"max_hp_loss":0,"event_name":"Match and Keep!","floor":29,"gold_loss":0,"cards_obtained":["Bash"]},{"damage_healed":84,"gold_gain":0,"player_choice":"Heal","damage_taken":0,"max_hp_gain":0,"max_hp_loss":12,"event_name":"The Moai Head","floor":46,"gold_loss":0},{"damage_healed":0,"gold_gain":0,"player_choice":"Embrace Madness","damage_taken":11,"max_hp_gain":0,"max_hp_loss":0,"event_name":"Winding Halls","floor":47,"gold_loss":0,"cards_obtained":["Madness","Madness"]}],"is_beta":false,"boss_relics":[{"not_picked":["Mark of Pain","Runic Dome"],"picked":"Philosopher\u0027s Stone"},{"not_picked":["Runic Cube","Orrery"],"picked":"Sozu"}],"items_purged_floors":[11,36],"is_endless":false,"potions_floor_spawned":[1,3,13,16,23,31,33,39,48],"ascension_level":0}