{"gold_per_floor":[117,129,129,140,154,154,27,100,127,77,77,90,123,134,134,236,236,255,272,2,2,2,2],"floor_reached":23,"playtime":1030,"items_purged":["Strike_G"],"score":216,"play_id":"297a8ce3-484b-4d86-a01a-c08c177fb188","local_time":"20180928162956","is_ascension_mode":false,"campfire_choices":[{"data":"Noxious Fumes","floor":11,"key":"SMITH"},{"data":"Unload","floor":15,"key":"SMITH"}],"neow_cost":"","seed_source_timestamp":18140480413449,"circlet_count":0,"master_deck":["Defend_G","Defend_G","Defend_G","Defend_G","Defend_G","Strike_G","Strike_G","Strike_G","Survivor","Neutralize","Dodge and Roll","Noxious Fumes+1","Skewer","Unload+1","Neutralize","Flying Knee","Prepared","Cloak And Dagger","Leg Sweep","PiercingWail","After Image","Deflect","Predator","Well Laid Plans","Ghostly","Ghostly","Ghostly","Ghostly","Ghostly"],"relics":["Ring of the Snake","Boot","Ornamental Fan","Dream Catcher","Blue Candle","Runic Pyramid","TwistedFunnel"],"potions_floor_usage":[2,5,14,23],"damage_taken":[{"damage":0,"enemies":"Small Slimes","floor":1,"turns":3},{"damage":0,"enemies":"Cultist","floor":2,"turns":5},{"damage":0,"enemies":"2 Louse","floor":4,"turns":3},{"damage":16,"enemies":"Large Slime","floor":5,"turns":5},{"damage":1,"enemies":"Blue Slaver","floor":12,"turns":4},{"damage":18,"enemies":"3 Sentries","floor":13,"turns":7},{"damage":0,"enemies":"Looter","floor":14,"turns":4},{"damage":20,"enemies":"The Guardian","floor":16,"turns":12},{"damage":5,"enemies":"Spheric Guardian","floor":18,"turns":6},{"damage":0,"enemies":"3 Byrds","floor":19,"turns":5},{"damage":36,"enemies":"Book of Stabbing","floor":23,"turns":11}],"seed_played":"5717721553877093332","potions_obtained":[{"floor":1,"key":"AttackPotion"},{"floor":2,"key":"SneckoOil"},{"floor":12,"key":"Swift Potion"},{"floor":18,"key":"GamblersBrew"}],"is_trial":false,"path_per_floor":["M","M","?","M","M","?","$","T","T","?","R","M","E","M","R","B",null,"M","M","$","?","$"],"character_chosen":"THE_SILENT","items_purchased":["Cloak And Dagger","Well Laid Plans","TwistedFunnel"],"campfire_rested":0,"item_purchase_floors":[7,20,20],"current_hp_per_floor":[70,70,70,70,54,47,47,47,47,47,47,46,28,28,28,8,70,65,65,65,35,35,0],"gold":2,"neow_bonus":"","is_prod":false,"is_daily":false,"chose_seed":false,"campfire_upgraded":2,"win_rate":0,"timestamp":1538126996,"path_taken":["M","M","?","M","M","?","$","?","T","?","R","?","E","M","R","BOSS","M","M","$","?","?","E"],"build_version":"2018-09-27","purchased_purges":1,"victory":false,"max_hp_per_floor":[70,70,70,70,70,70,70,70,70,70,70,70,70,70,70,70,70,70,70,70,35,35,35],"card_choices":[{"not_picked":["Bouncing Flask","Prepared"],"picked":"Dodge and Roll","floor":1},{"not_picked":["Finisher","Cloak And Dagger"],"picked":"Noxious Fumes","floor":2},{"not_picked":["Choke","Reflex"],"picked":"Flying Knee","floor":4},{"not_picked":["Caltrops","Endless Agony"],"picked":"Prepared","floor":5},{"not_picked":["Poisoned Stab","Slice","Caltrops"],"picked":"SKIP","floor":12},{"not_picked":["Predator","PiercingWail"],"picked":"Leg Sweep","floor":13},{"not_picked":["Caltrops","Finisher"],"picked":"PiercingWail","floor":14},{"not_picked":["Malaise","Burst"],"picked":"After Image","floor":16},{"not_picked":["Endless Agony+1","PiercingWail"],"picked":"Deflect","floor":18},{"not_picked":["Dagger Throw","All Out Attack"],"picked":"Predator","floor":19}],"player_experience":242954,"relics_obtained":[{"floor":8,"key":"Ornamental Fan"},{"floor":9,"key":"Dream Catcher"},{"floor":13,"key":"Blue Candle"}],"event_choices":[{"event_name":"Match and Keep!","player_choice":"3 cards matched","floor":3,"damage_taken":0},{"event_name":"Scrap Ooze","player_choice":"success","floor":6,"damage_taken":7},{"event_name":"The Cleric","player_choice":"Card Removal","floor":10,"damage_taken":0},{"event_name":"Ghosts","player_choice":"Became a Ghost","floor":21,"damage_taken":0}],"is_beta":false,"boss_relics":[{"not_picked":["Lizard Tail","Empty Cage"],"picked":"Runic Pyramid"}],"items_purged_floors":[7],"is_endless":false,"potions_floor_spawned":[1,2,12,18],"killed_by":"Book of Stabbing","ascension_level":0}