{"path_per_floor":["M","?","M","M","$","R","E","?","T","M","M","E","M","M","R"],"character_chosen":"IRONCLAD","items_purchased":["Impervious"],"gold_per_floor":[119,119,134,151,84,84,116,116,116,131,147,211,230,243,243],"floor_reached":16,"campfire_rested":1,"playtime":1607,"current_hp_per_floor":[80,80,80,80,80,80,41,41,41,38,52,35,22,25,49],"items_purged":[],"gold":243,"play_id":"61294b7c-93f9-40a9-9a49-8b4be136d4f1","is_prod":false,"is_daily":false,"is_ascension_mode":false,"campfire_upgraded":1,"path_taken":["M","?","?","M","$","R","E","?","T","?","?","E","M","?","R","BOSS"],"build_version":"2018-01-25-PROD3","purchased_purges":0,"victory":false,"master_deck":["Strike_R","Strike_R","Strike_R","Strike_R","Strike_R","Defend_R","Defend_R","Defend_R","Defend_R","Bash","Warcry","Metallicize","Entrench+1","Impervious","Metallicize","Regret","Flex","Shockwave","Thunderclap","Battle Trance","Headbutt"],"max_hp_per_floor":[80,80,80,80,80,80,80,80,80,80,80,80,80,80,80],"relics":["Burning Blood","Singing Bowl","Shuriken","Sundial","Anchor","Tiny Chest"],"card_choices":[{"not_picked":["Bloodletting","Wild Strike"],"picked":"Warcry"},{"not_picked":["Searing Blow","True Grit"],"picked":"Metallicize"},{"not_picked":["Wild Strike","Iron Wave"],"picked":"Entrench"},{"not_picked":["Cleave","Pommel Strike"],"picked":"Metallicize"},{"not_picked":["Carnage","Thunderclap"],"picked":"Flex"},{"not_picked":["Iron Wave","Wild Strike"],"picked":"Shockwave"},{"not_picked":["Sever Soul","Heavy Blade"],"picked":"Thunderclap"},{"not_picked":["Headbutt","Rage"],"picked":"Battle Trance"},{"not_picked":["Iron Wave","Twin Strike"],"picked":"Headbutt"}],"player_experience":165241,"potions_floor_usage":[10,11],"damage_taken":[{"damage":1.0,"enemies":"2 Louse","floor":1.0,"turns":4.0},{"damage":0.0,"enemies":"Blue Slaver","floor":3.0,"turns":2.0},{"damage":2.0,"enemies":"Cultist","floor":4.0,"turns":4.0},{"damage":45.0,"enemies":"Lagavulin","floor":7.0,"turns":10.0},{"damage":9,"enemies":"Gremlin Gang","floor":10,"turns":6},{"damage":7,"enemies":"Large Slime","floor":11,"turns":7},{"damage":23,"enemies":"3 Sentries","floor":12,"turns":14},{"damage":19,"enemies":"Exordium Thugs","floor":13,"turns":8},{"damage":3,"enemies":"2 Fungi Beasts","floor":14,"turns":5},{"damage":0,"enemies":"The Guardian","floor":16,"turns":1}],"event_choices":[{"event_name":"The Lab","player_choice":"Got Potions","floor":2.0,"damage_taken":0.0},{"event_name":"Big Fish","player_choice":"Box","floor":8.0,"damage_taken":0.0}],"boss_relics":[],"potions_floor_spawned":[1,7,13,14],"seed_played":"-755265259775022635","killed_by":"The Guardian","ascension_level":0,"is_trial":false}