{"gold_per_floor":[113,4,22,22,32,32,47,47,128,157,169,184,184,205,205,328,328,346,128,128,94,94,94,19,35,59,59,0,0,0,39,39,168,168,183,183,0,0,18,18,18,18,18,18,43,43,43,74,74,74],"floor_reached":51,"playtime":8990,"items_purged":["Strike_R","Defend_R"],"score":666,"play_id":"14971370-84dd-42c0-99d5-868c47abfc4c","local_time":"20190101221726","is_ascension_mode":false,"campfire_choices":[{"data":"Searing Blow+1","floor":6.0,"key":"SMITH"},{"data":"Searing Blow+2","floor":8.0,"key":"SMITH"},{"floor":15,"key":"REST"},{"data":"Whirlwind","floor":23,"key":"SMITH"},{"data":"Searing Blow+3","floor":27,"key":"SMITH"},{"data":"Searing Blow+4","floor":30,"key":"SMITH"},{"floor":32,"key":"REST"},{"data":"Bludgeon","floor":40,"key":"SMITH"},{"data":"Offering","floor":42,"key":"SMITH"},{"data":"Searing Blow+5","floor":46,"key":"SMITH"},{"floor":49,"key":"REST"}],"neow_cost":"NONE","seed_source_timestamp":0,"circlet_count":0,"master_deck":["Strike_R","Strike_R","Strike_R","Strike_R","Defend_R","Defend_R","Defend_R","Bash","Searing Blow+6","Thunderclap","Dropkick","Shockwave","Armaments","Metallicize","Iron Wave","Dual Wield","Offering+1","Shrug It Off","Shrug It Off","Battle Trance","Whirlwind+1","True Grit+1","Dropkick","Bludgeon+1","Bloodletting+1","Cleave","Shrug It Off+1","Warcry+1"],"special_seed":0,"relics":["Burning Blood","NeowsBlessing","Pear","Ancient Tea Set","Golden Idol","Philosopher\u0027s Stone","Shuriken","Potion Belt","Mango","Lizard Tail","Red Mask","Bottled Lightning","Juzu Bracelet"],"potions_floor_usage":[16,41,50,50],"damage_taken":[{"damage":0.0,"enemies":"Cultist","floor":1.0,"turns":1.0},{"damage":0.0,"enemies":"Small Slimes","floor":3.0,"turns":1.0},{"damage":0.0,"enemies":"2 Louse","floor":5.0,"turns":1.0},{"damage":16.0,"enemies":"Blue Slaver","floor":7.0,"turns":4.0},{"damage":18.0,"enemies":"Lagavulin","floor":10.0,"turns":5.0},{"damage":6.0,"enemies":"3 Louse","floor":11.0,"turns":3.0},{"damage":4,"enemies":"2 Fungi Beasts","floor":12,"turns":4},{"damage":12,"enemies":"Exordium Thugs","floor":14,"turns":5},{"damage":57,"enemies":"The Guardian","floor":16,"turns":13},{"damage":9,"enemies":"Shell Parasite","floor":18,"turns":5},{"damage":7,"enemies":"Chosen","floor":25,"turns":3},{"damage":32,"enemies":"Book of Stabbing","floor":31,"turns":5},{"damage":50,"enemies":"Champ","floor":33,"turns":10},{"damage":14,"enemies":"3 Shapes","floor":35,"turns":4},{"damage":9,"enemies":"Orb Walker","floor":39,"turns":3},{"damage":4,"enemies":"Transient","floor":41,"turns":2},{"damage":9,"enemies":"Jaw Worm Horde","floor":45,"turns":1},{"damage":45,"enemies":"Nemesis","floor":48,"turns":7},{"damage":150,"enemies":"Awakened One","floor":50,"turns":14}],"seed_played":"-596058528781104895","potions_obtained":[{"floor":1.0,"key":"FairyPotion"},{"floor":10.0,"key":"Weak Potion"},{"floor":12,"key":"Swift Potion"},{"floor":14,"key":"Block Potion"},{"floor":18,"key":"Weak Potion"},{"floor":33,"key":"EssenceOfSteel"},{"floor":45,"key":"Swift Potion"},{"floor":48,"key":"Fire Potion"}],"is_trial":false,"path_per_floor":["M","$","M","?","M","R","M","R","T","E","M","M","?","M","R","B",null,"M","$","?","$","?","R","?","M","T","R","?","?","R","E","R","B",null,"M","?","?","$","M","R","M","R","T","$","M","R","?","E","R","B",null],"character_chosen":"IRONCLAD","items_purchased":["Searing Blow","Shrug It Off","SmokeBomb","Whirlwind"],"campfire_rested":3,"item_purchase_floors":[2,19,19,21],"current_hp_per_floor":[80,80,80,80,80,80,70,70,80,68,68,70,48,42,69,18,90,87,87,87,87,87,87,87,86,86,86,86,86,86,74,104,60,104,96,96,96,96,93,93,95,95,95,95,92,92,92,53,84,14],"gold":74,"neow_bonus":"THREE_ENEMY_KILL","is_prod":false,"is_daily":false,"chose_seed":false,"campfire_upgraded":8,"win_rate":0.0,"timestamp":1546377446,"path_taken":["M","$","?","?","M","R","M","R","T","E","?","M","?","M","R","BOSS","M","$","?","$","?","R","?","M","T","R","?","?","R","E","R","BOSS","M","?","?","$","M","R","M","R","T","?","?","R","?","E","R","BOSS"],"build_version":"2018-12-20","purchased_purges":2,"victory":true,"max_hp_per_floor":[80,80,80,80,80,80,80,80,90,90,90,90,90,90,90,90,90,90,90,90,90,90,90,90,90,90,90,90,90,90,104,104,104,104,104,104,104,104,104,104,104,104,104,104,104,104,104,104,104,104],"card_choices":[{"not_picked":["Iron Wave","Flex"],"picked":"Fire Breathing","floor":1.0},{"not_picked":["Clash","Rupture"],"picked":"Thunderclap","floor":3.0},{"not_picked":["True Grit","Body Slam"],"picked":"Dropkick","floor":5.0},{"not_picked":["Clash","Headbutt"],"picked":"Shockwave","floor":7.0},{"not_picked":["Body Slam","Sword Boomerang"],"picked":"Armaments","floor":10.0},{"not_picked":["Second Wind","Clash"],"picked":"Metallicize","floor":11.0},{"not_picked":["Clash","Clothesline"],"picked":"Iron Wave","floor":12},{"not_picked":["Uppercut","Cleave"],"picked":"Dual Wield","floor":14},{"not_picked":["Double Tap","Berserk"],"picked":"Offering","floor":16},{"not_picked":["Corruption","Entrench"],"picked":"Shrug It Off","floor":18},{"not_picked":["Thunderclap","Body Slam"],"picked":"True Grit+1","floor":25},{"not_picked":["Fire Breathing+1","Power Through","Thunderclap"],"picked":"SKIP","floor":31},{"not_picked":["Feed","Impervious"],"picked":"Bludgeon","floor":33},{"not_picked":["Iron Wave","Ghostly Armor"],"picked":"Bloodletting+1","floor":35},{"not_picked":["True Grit","Clothesline"],"picked":"Cleave","floor":39},{"not_picked":["Clothesline","Ghostly Armor"],"picked":"Shrug It Off+1","floor":45},{"not_picked":["Sword Boomerang","Ghostly Armor+1"],"picked":"Warcry+1","floor":48}],"player_experience":1319,"relics_obtained":[{"floor":9.0,"key":"Pear"},{"floor":10.0,"key":"Ancient Tea Set"},{"floor":26,"key":"Potion Belt"},{"floor":31,"key":"Mango"},{"floor":43,"key":"Bottled Lightning"},{"floor":48,"key":"Juzu Bracelet"}],"event_choices":[{"damage_healed":0.0,"max_hp_gain":0.0,"max_hp_loss":0.0,"gold_gain":0.0,"event_name":"Accursed Blacksmith","player_choice":"Forge","floor":4.0,"gold_loss":0.0,"damage_taken":0.0,"cards_upgraded":["Searing Blow"]},{"damage_healed":0,"gold_gain":0,"player_choice":"Take Damage","damage_taken":22,"relics_obtained":["Golden Idol"],"max_hp_gain":0,"max_hp_loss":0,"event_name":"Golden Idol","floor":13,"gold_loss":0},{"damage_healed":0,"gold_gain":0,"player_choice":"Read","damage_taken":0,"max_hp_gain":0,"max_hp_loss":0,"event_name":"The Library","floor":20,"gold_loss":0,"cards_obtained":["Battle Trance"]},{"damage_healed":0,"gold_gain":0,"player_choice":"Opened","damage_taken":0,"relics_obtained":["Shuriken"],"max_hp_gain":0,"max_hp_loss":0,"event_name":"The Mausoleum","floor":22,"gold_loss":0,"cards_obtained":["Writhe"]},{"cards_removed":["Writhe"],"damage_healed":0,"gold_gain":0,"player_choice":"Gave Gold","damage_taken":0,"max_hp_gain":0,"max_hp_loss":0,"event_name":"Beggar","floor":24,"gold_loss":75},{"damage_healed":0,"gold_gain":0,"player_choice":"Paid Fearfully","damage_taken":0,"max_hp_gain":0,"max_hp_loss":0,"event_name":"Masked Bandits","floor":28,"gold_loss":59},{"damage_healed":0,"gold_gain":0,"cards_transformed":["Fire Breathing"],"player_choice":"Transformed","damage_taken":0,"max_hp_gain":0,"max_hp_loss":0,"event_name":"Transmorgrifier","floor":29,"gold_loss":0,"cards_obtained":["Dropkick"]},{"damage_healed":0,"gold_gain":0,"player_choice":"Ignored","damage_taken":0,"max_hp_gain":0,"max_hp_loss":0,"event_name":"The Moai Head","floor":36,"gold_loss":0},{"damage_healed":0,"gold_gain":0,"player_choice":"Paid","damage_taken":0,"relics_obtained":["Red Mask"],"max_hp_gain":0,"max_hp_loss":0,"event_name":"Tomb of Lord Red Mask","floor":37,"gold_loss":183},{"damage_healed":0,"gold_gain":0,"player_choice":"Ignored","damage_taken":0,"max_hp_gain":0,"max_hp_loss":0,"event_name":"SecretPortal","floor":47,"gold_loss":0}],"is_beta":false,"boss_relics":[{"not_picked":["Runic Dome","Calling Bell"],"picked":"Philosopher\u0027s Stone"},{"not_picked":["Empty Cage","Orrery"],"picked":"Lizard Tail"}],"items_purged_floors":[2,19],"is_endless":false,"potions_floor_spawned":[1,10,12,14,18,33,45,48],"ascension_level":0}