{"gold_per_floor":[116,116,116,41,51,76,76,76,103,117,127,127,141,141,141,266,266,284,309,669,267,281,78,78,78],"floor_reached":25,"playtime":1566,"items_purged":["Defend_G","Strike_G","Defend_G"],"score":251,"play_id":"c3c08cc6-359f-4877-8bf1-0935dc1f4b45","local_time":"20180927135101","is_ascension_mode":true,"campfire_choices":[{"data":"Noxious Fumes","floor":12,"key":"SMITH"},{"data":"Grand Finale","floor":15,"key":"SMITH"},{"data":"Well Laid Plans","floor":24,"key":"SMITH"}],"neow_cost":"NONE","seed_source_timestamp":799184322994654,"circlet_count":0,"master_deck":["Defend_G","Defend_G","Defend_G","Strike_G","Strike_G+1","Survivor","Neutralize","Grand Finale+1","Crippling Poison+1","Grand Finale","Noxious Fumes+1","Acrobatics","Backflip","Quick Slash","Dagger Throw","Burst","Dagger Throw+1","Cloak And Dagger+1","Well Laid Plans+1"],"relics":["Ring of the Snake","Dream Catcher","FaceOfCleric","Centennial Puzzle","Golden Idol","Coffee Dripper","Mummified Hand"],"potions_floor_usage":[6,16,16,25,25],"damage_taken":[{"damage":0,"enemies":"Cultist","floor":1,"turns":4},{"damage":0,"enemies":"2 Louse","floor":5,"turns":4},{"damage":23,"enemies":"Lagavulin","floor":6,"turns":9},{"damage":4,"enemies":"Small Slimes","floor":10,"turns":4},{"damage":0,"enemies":"3 Louse","floor":11,"turns":2},{"damage":9,"enemies":"Gremlin Gang","floor":13,"turns":3},{"damage":16,"enemies":"The Guardian","floor":16,"turns":8},{"damage":1,"enemies":"Shell Parasite","floor":18,"turns":5},{"damage":9,"enemies":"2 Thieves","floor":19,"turns":2},{"damage":0,"enemies":"Cultist and Chosen","floor":22,"turns":3},{"damage":18,"enemies":"Book of Stabbing","floor":25,"turns":4}],"seed_played":"-6307393582900172424","potions_obtained":[{"floor":1,"key":"GhostInAJar"},{"floor":5,"key":"PowerPotion"},{"floor":10,"key":"Weak Potion"},{"floor":16,"key":"Swift Potion"}],"is_trial":false,"path_per_floor":["M","?","?","$","M","E","?","?","T","M","M","R","M","?","R","B",null,"M","M","?","$","M","$","R"],"character_chosen":"THE_SILENT","items_purchased":["Mummified Hand","Energy Potion","Well Laid Plans"],"campfire_rested":0,"item_purchase_floors":[21,21,23],"current_hp_per_floor":[70,70,70,70,70,47,47,33,33,30,31,31,23,23,23,8,54,54,46,11,11,12,12,12,0],"gold":78,"neow_bonus":"ONE_RANDOM_RARE_CARD","is_prod":false,"is_daily":false,"chose_seed":false,"campfire_upgraded":3,"win_rate":0,"timestamp":1538031061,"path_taken":["M","?","?","$","?","E","?","?","T","M","M","R","M","?","R","BOSS","M","M","?","$","M","?","R","E"],"build_version":"2018-09-20","purchased_purges":3,"victory":false,"max_hp_per_floor":[70,70,70,70,70,70,70,70,70,71,72,72,73,68,68,69,69,70,71,71,71,72,72,72,72],"card_choices":[{"not_picked":["Reflex","Cloak And Dagger"],"picked":"Crippling Poison","floor":1},{"not_picked":["Flying Knee","Poisoned Stab"],"picked":"Noxious Fumes","floor":5},{"not_picked":["Outmaneuver","Bullet Time"],"picked":"Acrobatics","floor":6},{"not_picked":["Deflect","Underhanded Strike"],"picked":"Backflip","floor":10},{"not_picked":["Caltrops","Dodge and Roll"],"picked":"Quick Slash","floor":11},{"not_picked":["Poisoned Stab","Flying Knee"],"picked":"Dagger Throw","floor":13},{"not_picked":["Tools of the Trade","Corpse Explosion"],"picked":"Burst","floor":16},{"not_picked":["Slice","Blade Dance"],"picked":"Dagger Throw+1","floor":18},{"not_picked":["Endless Agony","Caltrops"],"picked":"Cloak And Dagger+1","floor":19},{"not_picked":["Underhanded Strike","Infinite Blades","Backflip"],"picked":"SKIP","floor":22}],"player_experience":211215,"relics_obtained":[{"floor":6,"key":"Dream Catcher"},{"floor":9,"key":"Centennial Puzzle"}],"event_choices":[{"event_name":"Transmorgrifier","player_choice":"Transform","floor":2,"damage_taken":0},{"event_name":"Bonfire Elementals","player_choice":"BASIC","floor":3,"damage_taken":0},{"event_name":"FaceTrader","player_choice":"Trade","floor":7,"damage_taken":0},{"event_name":"Shining Light","player_choice":"Entered Light","floor":8,"damage_taken":0},{"event_name":"Golden Idol","player_choice":"Lose Max HP","floor":14,"damage_taken":0},{"event_name":"Knowing Skull","player_choice":"GOLD GOLD GOLD GOLD ","floor":20,"damage_taken":0}],"is_beta":false,"boss_relics":[{"not_picked":["Cursed Key","Ring of the Serpent"],"picked":"Coffee Dripper"}],"items_purged_floors":[4,21,23],"is_endless":false,"potions_floor_spawned":[1,5,10,16],"killed_by":"Book of Stabbing","ascension_level":5}