{"gold_per_floor":[115,132,142,156,231,231,249,249,249,19,52,52,52,52,52,123,123,136,146,156,184,109,109,123,123,123,156,156,191,191,203,203,274,274,284,9,9,9,28,28,59,75,75,297,314,314],"floor_reached":46,"playtime":2420,"items_purged":["Strike_G","Pain"],"score":898,"play_id":"fab307d3-56a0-4a00-9ee3-bdd3f57f145e","local_time":"20190123185334","is_ascension_mode":true,"campfire_choices":[{"data":"Noxious Fumes","floor":6,"key":"SMITH"},{"data":"Neutralize","floor":8,"key":"SMITH"},{"data":"Cloak And Dagger","floor":13,"key":"SMITH"},{"data":"Well Laid Plans","floor":15,"key":"SMITH"},{"data":"After Image","floor":23,"key":"SMITH"},{"data":"Cloak And Dagger","floor":30,"key":"SMITH"},{"data":"Cloak And Dagger","floor":32,"key":"SMITH"},{"data":"Envenom","floor":40,"key":"SMITH"}],"neow_cost":"NONE","seed_source_timestamp":89133943511000,"circlet_count":0,"master_deck":["AscendersBane","Defend_G","Defend_G","Defend_G+1","Defend_G","Defend_G+1","Strike_G+1","Strike_G","Strike_G","Survivor","Neutralize+1","Noxious Fumes+1","Cloak And Dagger+1","Poisoned Stab+1","Backflip","PiercingWail","Well Laid Plans+1","After Image+1","Adrenaline","Cloak And Dagger+1","Calculated Gamble+1","Cloak And Dagger+1","Corpse Explosion","Envenom+1","Injury","Parasite","Blade Dance+1","Secret Technique+1","Backstab+1","Parasite","Skewer+1","Finisher"],"relics":["Ring of the Snake","War Paint","Snake Skull","Lantern","Sozu","Red Mask","Mercury Hourglass","Blue Candle","Bottled Tornado","Calling Bell","Dream Catcher","Toxic Egg 2","Peace Pipe","Whetstone"],"potions_floor_usage":[11,21,29],"damage_taken":[{"damage":2,"enemies":"Jaw Worm","floor":1,"turns":5},{"damage":3,"enemies":"2 Louse","floor":2,"turns":4},{"damage":0,"enemies":"Cultist","floor":3,"turns":5},{"damage":1,"enemies":"Large Slime","floor":4,"turns":8},{"damage":0,"enemies":"Looter","floor":7,"turns":4},{"damage":7,"enemies":"3 Sentries","floor":11,"turns":7},{"damage":23,"enemies":"The Guardian","floor":16,"turns":11},{"damage":0,"enemies":"Spheric Guardian","floor":18,"turns":5},{"damage":3,"enemies":"2 Thieves","floor":19,"turns":5},{"damage":40,"enemies":"3 Cultists","floor":20,"turns":7},{"damage":3,"enemies":"Masked Bandits","floor":21,"turns":5},{"damage":6,"enemies":"Centurion and Healer","floor":24,"turns":7},{"damage":1,"enemies":"Slavers","floor":27,"turns":6},{"damage":0,"enemies":"Gremlin Leader","floor":29,"turns":7},{"damage":0,"enemies":"Snecko","floor":31,"turns":5},{"damage":27,"enemies":"Collector","floor":33,"turns":8},{"damage":2,"enemies":"3 Shapes","floor":35,"turns":2},{"damage":4,"enemies":"Orb Walker","floor":39,"turns":3},{"damage":9,"enemies":"Nemesis","floor":41,"turns":9},{"damage":28,"enemies":"Writhing Mass","floor":42,"turns":6},{"damage":0,"enemies":"4 Shapes","floor":45,"turns":3},{"damage":19,"enemies":"Spire Growth","floor":46,"turns":3}],"seed_played":"699592270140706892","potions_obtained":[{"floor":1,"key":"GhostInAJar"},{"floor":3,"key":"Energy Potion"},{"floor":11,"key":"Regen Potion"}],"is_trial":false,"path_per_floor":["M","M","M","M","?","R","M","R","T","$","E","?","R","$","R","B",null,"M","M","M","?","$","R","M","?","T","E","?","E","R","M","R","B",null,"M","$","?","?","M","R","E","M","T","?","M","M"],"character_chosen":"THE_SILENT","items_purchased":["Snake Skull","Well Laid Plans","Secret Technique+1"],"campfire_rested":0,"item_purchase_floors":[10,10,36],"current_hp_per_floor":[63,60,60,59,48,48,48,48,48,48,41,46,46,46,46,23,64,64,61,21,33,33,33,27,42,42,41,41,41,41,41,41,14,61,59,59,59,59,55,55,46,18,18,18,18,0],"gold":314,"neow_bonus":"TEN_PERCENT_HP_BONUS","is_prod":false,"is_daily":false,"chose_seed":false,"campfire_upgraded":8,"win_rate":0,"timestamp":1548240814,"path_taken":["M","M","M","M","?","R","M","R","T","$","E","?","R","?","R","BOSS","M","M","M","?","$","R","M","?","T","E","?","E","R","?","R","BOSS","M","$","?","?","M","R","E","M","T","?","M","M"],"build_version":"2019-01-17v2","purchased_purges":2,"victory":false,"max_hp_per_floor":[72,72,72,72,72,72,72,72,72,72,72,77,77,77,77,77,77,77,77,77,77,77,77,77,77,77,77,77,77,77,77,77,77,77,77,77,77,73,73,73,73,73,73,73,73,73],"card_choices":[{"not_picked":["Outmaneuver","Terror"],"picked":"Noxious Fumes","floor":1},{"not_picked":["Skewer","Finisher"],"picked":"Cloak And Dagger","floor":2},{"not_picked":["Accuracy","Dagger Throw"],"picked":"Poisoned Stab","floor":3},{"not_picked":["Underhanded Strike","Dodge and Roll"],"picked":"Backflip","floor":4},{"not_picked":["Dagger Throw","Sucker Punch"],"picked":"PiercingWail","floor":7},{"not_picked":["Well Laid Plans","Noxious Fumes"],"picked":"After Image","floor":11},{"not_picked":["Doppelganger","Envenom"],"picked":"Adrenaline","floor":16},{"not_picked":["Deadly Poison","Blade Dance"],"picked":"Cloak And Dagger","floor":18},{"not_picked":["Bouncing Flask","Blade Dance"],"picked":"Calculated Gamble","floor":19},{"not_picked":["Dodge and Roll","Outmaneuver+1","Flying Knee+1"],"picked":"SKIP","floor":20},{"not_picked":["Deflect","Dagger Throw+1","Eviscerate"],"picked":"SKIP","floor":24},{"not_picked":["Poisoned Stab+1","Footwork"],"picked":"Cloak And Dagger","floor":27},{"not_picked":["Blade Dance","Quick Slash"],"picked":"Corpse Explosion","floor":29},{"not_picked":["Deflect","Infinite Blades","Bane"],"picked":"SKIP","floor":31},{"not_picked":["Bullet Time","Unload"],"picked":"Envenom","floor":33},{"not_picked":["Well Laid Plans","Dagger Throw"],"picked":"Blade Dance+1","floor":35},{"not_picked":["Underhanded Strike","Acrobatics+1"],"picked":"Backstab+1","floor":39},{"not_picked":["Wraith Form v2","Prepared+1","Masterful Stab"],"picked":"SKIP","floor":41},{"not_picked":["Dash","Tactician+1"],"picked":"Skewer+1","floor":42},{"not_picked":["Prepared+1","Outmaneuver+1"],"picked":"Finisher","floor":45}],"player_experience":667960,"relics_obtained":[{"floor":9,"key":"War Paint"},{"floor":11,"key":"Lantern"},{"floor":21,"key":"Red Mask"},{"floor":26,"key":"Mercury Hourglass"},{"floor":27,"key":"Blue Candle"},{"floor":29,"key":"Bottled Tornado"},{"floor":34,"key":"Dream Catcher"},{"floor":34,"key":"Toxic Egg 2"},{"floor":34,"key":"Peace Pipe"},{"floor":41,"key":"Whetstone"}],"event_choices":[{"damage_healed":0,"gold_gain":75,"player_choice":"Gather Gold","damage_taken":11,"max_hp_gain":0,"max_hp_loss":0,"event_name":"World of Goop","floor":5,"gold_loss":0},{"damage_healed":0,"gold_gain":0,"player_choice":"Donut","damage_taken":0,"max_hp_gain":5,"max_hp_loss":0,"event_name":"Big Fish","floor":12,"gold_loss":0},{"damage_healed":0,"gold_gain":0,"player_choice":"Fought Bandits","damage_taken":0,"max_hp_gain":0,"max_hp_loss":0,"event_name":"Masked Bandits","floor":21,"gold_loss":0},{"damage_healed":15,"gold_gain":0,"player_choice":"Heal","damage_taken":0,"max_hp_gain":0,"max_hp_loss":0,"event_name":"The Library","floor":25,"gold_loss":0},{"damage_healed":0,"gold_gain":0,"player_choice":"Forge","damage_taken":0,"max_hp_gain":0,"max_hp_loss":0,"event_name":"Accursed Blacksmith","floor":28,"gold_loss":0,"cards_upgraded":["Calculated Gamble"]},{"cards_removed":["Strike_G"],"damage_healed":0,"gold_gain":0,"player_choice":"Removed Attack","damage_taken":0,"max_hp_gain":0,"max_hp_loss":0,"event_name":"Falling","floor":37,"gold_loss":0},{"damage_healed":0,"gold_gain":0,"player_choice":"Max HP","damage_taken":0,"max_hp_gain":0,"max_hp_loss":4,"event_name":"Winding Halls","floor":38,"gold_loss":0},{"damage_healed":0,"gold_gain":222,"player_choice":"Wore Mask","damage_taken":0,"max_hp_gain":0,"max_hp_loss":0,"event_name":"Tomb of Lord Red Mask","floor":44,"gold_loss":0}],"is_beta":false,"boss_relics":[{"not_picked":["Runic Dome","Philosopher\u0027s Stone"],"picked":"Sozu"},{"not_picked":["Velvet Choker","HoveringKite"],"picked":"Calling Bell"}],"items_purged_floors":[22,36],"is_endless":false,"potions_floor_spawned":[1,3,11,16,19,20,31,41,45],"killed_by":"Spire Growth","ascension_level":15}