{"gold_per_floor":[110,37,48,68,68,68,68,68,93,110,129,129,129,143,143,245,245,263,152,171,184,184,211,211,221,270,270,290,290,320,150,150,249,249,269,144,144,164,18,18,51,151,199,218,229,229,259,278,278,278,278,278,51,78,78],"floor_reached":56,"playtime":4777,"items_purged":["Strike_G","Strike_G+1","Strike_G+1"],"score":1312,"play_id":"1bc13a12-ca20-444c-a592-af2896bb8b2e","local_time":"20190206231624","is_ascension_mode":false,"campfire_choices":[{"data":"Noxious Fumes","floor":6.0,"key":"SMITH"},{"data":"Bouncing Flask","floor":8.0,"key":"SMITH"},{"data":"Catalyst","floor":13.0,"key":"SMITH"},{"data":"Backflip","floor":15.0,"key":"SMITH"},{"floor":24.0,"key":"REST"},{"data":"Blur","floor":27.0,"key":"SMITH"},{"floor":29.0,"key":"RECALL"},{"floor":32.0,"key":"REST"},{"data":"Footwork","floor":40.0,"key":"SMITH"},{"data":"Footwork","floor":46.0,"key":"SMITH"},{"floor":49,"key":"REST"},{"data":"Catalyst","floor":52,"key":"SMITH"}],"neow_cost":"NONE","seed_source_timestamp":0,"circlet_count":0,"master_deck":["Defend_G+1","Defend_G+1","Defend_G+1","Defend_G+1","Defend_G+1","Strike_G+1","Survivor","Neutralize","Backflip+1","Noxious Fumes+1","Bouncing Flask+1","Catalyst+1","Blur+1","Footwork+1","Footwork+1","Catalyst+1"],"special_seed":0,"relics":["Ring of the Snake","Orichalcum","Regal Pillow","Busted Crown","Matryoshka","Blue Candle","Bottled Lightning","Black Star","Unceasing Top","Sundial","PreservedInsect","Snake Skull","Centennial Puzzle","Lantern","Oddly Smooth Stone","Anchor","Paper Crane"],"potions_floor_usage":[55],"damage_taken":[{"damage":0.0,"enemies":"Cultist","floor":1.0,"turns":3.0},{"damage":1.0,"enemies":"Jaw Worm","floor":3.0,"turns":5.0},{"damage":0.0,"enemies":"Small Slimes","floor":4.0,"turns":3.0},{"damage":1.0,"enemies":"Blue Slaver","floor":10.0,"turns":2.0},{"damage":4.0,"enemies":"Looter","floor":11.0,"turns":3.0},{"damage":0.0,"enemies":"2 Fungi Beasts","floor":14.0,"turns":4.0},{"damage":0.0,"enemies":"The Guardian","floor":16.0,"turns":6.0},{"damage":2.0,"enemies":"Shell Parasite","floor":18.0,"turns":4.0},{"damage":0.0,"enemies":"Chosen","floor":20.0,"turns":3.0},{"damage":6.0,"enemies":"3 Cultists","floor":21.0,"turns":6.0},{"damage":40.0,"enemies":"Gremlin Leader","floor":23.0,"turns":8.0},{"damage":1.0,"enemies":"Cultist and Chosen","floor":25.0,"turns":5.0},{"damage":0.0,"enemies":"Shelled Parasite and Fungi","floor":28.0,"turns":5.0},{"damage":14.0,"enemies":"Slavers","floor":30.0,"turns":7.0},{"damage":8.0,"enemies":"Champ","floor":33.0,"turns":9.0},{"damage":7.0,"enemies":"3 Darklings","floor":35.0,"turns":8.0},{"damage":0.0,"enemies":"3 Shapes","floor":38.0,"turns":6.0},{"damage":0.0,"enemies":"Giant Head","floor":41.0,"turns":7.0},{"damage":0.0,"enemies":"Transient","floor":44.0,"turns":5.0},{"damage":0.0,"enemies":"Spire Growth","floor":45.0,"turns":5.0},{"damage":50.0,"enemies":"Reptomancer","floor":47.0,"turns":9.0},{"damage":0,"enemies":"Writhing Mass","floor":48,"turns":5},{"damage":5,"enemies":"Time Eater","floor":50,"turns":15},{"damage":9,"enemies":"Shield and Spear","floor":54,"turns":5},{"damage":20,"enemies":"The Heart","floor":55,"turns":6}],"seed_played":"-3962048169426594153","potions_obtained":[{"floor":11.0,"key":"GhostInAJar"},{"floor":18.0,"key":"SteroidPotion"},{"floor":21.0,"key":"Explosive Potion"},{"floor":28.0,"key":"Energy Potion"},{"floor":30.0,"key":"FearPotion"},{"floor":44.0,"key":"LiquidBronze"},{"floor":48,"key":"Energy Potion"}],"is_trial":false,"path_per_floor":["M","?","$","?","?","?","?"],"character_chosen":"THE_SILENT","items_purchased":["Noxious Fumes","Blur","Footwork","Footwork","Catalyst","Oddly Smooth Stone","GamblersBrew"],"campfire_rested":3,"item_purchase_floors":[2,19,31,39,39,53,53],"current_hp_per_floor":[70,70,69,69,62,62,62,62,62,61,57,43,43,43,43,43,70,68,68,68,62,62,22,58,57,57,57,57,57,43,43,70,62,70,63,63,63,63,63,63,63,63,63,63,63,63,13,13,49,44,70,70,70,61,41],"gold":78,"neow_bonus":"RANDOM_COMMON_RELIC","is_prod":false,"is_daily":false,"chose_seed":false,"campfire_upgraded":8,"win_rate":0,"timestamp":1549491384,"path_taken":["M","$","M","?","?","R","?","R","T","M","M","?","R","M","R","BOSS","M","$","M","M","?","E","R","M","T","R","M","R","E","$","R","BOSS","M","$","?","M","$","R","E","?","T","M","M","R","E","M","R","BOSS","R","$","E","BOSS"],"build_version":"2019-01-23","purchased_purges":3,"victory":true,"max_hp_per_floor":[70,70,70,70,70,70,70,70,70,70,70,70,70,70,70,70,70,70,70,70,70,70,70,70,70,70,70,70,70,70,70,70,70,70,70,70,70,70,70,70,70,70,70,70,70,70,70,70,70,70,70,70,70,70,70],"card_choices":[{"not_picked":["Masterful Stab","Eviscerate"],"picked":"Backflip","floor":1.0},{"not_picked":["Riddle With Holes","PiercingWail"],"picked":"Bouncing Flask","floor":3.0},{"not_picked":["Bouncing Flask","Cloak And Dagger"],"picked":"Catalyst","floor":4.0},{"not_picked":["Acrobatics","Backstab","Blade Dance"],"picked":"SKIP","floor":10.0},{"not_picked":["Prepared","Dodge and Roll","Terror"],"picked":"SKIP","floor":11.0},{"not_picked":["Grand Finale","Well Laid Plans","Leg Sweep"],"picked":"SKIP","floor":14.0},{"not_picked":["Prepared"],"picked":"SKIP","floor":18.0},{"not_picked":["Underhanded Strike"],"picked":"SKIP","floor":20.0},{"not_picked":["Heel Hook"],"picked":"SKIP","floor":21.0},{"not_picked":["Cloak And Dagger"],"picked":"SKIP","floor":23.0},{"not_picked":["Slice"],"picked":"SKIP","floor":25.0},{"not_picked":["Acrobatics"],"picked":"SKIP","floor":28.0},{"not_picked":["Dagger Spray"],"picked":"SKIP","floor":30.0},{"not_picked":["Infinite Blades"],"picked":"SKIP","floor":35.0},{"not_picked":["Bouncing Flask"],"picked":"SKIP","floor":38.0},{"not_picked":["Prepared+1"],"picked":"SKIP","floor":41.0},{"not_picked":["Infinite Blades+1"],"picked":"SKIP","floor":44.0},{"not_picked":["Poisoned Stab+1"],"picked":"SKIP","floor":45.0},{"not_picked":["Poisoned Stab+1"],"picked":"SKIP","floor":45.0},{"not_picked":["Bane"],"picked":"SKIP","floor":47.0},{"not_picked":["Deadly Poison"],"picked":"SKIP","floor":48},{"not_picked":["Poisoned Stab"],"picked":"SKIP","floor":54}],"player_experience":134753,"relics_obtained":[{"floor":9.0,"key":"Regal Pillow"},{"floor":23.0,"key":"Matryoshka"},{"floor":26.0,"key":"Blue Candle"},{"floor":30.0,"key":"Bottled Lightning"},{"floor":41.0,"key":"Unceasing Top"},{"floor":41.0,"key":"Sundial"},{"floor":43.0,"key":"PreservedInsect"},{"floor":43.0,"key":"Snake Skull"},{"floor":47.0,"key":"Centennial Puzzle"},{"floor":47.0,"key":"Lantern"},{"floor":54,"key":"Anchor"},{"floor":54,"key":"Paper Crane"}],"event_choices":[{"damage_healed":0.0,"max_hp_gain":0.0,"max_hp_loss":0.0,"gold_gain":0.0,"event_name":"Wheel of Change","player_choice":"Damaged","floor":5.0,"gold_loss":0.0,"damage_taken":7.0},{"damage_healed":0.0,"max_hp_gain":0.0,"max_hp_loss":0.0,"gold_gain":0.0,"event_name":"Shining Light","player_choice":"Entered Light","floor":12.0,"gold_loss":0.0,"damage_taken":14.0,"cards_upgraded":["Defend_G","Defend_G"]},{"damage_healed":0.0,"max_hp_gain":0.0,"max_hp_loss":0.0,"gold_gain":0.0,"event_name":"Back to Basics","player_choice":"Simplicity","floor":22.0,"gold_loss":0.0,"damage_taken":0.0,"cards_upgraded":["Defend_G","Defend_G","Defend_G","Strike_G","Strike_G","Strike_G","Strike_G"]},{"cards_removed":["Strike_G"],"damage_healed":0.0,"max_hp_gain":0.0,"max_hp_loss":0.0,"gold_gain":0.0,"event_name":"Falling","player_choice":"Removed Attack","floor":37.0,"gold_loss":0.0,"damage_taken":0.0},{"damage_healed":0.0,"max_hp_gain":0.0,"max_hp_loss":0.0,"gold_gain":100.0,"event_name":"Golden Shrine","player_choice":"Pray","floor":42.0,"gold_loss":0.0,"damage_taken":0.0}],"is_beta":false,"boss_relics":[{"not_picked":["Runic Pyramid","Tiny House"],"picked":"Busted Crown"},{"not_picked":["Velvet Choker","Astrolabe"],"picked":"Black Star"}],"items_purged_floors":[19,31,36],"is_endless":false,"potions_floor_spawned":[11,18,21,28,30,44,48],"ascension_level":0}