{"gold_per_floor":[112,112,37,51,126,158,158,178,203,203,216,216],"floor_reached":12,"playtime":401,"items_purged":["Strike_G"],"score":118,"play_id":"9568fc07-2a53-489b-9bfa-80800af967b5","local_time":"20181204223810","is_ascension_mode":true,"campfire_choices":[{"floor":7,"key":"RECALL"}],"neow_cost":"NONE","seed_source_timestamp":885108930502918,"circlet_count":0,"master_deck":["Defend_G","Defend_G","Defend_G","Defend_G","Strike_G","Strike_G","Strike_G+1","Strike_G","Survivor+1","Neutralize"],"relics":["Ring of the Snake","NeowsBlessing","Smiling Mask"],"potions_floor_usage":[6,11],"damage_taken":[{"damage":0,"enemies":"Jaw Worm","floor":1,"turns":1},{"damage":0,"enemies":"Small Slimes","floor":4,"turns":1},{"damage":0,"enemies":"3 Sentries","floor":6,"turns":1},{"damage":0,"enemies":"2 Louse","floor":8,"turns":5},{"damage":20,"enemies":"Large Slime","floor":11,"turns":12},{"damage":34,"enemies":"Gremlin Nob","floor":12,"turns":4}],"seed_played":"-2392358092949151777","potions_obtained":[{"floor":1,"key":"Explosive Potion"},{"floor":6,"key":"Dexterity Potion"},{"floor":11,"key":"Fruit Juice"}],"is_trial":false,"path_per_floor":["M","?","$","M","?","E","R","M","T","?","M","E"],"character_chosen":"THE_SILENT","items_purchased":[],"campfire_rested":0,"item_purchase_floors":[],"current_hp_per_floor":[70,70,70,70,59,59,59,59,59,45,30,0],"gold":216,"neow_bonus":"THREE_ENEMY_KILL","is_prod":false,"is_daily":false,"chose_seed":false,"campfire_upgraded":0,"win_rate":0,"timestamp":1543984690,"path_taken":["M","?","$","M","?","E","R","M","T","?","M","E"],"build_version":"2018-11-15","purchased_purges":1,"victory":false,"max_hp_per_floor":[70,70,70,70,70,70,70,70,70,70,75,75],"card_choices":[{"not_picked":["Flechettes","Prepared","Escape Plan"],"picked":"SKIP","floor":1},{"not_picked":["Poisoned Stab","Terror","Predator"],"picked":"SKIP","floor":4},{"not_picked":["Slice","Glass Knife","Deflect"],"picked":"SKIP","floor":6},{"not_picked":["Flying Knee","Catalyst","Prepared"],"picked":"SKIP","floor":8},{"not_picked":["Sucker Punch","Expertise","PiercingWail"],"picked":"SKIP","floor":11}],"player_experience":649252,"relics_obtained":[{"floor":6,"key":"Smiling Mask"}],"event_choices":[{"cards_removed":["Defend_G"],"damage_healed":0,"gold_gain":0,"player_choice":"Forget","damage_taken":0,"max_hp_gain":0,"max_hp_loss":0,"event_name":"Living Wall","floor":2,"gold_loss":0},{"damage_healed":0,"gold_gain":75,"player_choice":"Gather Gold","damage_taken":11,"max_hp_gain":0,"max_hp_loss":0,"event_name":"World of Goop","floor":5,"gold_loss":0},{"damage_healed":0,"gold_gain":0,"player_choice":"Entered Light","damage_taken":14,"max_hp_gain":0,"max_hp_loss":0,"event_name":"Shining Light","floor":10,"gold_loss":0,"cards_upgraded":["Strike_G","Survivor"]}],"is_beta":false,"boss_relics":[],"items_purged_floors":[3],"is_endless":false,"potions_floor_spawned":[1,6,11],"killed_by":"Gremlin Nob","ascension_level":3}