{"gold_per_floor":[109,121,121,46,46,46,65,65,65,84,102,127,127,139,139,235,235,245,245,260,276,176,176,51,51,51,51,51,51,64,11,11,109,109,129,43,43,93,93,108,108,121,146,165,165,165,15,15,15,15],"floor_reached":51,"playtime":2625,"items_purged":["Strike_R","Strike_R","Strike_R","Strike_R"],"score":643,"play_id":"db33e812-d140-447e-8687-89b2295da8c5","local_time":"20190226021738","is_ascension_mode":false,"campfire_choices":[{"data":"Berserk","floor":6,"key":"SMITH"},{"data":"Warcry","floor":8,"key":"SMITH"},{"data":"Shockwave","floor":13,"key":"SMITH"},{"data":"Bash","floor":15,"key":"SMITH"},{"data":"Bludgeon","floor":23,"key":"SMITH"},{"data":"Flame Barrier","floor":27,"key":"SMITH"},{"data":"Ghostly Armor","floor":32,"key":"SMITH"},{"data":"Barricade","floor":41,"key":"SMITH"},{"data":"Shrug It Off","floor":45,"key":"SMITH"},{"data":"Shrug It Off","floor":49,"key":"SMITH"}],"neow_cost":"NONE","seed_source_timestamp":11881490879439,"circlet_count":0,"master_deck":["Defend_R","Defend_R","Defend_R","Bash+1","Berserk+1","Warcry+1","Shockwave+1","Ghostly Armor+1","Bludgeon+1","Battle Trance","Flame Barrier+1","Warcry","Shrug It Off+1","Barricade+1","Metallicize","Shrug It Off+1","Finesse+1"],"relics":["Burning Blood","Vajra","StoneCalendar","Coffee Dripper","Matryoshka","Sozu","Ginger","Toxic Egg 2","Bag of Marbles"],"potions_floor_usage":[16,30,33,38],"damage_taken":[{"damage":5,"enemies":"Cultist","floor":1,"turns":4},{"damage":6,"enemies":"Jaw Worm","floor":2,"turns":3},{"damage":6,"enemies":"Small Slimes","floor":7,"turns":3},{"damage":11,"enemies":"2 Fungi Beasts","floor":10,"turns":4},{"damage":12,"enemies":"Looter","floor":11,"turns":3},{"damage":7,"enemies":"Lagavulin","floor":12,"turns":7},{"damage":3,"enemies":"3 Louse","floor":14,"turns":4},{"damage":67,"enemies":"Hexaghost","floor":16,"turns":10},{"damage":16,"enemies":"2 Thieves","floor":18,"turns":4},{"damage":0,"enemies":"Chosen","floor":20,"turns":3},{"damage":17,"enemies":"3 Cultists","floor":21,"turns":5},{"damage":5,"enemies":"Centurion and Healer","floor":30,"turns":3},{"damage":54,"enemies":"Champ","floor":33,"turns":14},{"damage":5,"enemies":"Orb Walker","floor":35,"turns":5},{"damage":57,"enemies":"2 Orb Walkers","floor":38,"turns":7},{"damage":0,"enemies":"3 Shapes","floor":40,"turns":7},{"damage":23,"enemies":"Sphere and 2 Shapes","floor":42,"turns":8},{"damage":5,"enemies":"Transient","floor":44,"turns":5},{"damage":11,"enemies":"Time Eater","floor":50,"turns":17}],"seed_played":"-4956993900344498558","potions_obtained":[{"floor":2,"key":"Poison Potion"},{"floor":14,"key":"Energy Potion"},{"floor":18,"key":"PowerPotion"},{"floor":21,"key":"Fire Potion"}],"is_trial":false,"path_per_floor":["M","M","?","$","?","R","M","R","T","M","M","E","R","M","R","B",null,"M","?","M","M","$","R","$","?","T","R","?","?","M","$","R","B",null,"M","$","?","?","$","M","R","M","T","M","R","?","$","?","R","B",null],"character_chosen":"IRONCLAD","items_purchased":["Shrug It Off","Metallicize","Shrug It Off"],"campfire_rested":0,"item_purchase_floors":[31,36,36],"current_hp_per_floor":[80,80,85,85,85,85,85,85,85,80,74,73,73,76,76,15,85,75,75,81,70,70,70,70,54,54,54,54,54,55,55,55,7,90,90,90,90,39,39,45,45,28,28,29,29,29,29,29,29,24],"gold":15,"neow_bonus":"ONE_RANDOM_RARE_CARD","is_prod":false,"is_daily":false,"chose_seed":false,"campfire_upgraded":10,"win_rate":0,"timestamp":1551165458,"path_taken":["M","M","?","$","?","R","M","R","T","?","M","E","R","M","R","BOSS","M","?","M","M","$","R","$","?","T","R","?","?","M","?","R","BOSS","M","$","?","?","?","M","R","M","T","M","R","?","$","?","R","BOSS"],"build_version":"2019-01-23","purchased_purges":4,"victory":true,"max_hp_per_floor":[80,80,85,85,85,85,85,85,85,85,85,85,85,85,85,85,85,85,85,85,85,85,85,85,90,90,90,90,90,90,90,90,90,90,90,90,90,90,90,90,90,90,90,90,90,90,90,90,90,90],"card_choices":[{"not_picked":["Havoc","Flex","True Grit"],"picked":"SKIP","floor":1},{"not_picked":["Anger","True Grit"],"picked":"Warcry","floor":2},{"not_picked":["Combust","Heavy Blade","Searing Blow"],"picked":"SKIP","floor":7},{"not_picked":["Disarm","Metallicize"],"picked":"Shockwave","floor":10},{"not_picked":["Power Through","Armaments"],"picked":"Ghostly Armor","floor":11},{"not_picked":["Entrench","Feel No Pain","Heavy Blade"],"picked":"SKIP","floor":12},{"not_picked":["Fire Breathing","Clothesline","Rupture"],"picked":"SKIP","floor":14},{"not_picked":["Exhume","Brutality"],"picked":"Bludgeon","floor":16},{"not_picked":["Seeing Red","Sentinel","Sword Boomerang+1"],"picked":"SKIP","floor":18},{"not_picked":["Havoc","Flex"],"picked":"Flame Barrier","floor":20},{"not_picked":["Iron Wave+1","Flex","Reckless Charge"],"picked":"SKIP","floor":21},{"not_picked":["Burning Pact","Pommel Strike+1"],"picked":"Warcry","floor":30},{"not_picked":["Juggernaut","Offering"],"picked":"Barricade","floor":33},{"not_picked":["Feel No Pain+1","Havoc","Whirlwind"],"picked":"SKIP","floor":35},{"not_picked":["Heavy Blade+1","Warcry","Whirlwind+1"],"picked":"SKIP","floor":40},{"not_picked":["Clash","Dropkick","Warcry+1"],"picked":"SKIP","floor":42},{"not_picked":["Power Through+1","Clothesline","Pommel Strike"],"picked":"SKIP","floor":44},{"not_picked":["Bandage Up+1","Flash of Steel"],"picked":"Finesse+1","floor":48}],"player_experience":471347,"relics_obtained":[{"floor":9,"key":"Vajra"},{"floor":12,"key":"StoneCalendar"},{"floor":26,"key":"Matryoshka"},{"floor":38,"key":"Ginger"},{"floor":43,"key":"Toxic Egg 2"},{"floor":43,"key":"Bag of Marbles"}],"event_choices":[{"damage_healed":0,"gold_gain":0,"player_choice":"Donut","damage_taken":0,"max_hp_gain":5,"max_hp_loss":0,"event_name":"Big Fish","floor":3,"gold_loss":0},{"cards_removed":["Defend_R"],"damage_healed":0,"gold_gain":0,"player_choice":"Offered Basic","damage_taken":0,"max_hp_gain":0,"max_hp_loss":0,"event_name":"Bonfire Elementals","floor":5,"gold_loss":0},{"damage_healed":0,"gold_gain":0,"player_choice":"Read","damage_taken":0,"max_hp_gain":0,"max_hp_loss":0,"event_name":"The Library","floor":19,"gold_loss":0,"cards_obtained":["Battle Trance"]},{"damage_healed":0,"gold_gain":0,"player_choice":"Shed Blood","damage_taken":21,"max_hp_gain":5,"max_hp_loss":0,"event_name":"Forgotten Altar","floor":25,"gold_loss":0},{"damage_healed":0,"gold_gain":0,"player_choice":"Ignored","damage_taken":0,"max_hp_gain":0,"max_hp_loss":0,"event_name":"Vampires","floor":29,"gold_loss":0},{"cards_removed":["Strike_R"],"damage_healed":0,"gold_gain":0,"player_choice":"Removed Attack","damage_taken":0,"max_hp_gain":0,"max_hp_loss":0,"event_name":"Falling","floor":37,"gold_loss":0},{"damage_healed":0,"gold_gain":0,"player_choice":"Fight","damage_taken":0,"max_hp_gain":0,"max_hp_loss":0,"event_name":"Mysterious Sphere","floor":38,"gold_loss":0},{"damage_healed":0,"gold_gain":0,"player_choice":"Ignored","damage_taken":0,"max_hp_gain":0,"max_hp_loss":0,"event_name":"Tomb of Lord Red Mask","floor":46,"gold_loss":0},{"damage_healed":0,"gold_gain":0,"player_choice":"Memory 1","damage_taken":0,"max_hp_gain":0,"max_hp_loss":0,"event_name":"SensoryStone","floor":48,"gold_loss":0}],"is_beta":false,"boss_relics":[{"not_picked":["Busted Crown","Eternal Feather"],"picked":"Coffee Dripper"},{"not_picked":["Runic Dome","Black Star"],"picked":"Sozu"}],"items_purged_floors":[4,22,24,47],"is_endless":false,"potions_floor_spawned":[2,14,18,21,35],"ascension_level":0}