{"gold_per_floor":[360,310,310,324,338,338,27,56,56,56,88,98,26,39,39,39],"floor_reached":16,"playtime":886,"items_purged":[],"score":127,"play_id":"8add51a5-08ca-403f-bb72-70dbd9359b12","local_time":"20180926224013","is_ascension_mode":true,"campfire_choices":[{"data":"Zap","floor":6.0,"key":"SMITH"},{"data":"Apotheosis","floor":10,"key":"SMITH"},{"floor":15,"key":"REST"}],"neow_cost":"TEN_PERCENT_HP_LOSS","seed_source_timestamp":0,"circlet_count":0,"master_deck":["Strike_B","Strike_B","Strike_B","Defend_B","Defend_B","Defend_B","Defend_B","Zap+1","Dualcast","Gash","Melter","FTL","Apotheosis+1","Gash","Skim","Echo Form","Seek","Coolheaded","Capacitor","Undo"],"special_seed":0,"relics":["Cracked Core","GremlinMask","Bottled Lightning","Blue Candle","Oddly Smooth Stone"],"potions_floor_usage":[],"damage_taken":[{"damage":4.0,"enemies":"2 Louse","floor":1.0,"turns":4.0},{"damage":2.0,"enemies":"Jaw Worm","floor":4.0,"turns":3.0},{"damage":1.0,"enemies":"Cultist","floor":5.0,"turns":4.0},{"damage":24,"enemies":"Lagavulin","floor":8,"turns":5},{"damage":22,"enemies":"3 Sentries","floor":11,"turns":5},{"damage":4,"enemies":"Blue Slaver","floor":12,"turns":3},{"damage":10,"enemies":"3 Louse","floor":14,"turns":3},{"damage":32,"enemies":"The Guardian","floor":16,"turns":2}],"seed_played":"1437200563643697393","potions_obtained":[{"floor":1.0,"key":"Poison Potion"},{"floor":8,"key":"PowerPotion"},{"floor":11,"key":"Fire Potion"}],"is_trial":false,"path_per_floor":["M","?","?","M","M","R","$","E","T","R","E","M","$","M","R"],"character_chosen":"DEFECT","items_purchased":["Apotheosis","Gash","Skim","Capacitor"],"campfire_rested":1,"item_purchase_floors":[7,7,7,13],"current_hp_per_floor":[64,64,64,62,61,61,61,37,37,37,15,11,11,1,21,0],"gold":39,"neow_bonus":"TWO_FIFTY_GOLD","is_prod":false,"is_daily":false,"chose_seed":false,"campfire_upgraded":2,"win_rate":0,"timestamp":1537976413,"path_taken":["M","?","?","M","M","R","$","E","T","R","E","M","?","M","R","BOSS"],"build_version":"2018-09-20","purchased_purges":0,"victory":false,"max_hp_per_floor":[68,68,68,68,68,68,68,68,68,68,68,68,68,68,68,68],"card_choices":[{"not_picked":["Blizzard","Sweeping Beam"],"picked":"Gash","floor":1.0},{"not_picked":["Beam Cell","Reprogram"],"picked":"Melter","floor":4.0},{"not_picked":["Turbo","Gash"],"picked":"FTL","floor":5.0},{"not_picked":["Buffer","Gash"],"picked":"Echo Form","floor":8},{"not_picked":["Rip and Tear","Aggregate"],"picked":"Seek","floor":11},{"not_picked":["Gash","Cold Snap"],"picked":"Coolheaded","floor":12},{"not_picked":["FTL","Ball Lightning"],"picked":"Undo","floor":14}],"player_experience":182363,"relics_obtained":[{"floor":8,"key":"Bottled Lightning"},{"floor":9,"key":"Blue Candle"},{"floor":11,"key":"Oddly Smooth Stone"}],"event_choices":[{"event_name":"The Cleric","player_choice":"Card Removal","floor":2.0,"damage_taken":0.0},{"event_name":"FaceTrader","player_choice":"Trade","floor":3.0,"damage_taken":0.0}],"is_beta":false,"boss_relics":[],"items_purged_floors":[],"is_endless":false,"potions_floor_spawned":[1,8,11,14],"killed_by":"The Guardian","ascension_level":3}