{"gold_per_floor":[128,151,173,285,307,319,331,674,686,698,736,748,771,244,244,320,320,337,337,16,31,51,51],"floor_reached":23,"playtime":881,"items_purged":["Strike_G"],"score":334,"play_id":"b6d175c8-8056-435a-8f19-f7e684f9af5b","local_time":"20190203170022","is_ascension_mode":true,"campfire_choices":[{"data":"Neutralize","floor":6,"key":"SMITH"},{"data":"Corpse Explosion","floor":10,"key":"SMITH"},{"data":"Blade Dance","floor":12,"key":"SMITH"},{"data":"Blind","floor":15,"key":"SMITH"}],"neow_cost":"NONE","seed_source_timestamp":857469460647700,"circlet_count":0,"master_deck":["AscendersBane","Defend_G","Defend_G","Defend_G","Defend_G","Defend_G","Strike_G","Strike_G","Strike_G","Strike_G","Survivor","Neutralize+1","Blade Dance+1","Dagger Spray","Deadly Poison","Deadly Poison","Corpse Explosion+1","Bouncing Flask","Blind+1","After Image","Slice+1","Footwork","Infinite Blades","Deflect"],"relics":["Ring of the Snake","MawBank","Old Coin","Strawberry","Ginger","Black Star","Kunai"],"potions_floor_usage":[5,16,21,22],"damage_taken":[{"damage":2,"enemies":"Cultist","floor":1,"turns":5},{"damage":0,"enemies":"Small Slimes","floor":2,"turns":3},{"damage":0,"enemies":"Jaw Worm","floor":3,"turns":4},{"damage":7,"enemies":"Exordium Wildlife","floor":5,"turns":7},{"damage":21,"enemies":"Gremlin Nob","floor":8,"turns":4},{"damage":26,"enemies":"Gremlin Gang","floor":13,"turns":3},{"damage":32,"enemies":"Hexaghost","floor":16,"turns":8},{"damage":10,"enemies":"Shell Parasite","floor":18,"turns":6},{"damage":2,"enemies":"Spheric Guardian","floor":21,"turns":5},{"damage":37,"enemies":"Snake Plant","floor":22,"turns":6},{"damage":15,"enemies":"Snecko","floor":23,"turns":3}],"seed_played":"-5875239301241203529","potions_obtained":[{"floor":1,"key":"SteroidPotion"},{"floor":2,"key":"GhostInAJar"},{"floor":3,"key":"Regen Potion"},{"floor":18,"key":"EssenceOfSteel"},{"floor":19,"key":"FairyPotion"},{"floor":21,"key":"SneckoOil"}],"is_trial":false,"path_per_floor":["M","M","M","?","M","R","?","E","T","R","T","R","M","$","R","B",null,"M","?","$","M","M","M"],"character_chosen":"THE_SILENT","items_purchased":["Ginger","Regen Potion","Blind","Kunai","Footwork"],"campfire_rested":0,"item_purchase_floors":[14,14,14,20,20],"current_hp_per_floor":[57,57,57,57,65,65,65,44,44,44,51,51,25,25,25,8,57,47,47,47,45,8,0],"gold":51,"neow_bonus":"RANDOM_COMMON_RELIC","is_prod":false,"is_daily":false,"chose_seed":false,"campfire_upgraded":4,"win_rate":0,"timestamp":1549184422,"path_taken":["M","M","M","?","?","R","?","E","T","R","?","R","M","$","R","BOSS","M","?","$","M","?","M"],"build_version":"2019-01-23","purchased_purges":1,"victory":false,"max_hp_per_floor":[66,66,66,66,66,66,66,66,66,66,73,73,73,73,73,73,73,73,73,73,73,73,73],"card_choices":[{"not_picked":["Deflect","Quick Slash"],"picked":"Blade Dance","floor":1},{"not_picked":["Deadly Poison","Eviscerate"],"picked":"Dagger Spray","floor":2},{"not_picked":["Poisoned Stab","Underhanded Strike"],"picked":"Deadly Poison","floor":3},{"not_picked":["Quick Slash","Blade Dance"],"picked":"Deadly Poison","floor":5},{"not_picked":["Bane","Poisoned Stab"],"picked":"Corpse Explosion","floor":8},{"not_picked":["Flying Knee","Cloak And Dagger"],"picked":"Bouncing Flask","floor":13},{"not_picked":["Die Die Die","Venomology"],"picked":"After Image","floor":16},{"not_picked":["Poisoned Stab","Flying Knee"],"picked":"Slice+1","floor":18},{"not_picked":["Dash","Prepared"],"picked":"Infinite Blades","floor":21},{"not_picked":["Dagger Spray+1","Underhanded Strike"],"picked":"Deflect","floor":22}],"player_experience":690906,"relics_obtained":[{"floor":8,"key":"Old Coin"},{"floor":11,"key":"Strawberry"}],"event_choices":[{"damage_healed":0,"gold_gain":100,"player_choice":"Gold","damage_taken":0,"max_hp_gain":0,"max_hp_loss":0,"event_name":"Wheel of Change","floor":4,"gold_loss":0},{"damage_healed":0,"gold_gain":0,"player_choice":"Ignored","damage_taken":0,"max_hp_gain":0,"max_hp_loss":0,"event_name":"Liars Game","floor":7,"gold_loss":0},{"damage_healed":0,"gold_gain":0,"player_choice":"Got Potions","damage_taken":0,"max_hp_gain":0,"max_hp_loss":0,"event_name":"Lab","floor":19,"gold_loss":0}],"is_beta":false,"boss_relics":[{"not_picked":["White Beast Statue","Pandora\u0027s Box"],"picked":"Black Star"}],"items_purged_floors":[14],"is_endless":false,"potions_floor_spawned":[1,2,3,18,21],"killed_by":"Snecko","ascension_level":15}