{"gold_per_floor":[113,163,180,180,255,282,282,295,295,109,109,124,124,143,143,143],"floor_reached":16,"playtime":278,"items_purged":[],"score":244,"play_id":"55726a10-30db-4624-83ee-380ecc6e8a5c","local_time":"20181222210254","is_ascension_mode":true,"campfire_choices":[{"data":"Dagger Spray","floor":7,"key":"SMITH"},{"data":"Footwork","floor":11,"key":"SMITH"},{"data":"Dash","floor":15,"key":"SMITH"}],"neow_cost":"NONE","seed_source_timestamp":44641466735355,"circlet_count":0,"master_deck":["AscendersBane","Defend_G","Defend_G","Defend_G","Defend_G","Defend_G","Strike_G","Strike_G","Strike_G","Strike_G","Strike_G","Survivor","Neutralize","Noxious Fumes+1","Dagger Spray+1","Backstab","Bandage Up","Footwork+1","Dash+1"],"special_seed":0,"relics":["Ring of the Snake","NeowsBlessing","Mummified Hand","Bottled Tornado"],"potions_floor_usage":[14,16],"damage_taken":[{"damage":0.0,"enemies":"2 Louse","floor":1.0,"turns":1.0},{"damage":0,"enemies":"Cultist","floor":3,"turns":1},{"damage":0,"enemies":"Lagavulin","floor":6,"turns":1},{"damage":7,"enemies":"Jaw Worm","floor":8,"turns":4},{"damage":0,"enemies":"Large Slime","floor":12,"turns":4},{"damage":0,"enemies":"Looter","floor":14,"turns":1},{"damage":54,"enemies":"Slime Boss","floor":16,"turns":6}],"seed_played":"1705011160209565436","potions_obtained":[{"floor":1.0,"key":"AttackPotion"},{"floor":3,"key":"GamblersBrew"},{"floor":14,"key":"SteroidPotion"}],"is_trial":false,"path_per_floor":["M","?","M","?","?","E","R","M","T","$","R","M","?","M","R","B"],"character_chosen":"THE_SILENT","items_purchased":["Bandage Up","Footwork"],"campfire_rested":0,"item_purchase_floors":[10,10],"current_hp_per_floor":[59,53,53,53,42,42,42,35,35,35,35,39,44,44,44,0],"gold":143,"neow_bonus":"THREE_ENEMY_KILL","is_prod":false,"is_daily":false,"chose_seed":false,"campfire_upgraded":3,"win_rate":0,"timestamp":1545508974,"path_taken":["M","?","?","?","?","E","R","M","T","$","R","M","?","M","R","BOSS"],"build_version":"2018-12-20","purchased_purges":0,"victory":false,"max_hp_per_floor":[66,66,66,66,66,66,66,66,66,66,66,66,71,71,71,71],"card_choices":[{"not_picked":["Finisher","Flying Knee"],"picked":"Noxious Fumes","floor":1.0},{"not_picked":["Outmaneuver","Deadly Poison"],"picked":"Dagger Spray","floor":3},{"not_picked":["Backflip","Quick Slash"],"picked":"Backstab","floor":6},{"not_picked":["Prepared","Bane","Quick Slash"],"picked":"SKIP","floor":8},{"not_picked":["Dagger Spray","Prepared","Caltrops"],"picked":"SKIP","floor":12},{"not_picked":["Bane","Quick Slash"],"picked":"Dash","floor":14}],"player_experience":859092,"relics_obtained":[{"floor":6,"key":"Mummified Hand"},{"floor":9,"key":"Bottled Tornado"}],"event_choices":[{"damage_healed":0,"gold_gain":50,"player_choice":"Touch","damage_taken":6,"max_hp_gain":0,"max_hp_loss":0,"event_name":"FaceTrader","floor":2,"gold_loss":0},{"damage_healed":0,"gold_gain":0,"player_choice":"Grow","damage_taken":0,"max_hp_gain":0,"max_hp_loss":0,"event_name":"Living Wall","floor":4,"gold_loss":0,"cards_upgraded":["Noxious Fumes"]},{"damage_healed":0,"gold_gain":75,"player_choice":"Gather Gold","damage_taken":11,"max_hp_gain":0,"max_hp_loss":0,"event_name":"World of Goop","floor":5,"gold_loss":0},{"damage_healed":0,"gold_gain":0,"player_choice":"Donut","damage_taken":0,"max_hp_gain":5,"max_hp_loss":0,"event_name":"Big Fish","floor":13,"gold_loss":0}],"is_beta":true,"boss_relics":[],"items_purged_floors":[],"is_endless":false,"potions_floor_spawned":[1,3,12,14],"killed_by":"Slime Boss","ascension_level":19}