{"gold_per_floor":[115,130,144,144,69,97,108,108,135,85,85,104,179,197,197,294,294,313,313,313,329,340,370,370,28,28,127,144,156,156,156,156,251,251,261,261,261,271,271,271,271,22,22,39,56,56,71,0,0,0],"floor_reached":50,"playtime":3358,"items_purged":["Strike_B","Strike_B","Defend_B","Writhe"],"score":512,"play_id":"38a4d2c5-0e69-4e71-9a8f-ce73f7148796","local_time":"20190213021242","is_ascension_mode":false,"campfire_choices":[{"data":"Zap","floor":8,"key":"SMITH"},{"floor":11,"key":"REST"},{"floor":15,"key":"REST"},{"floor":24,"key":"REST"},{"floor":32,"key":"REST"},{"data":"Blizzard","floor":40,"key":"SMITH"},{"floor":46,"key":"REST"},{"floor":49,"key":"REST"}],"neow_cost":"NONE","seed_source_timestamp":16707935042633,"circlet_count":0,"master_deck":["Strike_B+1","Strike_B+1","Defend_B+1","Defend_B+1","Defend_B+1","Zap+1","Dualcast","Capacitor","Chill","Echo Form","Cold Snap","Skim","Core Surge","Reinforced Body","Blizzard+1","Redo","Redo+1","Skim","Loop","Barrage+1","Buffer","Redo+1","Dark Shackles","Capacitor+1"],"relics":["Cracked Core","NeowsBlessing","Smiling Mask","Whetstone","Sozu","Juzu Bracelet","Boot","Pear","Orichalcum","Nuclear Battery","Lee\u0027s Waffle","Pen Nib","Red Mask"],"potions_floor_usage":[6,16,16],"damage_taken":[{"damage":0,"enemies":"Cultist","floor":1,"turns":1},{"damage":0,"enemies":"Small Slimes","floor":2,"turns":1},{"damage":0,"enemies":"Jaw Worm","floor":3,"turns":1},{"damage":48,"enemies":"Gremlin Nob","floor":6,"turns":5},{"damage":0,"enemies":"3 Louse","floor":7,"turns":4},{"damage":12,"enemies":"2 Fungi Beasts","floor":12,"turns":4},{"damage":5,"enemies":"Looter","floor":14,"turns":4},{"damage":32,"enemies":"Hexaghost","floor":16,"turns":10},{"damage":11,"enemies":"3 Byrds","floor":18,"turns":5},{"damage":0,"enemies":"Spheric Guardian","floor":21,"turns":8},{"damage":12,"enemies":"Snake Plant","floor":22,"turns":7},{"damage":37,"enemies":"Gremlin Leader","floor":23,"turns":9},{"damage":6,"enemies":"Snecko","floor":28,"turns":6},{"damage":0,"enemies":"Shelled Parasite and Fungi","floor":29,"turns":6},{"damage":24,"enemies":"Champ","floor":33,"turns":13},{"damage":15,"enemies":"Orb Walker","floor":35,"turns":4},{"damage":19,"enemies":"3 Darklings","floor":38,"turns":9},{"damage":44,"enemies":"Jaw Worm Horde","floor":44,"turns":5},{"damage":24,"enemies":"Transient","floor":45,"turns":5},{"damage":4,"enemies":"3 Darklings","floor":47,"turns":6},{"damage":95,"enemies":"Donu and Deca","floor":50,"turns":8}],"seed_played":"2565756656578296934","potions_obtained":[{"floor":1,"key":"FearPotion"},{"floor":2,"key":"Block Potion"},{"floor":7,"key":"Energy Potion"}],"is_trial":false,"path_per_floor":["M","M","M","?","$","E","M","R","T","$","R","M","?","M","R","B",null,"M","?","?","M","M","E","R","$","T","?","M","M","T","?","R","B",null,"M","?","?","M","?","R","?","$","T","M","M","R","M","?","R","B"],"character_chosen":"DEFECT","items_purchased":["Skim","Boot","Loop","Lee\u0027s Waffle"],"campfire_rested":6,"item_purchase_floors":[25,25,25,42],"current_hp_per_floor":[75,75,75,75,75,27,27,27,27,27,49,37,26,21,43,11,75,64,64,64,64,52,15,37,37,47,47,41,41,41,41,66,42,85,70,70,70,51,72,72,72,92,92,48,24,51,47,47,74,0],"gold":0,"neow_bonus":"THREE_ENEMY_KILL","is_prod":false,"is_daily":false,"chose_seed":false,"campfire_upgraded":2,"win_rate":0,"timestamp":1549991562,"path_taken":["M","?","?","?","$","E","?","R","T","$","R","?","?","M","R","BOSS","M","?","?","M","M","E","R","$","T","?","M","M","?","?","R","BOSS","M","?","?","M","?","R","?","$","T","M","M","R","M","?","R","BOSS"],"build_version":"2019-01-23","purchased_purges":4,"victory":false,"max_hp_per_floor":[75,75,75,75,75,75,75,75,75,75,75,75,75,75,75,75,75,75,75,75,75,75,75,75,75,85,85,85,85,85,85,85,85,85,85,85,85,85,85,85,85,92,92,92,92,92,92,92,92,92],"card_choices":[{"not_picked":["Melter","Turbo"],"picked":"Capacitor","floor":1},{"not_picked":["Capacitor","Hologram","Coolheaded"],"picked":"SKIP","floor":2},{"not_picked":["Go for the Eyes","Darkness"],"picked":"Chill","floor":3},{"not_picked":["Go for the Eyes","Darkness"],"picked":"Echo Form","floor":6},{"not_picked":["Streamline","Redo"],"picked":"Cold Snap","floor":7},{"not_picked":["Reinforced Body","Hello World"],"picked":"Skim","floor":12},{"not_picked":["Compile Driver","Heatsinks","Fusion"],"picked":"SKIP","floor":14},{"not_picked":["Meteor Strike","Echo Form"],"picked":"Core Surge","floor":16},{"not_picked":["Lockon","Hello World"],"picked":"Reinforced Body","floor":18},{"not_picked":["Steam+1","Leap","Sweeping Beam"],"picked":"SKIP","floor":21},{"not_picked":["Conserve Battery","Turbo"],"picked":"Redo","floor":22},{"not_picked":["Conserve Battery","Steam"],"picked":"Redo+1","floor":23},{"not_picked":["Leap","Aggregate"],"picked":"Barrage+1","floor":28},{"not_picked":["Redo","Cold Snap","Fusion+1"],"picked":"SKIP","floor":29},{"not_picked":["Biased Cognition","Seek"],"picked":"Buffer","floor":33},{"not_picked":["Go for the Eyes+1","Barrage+1","Sweeping Beam+1"],"picked":"SKIP","floor":35},{"not_picked":["Blind","Dramatic Entrance"],"picked":"Dark Shackles","floor":37},{"not_picked":["Capacitor","Leap","Skim+1"],"picked":"SKIP","floor":38},{"not_picked":["Compile Driver","Steam","Gash+1"],"picked":"SKIP","floor":44},{"not_picked":["Leap","Force Field"],"picked":"Capacitor+1","floor":45},{"not_picked":["Turbo+1","Go for the Eyes+1","Rip and Tear+1"],"picked":"SKIP","floor":47}],"player_experience":434334,"relics_obtained":[{"floor":6,"key":"Smiling Mask"},{"floor":9,"key":"Whetstone"},{"floor":23,"key":"Juzu Bracelet"},{"floor":26,"key":"Pear"},{"floor":30,"key":"Orichalcum"},{"floor":43,"key":"Pen Nib"}],"event_choices":[{"damage_healed":0,"gold_gain":0,"player_choice":"Full Heal","damage_taken":0,"max_hp_gain":0,"max_hp_loss":0,"event_name":"Wheel of Change","floor":4,"gold_loss":0},{"damage_healed":0,"gold_gain":75,"player_choice":"Gather Gold","damage_taken":11,"max_hp_gain":0,"max_hp_loss":0,"event_name":"World of Goop","floor":13,"gold_loss":0},{"damage_healed":0,"gold_gain":0,"player_choice":"Read","damage_taken":0,"max_hp_gain":0,"max_hp_loss":0,"event_name":"The Library","floor":19,"gold_loss":0,"cards_obtained":["Blizzard"]},{"damage_healed":0,"gold_gain":0,"player_choice":"Ignored","damage_taken":0,"max_hp_gain":0,"max_hp_loss":0,"event_name":"Vampires","floor":20,"gold_loss":0},{"damage_healed":0,"gold_gain":99,"player_choice":"Stole From Cult","damage_taken":0,"max_hp_gain":0,"max_hp_loss":0,"event_name":"Nest","floor":27,"gold_loss":0},{"damage_healed":0,"gold_gain":0,"player_choice":"Simplicity","damage_taken":0,"max_hp_gain":0,"max_hp_loss":0,"event_name":"Back to Basics","floor":31,"gold_loss":0,"cards_upgraded":["Defend_B","Defend_B","Defend_B"]},{"damage_healed":0,"gold_gain":0,"player_choice":"Copied","damage_taken":0,"max_hp_gain":0,"max_hp_loss":0,"event_name":"Duplicator","floor":36,"gold_loss":0,"cards_obtained":["Redo"]},{"damage_healed":0,"gold_gain":0,"player_choice":"Memory 1","damage_taken":0,"max_hp_gain":0,"max_hp_loss":0,"event_name":"SensoryStone","floor":37,"gold_loss":0},{"damage_healed":21,"gold_gain":0,"player_choice":"Writhe","damage_taken":0,"max_hp_gain":0,"max_hp_loss":0,"event_name":"Winding Halls","floor":39,"gold_loss":0,"cards_obtained":["Writhe"]},{"damage_healed":0,"gold_gain":0,"player_choice":"Ignored","damage_taken":0,"max_hp_gain":0,"max_hp_loss":0,"event_name":"Mysterious Sphere","floor":41,"gold_loss":0},{"damage_healed":0,"gold_gain":0,"player_choice":"Paid","damage_taken":0,"relics_obtained":["Red Mask"],"max_hp_gain":0,"max_hp_loss":0,"event_name":"Tomb of Lord Red Mask","floor":48,"gold_loss":71}],"is_beta":false,"boss_relics":[{"not_picked":["Tiny House","Runic Dome"],"picked":"Sozu"},{"not_picked":["FrozenCore","Lizard Tail"],"picked":"Nuclear Battery"}],"items_purged_floors":[5,10,25,42],"is_endless":false,"potions_floor_spawned":[1,2,7,21,22,33,38,44,47],"killed_by":"Donu and Deca","ascension_level":0}