{"gold_per_floor":[113,38,38,38,57,88,88,88,158,178,211,211,225,252,252,350,350,361,217,230,241,256,256,256],"floor_reached":24,"playtime":2149,"items_purged":["Regret"],"score":227,"play_id":"1ecdd822-b173-42af-ab82-ab1ec28ca8ed","local_time":"20180727195649","is_ascension_mode":true,"campfire_choices":[{"floor":7,"key":"REST"},{"floor":12,"key":"REST"},{"floor":15,"key":"REST"}],"neow_cost":"","seed_source_timestamp":258723156219585,"circlet_count":0,"master_deck":["Defend_G","Defend_G","Defend_G+1","Defend_G","Defend_G","Strike_G","Strike_G+1","Strike_G","Strike_G","Strike_G","Survivor","Neutralize","Deadly Poison","Infinite Blades","Well Laid Plans","Crippling Poison","Envenom+1","Deadly Poison","Caltrops+1","Endless Agony","A Thousand Cuts+1","Parasite","Clumsy","Cloak And Dagger","Infinite Blades+1","Prepared+1","Cloak And Dagger+1","Storm of Steel","RitualDagger"],"relics":["Ring of the Snake","Oddly Smooth Stone","Frozen Egg 2","Ornamental Fan","Gremlin Horn","Bronze Scales","Calling Bell","Dead Branch","Mummified Hand","Art of War"],"potions_floor_usage":[14,21,21,21],"damage_taken":[{"damage":1,"enemies":"Cultist","floor":1,"turns":4},{"damage":0,"enemies":"2 Louse","floor":5,"turns":3},{"damage":28,"enemies":"Gremlin Nob","floor":6,"turns":5},{"damage":5,"enemies":"Jaw Worm","floor":10,"turns":4},{"damage":9,"enemies":"Lagavulin","floor":11,"turns":6},{"damage":14,"enemies":"Looter","floor":13,"turns":3},{"damage":18,"enemies":"3 Sentries","floor":14,"turns":5},{"damage":23,"enemies":"The Guardian","floor":16,"turns":8},{"damage":14,"enemies":"Shell Parasite","floor":18,"turns":5},{"damage":12,"enemies":"Spheric Guardian","floor":20,"turns":4},{"damage":29,"enemies":"3 Cultists","floor":21,"turns":5},{"damage":2,"enemies":"Centurion and Healer","floor":22,"turns":5},{"damage":10,"enemies":"Snake Plant","floor":24,"turns":3}],"seed_played":"-33434304296668505","potions_obtained":[{"floor":5,"key":"Explosive Potion"},{"floor":10,"key":"GamblersBrew"},{"floor":14,"key":"GamblersBrew"},{"floor":16,"key":"Explosive Potion"},{"floor":20,"key":"Energy Potion"},{"floor":21,"key":"GamblersBrew"}],"is_trial":false,"path_per_floor":["M","$","$","?","M","E","R","?","T","M","E","R","M","E","R","B",null,"M","$","M","M","M","?"],"character_chosen":"THE_SILENT","items_purchased":["Infinite Blades","Infinite Blades+1"],"campfire_rested":3,"item_purchase_floors":[2,19],"current_hp_per_floor":[69,69,69,55,55,27,48,48,48,43,34,55,41,23,44,21,70,56,56,44,15,13,7,0],"gold":256,"neow_bonus":"","is_prod":false,"is_daily":false,"chose_seed":false,"campfire_upgraded":0,"win_rate":0,"timestamp":1532739409,"path_taken":["M","?","$","?","M","E","R","?","T","M","E","R","M","E","R","BOSS","M","$","M","M","M","?","M"],"build_version":"2018-07-26","purchased_purges":1,"victory":false,"max_hp_per_floor":[70,70,70,70,70,70,70,70,70,70,70,70,70,70,70,70,70,70,70,70,70,70,70,70],"card_choices":[{"not_picked":["Prepared","Backstab"],"picked":"Deadly Poison","floor":1},{"not_picked":["Prepared","Deflect"],"picked":"Well Laid Plans","floor":5},{"not_picked":["Deflect","Cloak And Dagger"],"picked":"Crippling Poison","floor":6},{"not_picked":["PiercingWail","Caltrops+1"],"picked":"Envenom+1","floor":10},{"not_picked":["Flying Knee","Quick Slash"],"picked":"Deadly Poison","floor":11},{"not_picked":["Flechettes","Riddle With Holes"],"picked":"Caltrops+1","floor":13},{"not_picked":["Dagger Spray","Quick Slash"],"picked":"Endless Agony","floor":14},{"not_picked":["Unload","Glass Knife"],"picked":"A Thousand Cuts+1","floor":16},{"not_picked":["PiercingWail","Dash+1"],"picked":"Cloak And Dagger","floor":18},{"not_picked":["Flying Knee","Slice"],"picked":"Prepared+1","floor":20},{"not_picked":["Bane+1","Setup+1"],"picked":"Cloak And Dagger+1","floor":21},{"not_picked":["Dagger Spray","Backflip"],"picked":"Storm of Steel","floor":22}],"player_experience":164725,"relics_obtained":[{"floor":6,"key":"Oddly Smooth Stone"},{"floor":9,"key":"Ornamental Fan"},{"floor":11,"key":"Gremlin Horn"},{"floor":14,"key":"Bronze Scales"},{"floor":17,"key":"Dead Branch"},{"floor":17,"key":"Mummified Hand"},{"floor":17,"key":"Art of War"}],"event_choices":[{"event_name":"Shining Light","player_choice":"Entered Light","floor":4,"damage_taken":0},{"event_name":"WeMeetAgain","player_choice":"Potion","floor":8,"damage_taken":0},{"event_name":"Nest","player_choice":"Joined the Cult","floor":23,"damage_taken":0}],"is_beta":false,"boss_relics":[{"not_picked":["Tiny House","Orrery"],"picked":"Calling Bell"}],"items_purged_floors":[19],"is_endless":false,"potions_floor_spawned":[5,10,14,16,20,21],"killed_by":"Snake Plant","ascension_level":1}