{"gold_per_floor":[17,192,205,219,219,245,49,62,62,92,108,108,124,159,159,259,259,270,270,23,23,58,58,58,90,90,90,109,109,109,144,144,144],"floor_reached":33,"playtime":2034,"items_purged":[],"score":391,"play_id":"260c481b-eb17-4d0c-ac91-507cf711d7bc","local_time":"20181229051807","is_ascension_mode":true,"campfire_choices":[{"floor":15.0,"key":"REST"},{"data":"Armaments","floor":23.0,"key":"SMITH"},{"data":"Armaments","floor":27.0,"key":"SMITH"},{"data":"Corruption","floor":29.0,"key":"SMITH"},{"data":"Evolve","floor":32.0,"key":"SMITH"}],"neow_cost":"NO_GOLD","seed_source_timestamp":577391979549226,"circlet_count":0,"master_deck":["Strike_R+1","Strike_R","Strike_R","Defend_R","Defend_R","Defend_R","Defend_R","Bash","Immolate","Dual Wield","Armaments+1","Sever Soul","Immolate","Corruption+1","Thunderclap+1","Sever Soul","Sentinel","Double Tap","Evolve+1","Seeing Red","Shrug It Off","Shrug It Off","Armaments+1","Wild Strike+1","Sentinel","Reaper+1","Barricade","Wild Strike+1","Second Wind+1","Shame","Sentinel+1"],"special_seed":0,"relics":["Burning Blood","Vajra","DollysMirror","Dodecahedron","Magic Flower","Molten Egg 2","Orrery","Paper Frog","Enchiridion","Red Mask","Ginger","Dream Catcher","Sundial","Darkstone Periapt","Toxic Egg 2"],"potions_floor_usage":[33],"damage_taken":[{"damage":5.0,"enemies":"Small Slimes","floor":1.0,"turns":2.0},{"damage":1.0,"enemies":"Cultist","floor":3.0,"turns":4.0},{"damage":7.0,"enemies":"Jaw Worm","floor":4.0,"turns":3.0},{"damage":20.0,"enemies":"3 Sentries","floor":6.0,"turns":4.0},{"damage":15.0,"enemies":"Looter","floor":8.0,"turns":4.0},{"damage":26.0,"enemies":"Gremlin Nob","floor":10.0,"turns":4.0},{"damage":2.0,"enemies":"Exordium Thugs","floor":11.0,"turns":3.0},{"damage":0.0,"enemies":"Lots of Slimes","floor":13.0,"turns":1.0},{"damage":27.0,"enemies":"Lagavulin","floor":14.0,"turns":7.0},{"damage":38.0,"enemies":"Hexaghost","floor":16.0,"turns":9.0},{"damage":12.0,"enemies":"Chosen","floor":18.0,"turns":6.0},{"damage":12.0,"enemies":"Masked Bandits","floor":22.0,"turns":3.0},{"damage":43.0,"enemies":"Slavers","floor":25.0,"turns":6.0},{"damage":1.0,"enemies":"3 Byrds","floor":28.0,"turns":6.0},{"damage":69.0,"enemies":"Gremlin Leader","floor":31.0,"turns":8.0},{"damage":108,"enemies":"Collector","floor":33,"turns":7}],"seed_played":"-5538431819812768108","potions_obtained":[{"floor":4.0,"key":"FearPotion"},{"floor":6.0,"key":"BloodPotion"},{"floor":10.0,"key":"AttackPotion"},{"floor":16.0,"key":"Ancient Potion"},{"floor":22.0,"key":"Energy Potion"},{"floor":25.0,"key":"GamblersBrew"},{"floor":28.0,"key":"SkillPotion"}],"is_trial":false,"path_per_floor":["M","?","M","M","?","E","$","M","T","E","M","?","M","E","R","B",null,"M","?","$","?","?","R","T","E","T","R","M","R","?","E","R","B"],"character_chosen":"IRONCLAD","items_purchased":["DollysMirror","Paper Frog"],"campfire_rested":1,"item_purchase_floors":[7,20],"current_hp_per_floor":[73,73,78,77,77,63,63,54,54,34,41,25,34,16,40,11,63,60,60,60,44,41,41,41,49,49,49,67,67,73,64,64,0],"gold":144,"neow_bonus":"THREE_RARE_CARDS","is_prod":false,"is_daily":false,"chose_seed":false,"campfire_upgraded":4,"win_rate":0,"timestamp":1546028287,"path_taken":["M","?","M","M","?","E","$","M","T","E","?","?","M","E","R","BOSS","M","?","$","?","?","R","?","E","T","R","?","R","?","E","R","BOSS"],"build_version":"2018-12-20","purchased_purges":0,"victory":false,"max_hp_per_floor":[80,80,80,80,80,80,80,80,80,80,80,80,80,80,80,80,80,80,80,80,80,80,80,80,80,80,80,80,80,86,86,86,86],"card_choices":[{"not_picked":["Juggernaut","Offering"],"picked":"Immolate","floor":0.0},{"not_picked":["Clothesline","Feel No Pain"],"picked":"Dual Wield","floor":1.0},{"not_picked":["Spot Weakness","Headbutt"],"picked":"Armaments","floor":3.0},{"not_picked":["Intimidate","True Grit"],"picked":"Sever Soul","floor":4.0},{"not_picked":["Shrug It Off","Entrench","Metallicize"],"picked":"SKIP","floor":6.0},{"not_picked":["Fire Breathing","Brutality"],"picked":"Corruption","floor":8.0},{"not_picked":["Clash","Headbutt"],"picked":"Thunderclap","floor":10.0},{"not_picked":["Fire Breathing","Twin Strike"],"picked":"Sever Soul","floor":11.0},{"not_picked":["Ghostly Armor","Thunderclap"],"picked":"Sentinel","floor":13.0},{"not_picked":["Reckless Charge","Cleave","Blood for Blood"],"picked":"SKIP","floor":14.0},{"not_picked":["Bludgeon+1","Limit Break"],"picked":"Double Tap","floor":16.0},{"not_picked":["Sword Boomerang+1","Heavy Blade+1"],"picked":"Evolve","floor":17.0},{"not_picked":["Carnage+1","Cleave+1"],"picked":"Seeing Red","floor":17.0},{"not_picked":["Pommel Strike+1","Flex"],"picked":"Shrug It Off","floor":17.0},{"not_picked":["Inflame","Pommel Strike+1"],"picked":"Shrug It Off","floor":17.0},{"not_picked":["Havoc","Perfected Strike+1"],"picked":"Armaments","floor":17.0},{"not_picked":["Carnage+1","Thunderclap+1"],"picked":"Wild Strike+1","floor":18.0},{"not_picked":["Pommel Strike+1","Clash+1"],"picked":"Barricade","floor":22.0},{"not_picked":["Anger+1","Clothesline+1"],"picked":"Wild Strike+1","floor":25.0},{"not_picked":["Whirlwind+1","Clash+1"],"picked":"Second Wind+1","floor":28.0},{"not_picked":["Power Through","Reckless Charge+1"],"picked":"Sentinel","floor":31.0}],"player_experience":83992,"relics_obtained":[{"floor":6.0,"key":"Vajra"},{"floor":9.0,"key":"Dodecahedron"},{"floor":10.0,"key":"Magic Flower"},{"floor":14.0,"key":"Molten Egg 2"},{"floor":21.0,"key":"Enchiridion"},{"floor":22.0,"key":"Red Mask"},{"floor":24.0,"key":"Ginger"},{"floor":25.0,"key":"Dream Catcher"},{"floor":26.0,"key":"Sundial"},{"floor":31.0,"key":"Toxic Egg 2"}],"event_choices":[{"damage_healed":0.0,"max_hp_gain":0.0,"max_hp_loss":0.0,"gold_gain":175.0,"event_name":"Liars Game","player_choice":"AGREE","floor":2.0,"gold_loss":0.0,"damage_taken":0.0,"cards_obtained":["Doubt"]},{"cards_removed":["Doubt"],"damage_healed":0.0,"max_hp_gain":0.0,"max_hp_loss":0.0,"gold_gain":0.0,"event_name":"Fountain of Cleansing","player_choice":"Removed Curses","floor":5.0,"gold_loss":0.0,"damage_taken":0.0},{"damage_healed":0.0,"max_hp_gain":0.0,"max_hp_loss":0.0,"gold_gain":0.0,"event_name":"Shining Light","player_choice":"Entered Light","floor":12.0,"gold_loss":0.0,"damage_taken":16.0,"cards_upgraded":["Thunderclap","Strike_R"]},{"damage_healed":0.0,"max_hp_gain":0.0,"max_hp_loss":0.0,"gold_gain":0.0,"cards_transformed":["Strike_R","Strike_R"],"event_name":"Drug Dealer","player_choice":"Became Test Subject","floor":19.0,"gold_loss":0.0,"damage_taken":0.0,"cards_obtained":["Sentinel","Reaper"]},{"damage_healed":0.0,"max_hp_gain":0.0,"max_hp_loss":0.0,"gold_gain":0.0,"event_name":"Cursed Tome","player_choice":"Obtained Book","floor":21.0,"gold_loss":0.0,"damage_taken":16.0},{"damage_healed":0.0,"max_hp_gain":0.0,"max_hp_loss":0.0,"gold_gain":0.0,"event_name":"Masked Bandits","player_choice":"Fought Bandits","floor":22.0,"gold_loss":0.0,"damage_taken":0.0},{"damage_healed":0.0,"max_hp_gain":0.0,"max_hp_loss":0.0,"gold_gain":0.0,"event_name":"Addict","player_choice":"Stole Relic","floor":30.0,"gold_loss":0.0,"damage_taken":0.0,"relics_obtained":["Darkstone Periapt"],"cards_obtained":["Shame"]}],"is_beta":false,"boss_relics":[{"not_picked":["Coffee Dripper","Busted Crown"],"picked":"Orrery"}],"items_purged_floors":[],"is_endless":false,"potions_floor_spawned":[4,6,10,16,22,25,28],"killed_by":"Collector","ascension_level":6}