{"gold_per_floor":[113,113,132,132,132,132,160,160,160,188,203,203],"floor_reached":12,"playtime":732,"items_purged":[],"score":95,"play_id":"0019c083-3125-4ce9-a61a-2173908c83ba","local_time":"20180722020436","is_ascension_mode":true,"campfire_choices":[{"data":"Sucker Punch","floor":6,"key":"SMITH"}],"neow_cost":"NONE","seed_source_timestamp":524522272491026,"circlet_count":0,"master_deck":["Defend_G","Defend_G","Defend_G","Strike_G","Strike_G","Strike_G","Strike_G","Strike_G","Survivor","Neutralize","Prepared","Sucker Punch+1","Underhanded Strike","Acrobatics+1"],"relics":["Ring of the Snake","Dream Catcher","The Courier","Shuriken","Bottled Lightning","Toxic Egg 2"],"potions_floor_usage":[7,10,12],"damage_taken":[{"damage":15,"enemies":"Small Slimes","floor":1,"turns":4},{"damage":6,"enemies":"Cultist","floor":3,"turns":5},{"damage":14,"enemies":"Gremlin Nob","floor":7,"turns":4},{"damage":16,"enemies":"3 Sentries","floor":10,"turns":10},{"damage":0,"enemies":"Jaw Worm","floor":11,"turns":2},{"damage":8,"enemies":"Lagavulin","floor":12,"turns":2}],"seed_played":"-4573988919776830692","potions_obtained":[{"floor":3,"key":"FearPotion"},{"floor":7,"key":"Dexterity Potion"},{"floor":11,"key":"Energy Potion"}],"is_trial":false,"path_per_floor":["M","?","M","?","?","R","E","?","T","E","M"],"character_chosen":"THE_SILENT","items_purchased":[],"campfire_rested":0,"item_purchase_floors":[],"current_hp_per_floor":[55,55,49,49,49,49,35,23,23,7,7,0],"gold":203,"neow_bonus":"REMOVE_CARD","is_prod":false,"is_daily":false,"chose_seed":false,"campfire_upgraded":1,"win_rate":0,"timestamp":1532250276,"path_taken":["M","?","M","?","?","R","E","?","T","E","M","E"],"build_version":"2018-07-19v2","purchased_purges":0,"victory":false,"max_hp_per_floor":[70,70,70,70,70,70,70,70,70,70,70,70],"card_choices":[{"not_picked":["Cloak And Dagger","Reflex"],"picked":"Prepared","floor":1},{"not_picked":["Crippling Poison","Dagger Spray"],"picked":"Sucker Punch","floor":3},{"not_picked":["Choke","Dagger Throw","Cloak And Dagger"],"picked":"SKIP","floor":7},{"not_picked":["Bouncing Flask","Cloak And Dagger"],"picked":"Underhanded Strike","floor":10},{"not_picked":["Sucker Punch","Dagger Spray"],"picked":"Acrobatics+1","floor":11}],"player_experience":95327,"relics_obtained":[{"floor":7,"key":"The Courier"},{"floor":9,"key":"Bottled Lightning"},{"floor":10,"key":"Toxic Egg 2"}],"event_choices":[{"event_name":"Purifier","player_choice":"One Purge","floor":2,"damage_taken":0},{"event_name":"Big Fish","player_choice":"Box","floor":4,"damage_taken":0},{"event_name":"Living Wall","player_choice":"Forget","floor":5,"damage_taken":0},{"event_name":"Scrap Ooze","player_choice":"success","floor":8,"damage_taken":12}],"is_beta":false,"boss_relics":[],"items_purged_floors":[],"is_endless":false,"potions_floor_spawned":[3,7,11],"killed_by":"Lagavulin","ascension_level":2}