{"gold_per_floor":[109,109,59,69,69,97,97,97,151,164,175,175,207,219,219,319,319,333,513,52,64,80,80,106,106,106,106,156,156,156],"floor_reached":30,"playtime":1838,"items_purged":["Strike_G"],"score":480,"play_id":"117496f7-420e-43ac-a509-217f566eacb9","local_time":"20180807162156","is_ascension_mode":true,"campfire_choices":[{"data":"Neutralize","floor":7,"key":"SMITH"},{"data":"Dash","floor":12,"key":"SMITH"},{"data":"Flechettes","floor":15,"key":"SMITH"},{"floor":23,"key":"REST"},{"floor":25,"key":"DIG"},{"floor":27,"key":"DIG"},{"floor":29,"key":"DIG"}],"neow_cost":"NONE","seed_source_timestamp":1310912369018116,"circlet_count":0,"master_deck":["Defend_G","Defend_G","Defend_G","Defend_G","Defend_G","Strike_G","Strike_G+1","Survivor","Neutralize+1","Backflip","Dagger Spray+1","Dash+1","Catalyst","Flechettes+1","Deadly Poison","Poisoned Stab+1","Poisoned Stab+1","Doppelganger","Dodge and Roll+1","Backflip","Caltrops","Riddle With Holes+1","Cloak And Dagger"],"relics":["Ring of the Snake","NeowsBlessing","Regal Pillow","Shuriken","Whetstone","Tiny Chest","Molten Egg 2","HoveringKite","The Specimen","Shovel","Mercury Hourglass","The Courier","Pen Nib","Toxic Egg 2"],"potions_floor_usage":[16,16,22,24],"damage_taken":[{"damage":0,"enemies":"2 Louse","floor":1,"turns":1},{"damage":0,"enemies":"Small Slimes","floor":4,"turns":1},{"damage":0,"enemies":"Gremlin Nob","floor":6,"turns":1},{"damage":0,"enemies":"Cultist","floor":10,"turns":3},{"damage":0,"enemies":"2 Fungi Beasts","floor":11,"turns":2},{"damage":18,"enemies":"Lagavulin","floor":13,"turns":7},{"damage":0,"enemies":"Blue Slaver","floor":14,"turns":3},{"damage":0,"enemies":"Hexaghost","floor":16,"turns":8},{"damage":0,"enemies":"Shell Parasite","floor":18,"turns":5},{"damage":6,"enemies":"Chosen","floor":21,"turns":4},{"damage":19,"enemies":"Snecko","floor":22,"turns":5},{"damage":21,"enemies":"Slavers","floor":24,"turns":5},{"damage":28,"enemies":"Book of Stabbing","floor":30,"turns":4}],"seed_played":"-4036564942031721876","potions_obtained":[{"floor":10,"key":"PowerPotion"},{"floor":14,"key":"Dexterity Potion"},{"floor":21,"key":"SkillPotion"},{"floor":22,"key":"FearPotion"}],"is_trial":false,"path_per_floor":["M","?","?","M","T","E","R","?","T","M","M","R","E","M","R","B",null,"M","?","$","M","M","R","E","R","T","R","?","R"],"character_chosen":"THE_SILENT","items_purchased":["The Specimen","Backflip","Caltrops"],"campfire_rested":1,"item_purchase_floors":[20,20,20],"current_hp_per_floor":[63,45,45,45,45,45,45,45,45,45,45,45,27,27,27,27,59,59,38,38,32,13,49,28,28,28,28,28,28,0],"gold":156,"neow_bonus":"THREE_ENEMY_KILL","is_prod":false,"is_daily":false,"chose_seed":false,"campfire_upgraded":3,"win_rate":0,"timestamp":1533684116,"path_taken":["M","?","?","?","?","E","R","?","T","M","M","R","E","M","R","BOSS","M","?","$","?","M","R","E","R","T","R","?","R","E"],"build_version":"2018-08-02","purchased_purges":1,"victory":false,"max_hp_per_floor":[70,70,70,70,70,70,70,70,70,70,70,70,70,70,70,70,70,70,70,70,70,70,70,70,70,70,70,70,70,70],"card_choices":[{"not_picked":["Acrobatics","Underhanded Strike"],"picked":"Backflip","floor":1},{"not_picked":["Dagger Throw","Deflect"],"picked":"Dagger Spray","floor":4},{"not_picked":["Cloak And Dagger","Prepared"],"picked":"Dash","floor":6},{"not_picked":["Blade Dance","Accuracy"],"picked":"Flechettes","floor":10},{"not_picked":["Poisoned Stab","Crippling Poison"],"picked":"Deadly Poison","floor":11},{"not_picked":["Deadly Poison","Phantasmal Killer"],"picked":"Poisoned Stab","floor":13},{"not_picked":["Skewer+1","Flying Knee+1"],"picked":"Poisoned Stab+1","floor":14},{"not_picked":["Phantasmal Killer","Wraith Form v2"],"picked":"Doppelganger","floor":16},{"not_picked":["Dagger Spray+1","Infinite Blades"],"picked":"Dodge and Roll+1","floor":18},{"not_picked":["Deflect","Underhanded Strike+1"],"picked":"Riddle With Holes+1","floor":21},{"not_picked":["Underhanded Strike+1","Blur"],"picked":"Cloak And Dagger","floor":22},{"not_picked":["Eviscerate+1","Infinite Blades","Quick Slash+1"],"picked":"SKIP","floor":24}],"player_experience":344962,"relics_obtained":[{"floor":5,"key":"Shuriken"},{"floor":6,"key":"Whetstone"},{"floor":9,"key":"Tiny Chest"},{"floor":13,"key":"Molten Egg 2"},{"floor":24,"key":"Shovel"},{"floor":25,"key":"Mercury Hourglass"},{"floor":26,"key":"The Courier"},{"floor":27,"key":"Pen Nib"},{"floor":29,"key":"Toxic Egg 2"}],"event_choices":[{"event_name":"Scrap Ooze","player_choice":"success","floor":2,"damage_taken":18},{"event_name":"The Cleric","player_choice":"Card Removal","floor":3,"damage_taken":0},{"event_name":"Transmorgrifier","player_choice":"Transform","floor":8,"damage_taken":0},{"event_name":"Knowing Skull","player_choice":"GOLD GOLD ","floor":19,"damage_taken":0},{"event_name":"The Joust","player_choice":"Bet on Murderer","floor":28,"damage_taken":0}],"is_beta":false,"boss_relics":[{"not_picked":["Runic Dome","White Beast Statue"],"picked":"HoveringKite"}],"items_purged_floors":[20],"is_endless":false,"potions_floor_spawned":[10,14,21,22],"killed_by":"Book of Stabbing","ascension_level":9}