{"gold_per_floor":[110,110,285,285,301,334,351,384,384,39,49,59,59,84,84,182,182,196,196,215,18,38,72,22,22,96,114,114,64,94,108,108,203,203,214,264,7,7,22,57,57,72,98,110,147,159,200,212,224,236],"floor_reached":51,"playtime":5295,"items_purged":["Strike_G","Strike_G","Clumsy","Strike_G","Envenom+1"],"score":933,"play_id":"42f5f26f-bf2b-417a-861e-1a3dad8ad36e","local_time":"20180721025001","is_ascension_mode":true,"campfire_choices":[{"data":"Adrenaline","floor":13.0,"key":"SMITH"},{"data":"Neutralize","floor":15.0,"key":"SMITH"},{"data":"Bandage Up","floor":25,"key":"SMITH"},{"data":"Survivor","floor":28,"key":"SMITH"},{"data":"Deflect","floor":32,"key":"SMITH"},{"floor":41,"key":"REST"},{"floor":44,"key":"REST"},{"floor":49,"key":"REST"}],"neow_cost":"","seed_source_timestamp":436136525964600,"circlet_count":0,"master_deck":["Defend_G+1","Defend_G+1","Defend_G+1","Defend_G+1","Survivor+1","Neutralize+1","Acrobatics+1","Deadly Poison+1","Adrenaline+1","Crippling Poison+1","Noxious Fumes+1","Prepared+1","Bouncing Flask+1","Acrobatics+1","Expertise+1","Prepared+1","Acrobatics+1","Bouncing Flask+1","Deadly Poison+1","Bandage Up+1","Calculated Gamble+1","Catalyst+1","Calculated Gamble+1","Deflect+1","After Image+1","Deflect+1","Burst+1","Adrenaline+1","PiercingWail+1","Poisoned Stab+1","Acrobatics+1","Tactician+1"],"special_seed":0,"relics":["Ring of the Snake","Paper Crane","Meat on the Bone","Frozen Egg 2","Bottled Lightning","Strange Spoon","Smiling Mask","Astrolabe","Question Card","Gremlin Horn","Bottled Tornado","Sozu","Thread and Needle","DollysMirror","Mark of the Bloom","Bag of Marbles","MawBank","Turnip","Vajra"],"potions_floor_usage":[50,50],"damage_taken":[{"damage":5.0,"enemies":"Jaw Worm","floor":1.0,"turns":7.0},{"damage":1.0,"enemies":"2 Louse","floor":5.0,"turns":3.0},{"damage":54.0,"enemies":"Gremlin Nob","floor":6.0,"turns":6.0},{"damage":0.0,"enemies":"Small Slimes","floor":7.0,"turns":4.0},{"damage":12.0,"enemies":"Lagavulin","floor":8.0,"turns":8.0},{"damage":3.0,"enemies":"Blue Slaver","floor":11.0,"turns":4.0},{"damage":0.0,"enemies":"3 Louse","floor":12.0,"turns":3.0},{"damage":16.0,"enemies":"Gremlin Nob","floor":14.0,"turns":4.0},{"damage":3.0,"enemies":"Hexaghost","floor":16.0,"turns":8.0},{"damage":0.0,"enemies":"Shell Parasite","floor":18.0,"turns":5.0},{"damage":0.0,"enemies":"3 Byrds","floor":20.0,"turns":3.0},{"damage":14.0,"enemies":"Snake Plant","floor":22.0,"turns":4.0},{"damage":18.0,"enemies":"Book of Stabbing","floor":23.0,"turns":7.0},{"damage":9,"enemies":"Slaver and Parasite","floor":27,"turns":5},{"damage":26,"enemies":"Slavers","floor":30,"turns":5},{"damage":2,"enemies":"Sentry and Sphere","floor":31,"turns":5},{"damage":15,"enemies":"Automaton","floor":33,"turns":9},{"damage":0,"enemies":"3 Shapes","floor":35,"turns":4},{"damage":0,"floor":36,"turns":5},{"damage":0,"enemies":"Flame Bruiser 1 Orb","floor":39,"turns":3},{"damage":0,"enemies":"Giant Head","floor":40,"turns":5},{"damage":0,"enemies":"4 Shapes","floor":42,"turns":3},{"damage":0,"enemies":"2 Orb Walkers","floor":45,"turns":4},{"damage":0,"enemies":"Giant Head","floor":47,"turns":4},{"damage":17,"enemies":"Time Eater","floor":50,"turns":8}],"seed_played":"-4204974911363671391","potions_obtained":[{"floor":5.0,"key":"EssenceOfSteel"},{"floor":11.0,"key":"GhostInAJar"},{"floor":23.0,"key":"PowerPotion"},{"floor":30,"key":"SpeedPotion"},{"floor":33,"key":"SkillPotion"}],"is_trial":false,"path_per_floor":["M","?","?","T","M","E","M","E","T","$","M","M","R","E","R","B",null,"M","?","M","$","M","E","$","R","T","M","R","$","E","M","R","B",null,"M","?","$","?","M","E","R","M","T","R","E","?","E","?","R","B"],"character_chosen":"THE_SILENT","items_purchased":["Noxious Fumes+1","Strange Spoon","Deadly Poison","Bandage Up","DollysMirror"],"campfire_rested":3,"item_purchase_floors":[10,10,21,21,37],"current_hp_per_floor":[65,58,58,58,57,3,15,15,15,15,24,36,36,32,32,41,70,70,70,70,70,60,46,46,46,46,43,43,43,35,39,39,42,70,70,70,70,70,70,70,70,70,70,70,70,70,70,70,70,53],"gold":248,"neow_bonus":"","is_prod":false,"is_daily":false,"chose_seed":false,"campfire_upgraded":5,"win_rate":0,"timestamp":1532166601,"path_taken":["M","?","?","?","M","E","M","E","T","$","M","M","R","E","R","BOSS","M","?","M","$","M","E","$","R","T","?","R","?","E","M","R","BOSS","M","?","$","?","?","E","R","M","T","R","E","?","E","?","R","BOSS"],"build_version":"2018-07-19v2","purchased_purges":5,"victory":true,"max_hp_per_floor":[70,70,70,70,70,70,70,70,70,70,70,70,70,70,70,70,70,70,70,70,70,70,70,70,70,70,70,70,70,70,70,70,70,70,70,70,70,70,70,70,70,70,70,70,70,70,70,70,70,70],"card_choices":[{"not_picked":["Dodge and Roll","Slice"],"picked":"Acrobatics","floor":1.0},{"not_picked":["Sucker Punch","Bane"],"picked":"Deadly Poison","floor":5.0},{"not_picked":["Skewer","Dodge and Roll","Outmaneuver"],"picked":"SKIP","floor":6.0},{"not_picked":["Endless Agony","Deflect"],"picked":"Adrenaline","floor":7.0},{"not_picked":["Outmaneuver","Bane"],"picked":"Crippling Poison","floor":8.0},{"not_picked":["Endless Agony","PiercingWail"],"picked":"Prepared","floor":11.0},{"not_picked":["Leg Sweep","Infinite Blades+1"],"picked":"Bouncing Flask","floor":12.0},{"not_picked":["Underhanded Strike","Infinite Blades+1"],"picked":"Acrobatics","floor":14.0},{"not_picked":["Unload","Burst"],"picked":"Envenom+1","floor":16.0},{"not_picked":["Skewer","All Out Attack"],"picked":"Acrobatics","floor":18.0},{"not_picked":["Underhanded Strike","Dagger Spray"],"picked":"Bouncing Flask","floor":20.0},{"not_picked":["Acrobatics","Outmaneuver"],"picked":"Calculated Gamble","floor":22.0},{"not_picked":["Masterful Stab+1","Dash+1","Underhanded Strike"],"picked":"SKIP","floor":23.0},{"not_picked":["Dagger Throw+1","Crippling Poison","Venomology"],"picked":"Catalyst","floor":27},{"not_picked":["Choke","Leg Sweep","Acrobatics"],"picked":"Calculated Gamble","floor":30},{"not_picked":["Calculated Gamble+1","Outmaneuver","Reflex"],"picked":"Deflect","floor":31},{"not_picked":["Die Die Die","Envenom+1","Venomology"],"picked":"After Image+1","floor":33},{"not_picked":["All Out Attack","Outmaneuver","Prepared"],"picked":"Deflect+1","floor":35},{"not_picked":["Underhanded Strike+1","Dagger Throw","Bouncing Flask"],"picked":"Burst","floor":36},{"not_picked":["Dodge and Roll","Catalyst","Riddle With Holes+1"],"picked":"PiercingWail+1","floor":39},{"not_picked":["Leg Sweep","Distraction","Bane"],"picked":"Poisoned Stab+1","floor":40},{"not_picked":["Sucker Punch","Backstab+1","Dodge and Roll+1","Deflect+1"],"picked":"SKIP","floor":42},{"not_picked":["Skewer","Eviscerate","Caltrops+1"],"picked":"Acrobatics+1","floor":45},{"not_picked":["Well Laid Plans+1","Reflex","Envenom+1"],"picked":"Tactician+1","floor":47}],"player_experience":60858,"relics_obtained":[{"floor":4.0,"key":"Paper Crane"},{"floor":6.0,"key":"Meat on the Bone"},{"floor":8.0,"key":"Frozen Egg 2"},{"floor":9.0,"key":"Bottled Lightning"},{"floor":14.0,"key":"Smiling Mask"},{"floor":23.0,"key":"Question Card"},{"floor":26,"key":"Gremlin Horn"},{"floor":30,"key":"Bottled Tornado"},{"floor":36,"key":"Thread and Needle"},{"floor":40,"key":"Bag of Marbles"},{"floor":43,"key":"MawBank"},{"floor":45,"key":"Turnip"},{"floor":47,"key":"Vajra"}],"event_choices":[{"event_name":"Golden Wing","player_choice":"Card Removal","floor":2.0,"damage_taken":0.0},{"event_name":"Liars Game","player_choice":"agreed","floor":3.0,"damage_taken":0.0},{"event_name":"Vampires","player_choice":"Ignored","floor":19.0,"damage_taken":0.0},{"event_name":"Mysterious Sphere","player_choice":"Fight","floor":36,"damage_taken":0},{"event_name":"MindBloom","player_choice":"Upgrade","floor":38,"damage_taken":0},{"event_name":"The Woman in Blue","player_choice":"Bought 0 Potions","floor":46,"damage_taken":0},{"event_name":"The Lab","player_choice":"Got Potions","floor":48,"damage_taken":0}],"is_beta":false,"boss_relics":[{"not_picked":["Orrery","Runic Pyramid"],"picked":"Astrolabe"},{"not_picked":["Fusion Hammer","Ring of the Serpent"],"picked":"Sozu"}],"items_purged_floors":[10,21,24,29,37],"is_endless":false,"potions_floor_spawned":[5,11,23,30,33,39,40,42],"ascension_level":1}