{"gold_per_floor":[19,19,19,19,36,36,48,76,76,76,151,177,177,76,76,206,206,221,320,320,335,460,460,460],"floor_reached":24,"playtime":1589,"items_purged":["Strike_R"],"score":270,"play_id":"4ee88818-9142-483b-a3cf-efce4d3a60e5","local_time":"20190104063531","is_ascension_mode":true,"campfire_choices":[{"data":"Searing Blow+1","floor":6.0,"key":"SMITH"},{"data":"Searing Blow+2","floor":10.0,"key":"SMITH"},{"data":"Searing Blow+3","floor":15.0,"key":"SMITH"},{"data":"Searing Blow+4","floor":23.0,"key":"SMITH"}],"neow_cost":"NO_GOLD","seed_source_timestamp":0,"circlet_count":0,"master_deck":["Strike_R","Strike_R","Strike_R","Strike_R","Defend_R","Defend_R","Defend_R","Bash","Good Instincts","Blind","Searing Blow+5","Headbutt","Fiend Fire","Shrug It Off","Armaments","Feed","Infernal Blade+1","Armaments+1"],"special_seed":0,"relics":["Burning Blood","Shovel","Incense Burner","Anchor","Golden Idol","Velvet Choker","Torii","Sundial"],"potions_floor_usage":[24,24],"damage_taken":[{"damage":6.0,"enemies":"2 Louse","floor":1.0,"turns":3.0},{"damage":7.0,"enemies":"Small Slimes","floor":5.0,"turns":4.0},{"damage":1.0,"enemies":"Cultist","floor":7.0,"turns":3.0},{"damage":20.0,"enemies":"Gremlin Nob","floor":8.0,"turns":4.0},{"damage":20.0,"enemies":"Lagavulin","floor":12.0,"turns":7.0},{"damage":4.0,"enemies":"Hexaghost","floor":16.0,"turns":8.0},{"damage":25.0,"enemies":"Spheric Guardian","floor":18.0,"turns":7.0},{"damage":0.0,"enemies":"Shell Parasite","floor":21.0,"turns":3.0},{"damage":7.0,"enemies":"Colosseum Slavers","floor":22.0,"turns":6.0},{"damage":53.0,"enemies":"Colosseum Nobs","floor":22.0,"turns":6.0},{"damage":14,"enemies":"Book of Stabbing","floor":24,"turns":4}],"seed_played":"-563560924784271198","potions_obtained":[{"floor":5.0,"key":"PowerPotion"},{"floor":12.0,"key":"Weak Potion"},{"floor":16.0,"key":"Dexterity Potion"},{"floor":21.0,"key":"FearPotion"},{"floor":22.0,"key":"PowerPotion"}],"is_trial":false,"path_per_floor":["M","?","?","?","M","R","M","E","T","R","?","E","?","$","R","B",null,"M","?","?","M","?","R","E"],"character_chosen":"IRONCLAD","items_purchased":["Armaments"],"campfire_rested":0,"item_purchase_floors":[14],"current_hp_per_floor":[72,72,72,72,71,71,76,62,62,62,51,37,17,17,17,19,65,49,49,49,55,14,14,0],"gold":460,"neow_bonus":"RANDOM_COLORLESS_2","is_prod":false,"is_daily":false,"chose_seed":false,"campfire_upgraded":4,"win_rate":0,"timestamp":1546551331,"path_taken":["M","?","?","?","M","R","?","E","T","R","?","E","?","$","R","BOSS","M","?","?","M","?","R","E"],"build_version":"2018-12-20","purchased_purges":1,"victory":false,"max_hp_per_floor":[80,80,80,80,80,80,80,80,80,80,80,80,80,80,80,80,80,83,83,83,83,90,90,90],"card_choices":[{"not_picked":["Wild Strike","Shrug It Off"],"picked":"Searing Blow","floor":1.0},{"not_picked":["Rampage","Sword Boomerang","Feel No Pain"],"picked":"SKIP","floor":5.0},{"not_picked":["Searing Blow","Pommel Strike"],"picked":"Headbutt","floor":7.0},{"not_picked":["Clash","Warcry"],"picked":"Fiend Fire","floor":8.0},{"not_picked":["Rampage","Rupture"],"picked":"Shrug It Off","floor":12.0},{"not_picked":["Exhume","Barricade"],"picked":"Feed","floor":16.0},{"not_picked":["Anger+1","Wild Strike"],"picked":"Infernal Blade+1","floor":18.0},{"not_picked":["Thunderclap+1","Shrug It Off+1"],"picked":"Armaments+1","floor":21.0}],"player_experience":102944,"relics_obtained":[{"floor":8.0,"key":"Shovel"},{"floor":9.0,"key":"Incense Burner"},{"floor":12.0,"key":"Anchor"},{"floor":22.0,"key":"Torii"},{"floor":22.0,"key":"Sundial"}],"event_choices":[{"damage_healed":0.0,"max_hp_gain":0.0,"max_hp_loss":0.0,"gold_gain":0.0,"event_name":"The Cleric","player_choice":"Leave","floor":2.0,"gold_loss":0.0,"damage_taken":0.0},{"damage_healed":0.0,"max_hp_gain":0.0,"max_hp_loss":0.0,"gold_gain":0.0,"event_name":"Living Wall","player_choice":"Grow","floor":3.0,"gold_loss":0.0,"damage_taken":0.0,"cards_upgraded":["Searing Blow"]},{"cards_removed":["Defend_R"],"damage_healed":0.0,"max_hp_gain":0.0,"max_hp_loss":0.0,"gold_gain":0.0,"event_name":"Purifier","player_choice":"Purged","floor":4.0,"gold_loss":0.0,"damage_taken":0.0},{"damage_healed":0.0,"max_hp_gain":0.0,"max_hp_loss":0.0,"gold_gain":75.0,"event_name":"World of Goop","player_choice":"Gather Gold","floor":11.0,"gold_loss":0.0,"damage_taken":11.0},{"damage_healed":0.0,"max_hp_gain":0.0,"max_hp_loss":0.0,"gold_gain":0.0,"event_name":"Golden Idol","player_choice":"Take Damage","floor":13.0,"gold_loss":0.0,"damage_taken":20.0,"relics_obtained":["Golden Idol"]},{"damage_healed":0.0,"max_hp_gain":0.0,"max_hp_loss":0.0,"gold_gain":99.0,"event_name":"Nest","player_choice":"Stole From Cult","floor":19.0,"gold_loss":0.0,"damage_taken":0.0},{"damage_healed":0.0,"max_hp_gain":0.0,"max_hp_loss":0.0,"gold_gain":0.0,"event_name":"Ghosts","player_choice":"Ignored","floor":20.0,"gold_loss":0.0,"damage_taken":0.0},{"damage_healed":0.0,"max_hp_gain":0.0,"max_hp_loss":0.0,"gold_gain":0.0,"event_name":"Colosseum","player_choice":"Fight","floor":22.0,"gold_loss":0.0,"damage_taken":0.0},{"damage_healed":0.0,"max_hp_gain":0.0,"max_hp_loss":0.0,"gold_gain":0.0,"event_name":"Colosseum","player_choice":"Fought Nobs","floor":22.0,"gold_loss":0.0,"damage_taken":0.0}],"is_beta":false,"boss_relics":[{"not_picked":["Mark of Pain","Cursed Key"],"picked":"Velvet Choker"}],"items_purged_floors":[14],"is_endless":false,"potions_floor_spawned":[5,12,16,21,22],"killed_by":"Book of Stabbing","ascension_level":7}