{"gold_per_floor":[219,219,219,239,250,250,40,50,101,4,4,36,50,74,74,149,149,167,167,167,167,182,182,209,58,58,70,70,81,106,116,116,190,190,208,208,224,235,250,250,267,267,267,317,329,329,339,354,354,354],"floor_reached":50,"playtime":3192,"items_purged":["Strike_R"],"score":1021,"play_id":"50b59335-3fc6-4476-84fa-d57e717954f1","local_time":"20190321205335","is_ascension_mode":true,"campfire_choices":[{"data":"Bash","floor":6.0,"key":"SMITH"},{"data":"Carnage","floor":11.0,"key":"SMITH"},{"data":"Clothesline","floor":15.0,"key":"SMITH"},{"data":"Sword Boomerang","floor":23.0,"key":"SMITH"},{"data":"Whirlwind","floor":28.0,"key":"SMITH"},{"data":"Feel No Pain","floor":32.0,"key":"SMITH"},{"data":"Clothesline","floor":40.0,"key":"SMITH"},{"data":"Feed","floor":42.0,"key":"SMITH"},{"data":"Iron Wave","floor":46.0,"key":"SMITH"},{"data":"Spot Weakness","floor":49,"key":"SMITH"}],"neow_cost":"NONE","seed_source_timestamp":656183529256500,"circlet_count":0,"master_deck":["AscendersBane","Strike_R+1","Strike_R+1","Strike_R+1","Defend_R+1","Defend_R+1","Defend_R+1","Defend_R+1","Bash+1","Carnage+1","Ghostly Armor","Sword Boomerang+1","Feel No Pain+1","Spot Weakness+1","Inflame","Shrug It Off","Shrug It Off","Clothesline+1","Clothesline+1","Impervious+1","Anger","Feel No Pain","Flame Barrier+1","Whirlwind+1","Shrug It Off","Anger","Feed+1","Iron Wave+1","Parasite","Shrug It Off","Battle Trance"],"special_seed":0,"relics":["Burning Blood","Pen Nib","Potion Belt","Odd Mushroom","Coffee Dripper","MutagenicStrength","Bag of Preparation","Strawberry","War Paint","Cursed Key"],"potions_floor_usage":[50],"damage_taken":[{"damage":14.0,"enemies":"Jaw Worm","floor":1.0,"turns":4.0},{"damage":0.0,"enemies":"Cultist","floor":4.0,"turns":3.0},{"damage":0.0,"enemies":"2 Louse","floor":5.0,"turns":3.0},{"damage":8.0,"enemies":"Blue Slaver","floor":8.0,"turns":3.0},{"damage":12.0,"enemies":"3 Sentries","floor":12.0,"turns":9.0},{"damage":0.0,"enemies":"Large Slime","floor":13.0,"turns":4.0},{"damage":0.0,"enemies":"The Mushroom Lair","floor":14.0,"turns":3.0},{"damage":26.0,"enemies":"The Guardian","floor":16.0,"turns":9.0},{"damage":16.0,"enemies":"Spheric Guardian","floor":18.0,"turns":4.0},{"damage":16.0,"enemies":"2 Thieves","floor":22.0,"turns":5.0},{"damage":9.0,"enemies":"Book of Stabbing","floor":24.0,"turns":5.0},{"damage":9.0,"enemies":"Centurion and Healer","floor":27.0,"turns":7.0},{"damage":0.0,"enemies":"Snecko","floor":29.0,"turns":7.0},{"damage":0.0,"enemies":"Gremlin Leader","floor":30.0,"turns":6.0},{"damage":0.0,"enemies":"Snake Plant","floor":31.0,"turns":4.0},{"damage":48.0,"enemies":"Collector","floor":33.0,"turns":10.0},{"damage":26.0,"enemies":"3 Darklings","floor":35.0,"turns":5.0},{"damage":36.0,"enemies":"3 Shapes","floor":37.0,"turns":2.0},{"damage":0.0,"enemies":"3 Darklings","floor":38.0,"turns":1.0},{"damage":24.0,"enemies":"Transient","floor":39.0,"turns":6.0},{"damage":7.0,"enemies":"Writhing Mass","floor":41.0,"turns":9.0},{"damage":4.0,"enemies":"3 Darklings","floor":45.0,"turns":4.0},{"damage":4,"enemies":"Jaw Worm Horde","floor":47,"turns":3},{"damage":15,"enemies":"Transient","floor":48,"turns":6},{"damage":26,"enemies":"Awakened One","floor":50,"turns":3}],"seed_played":"7487597166868966192","potions_obtained":[{"floor":12.0,"key":"EntropicBrew"},{"floor":14.0,"key":"SkillPotion"},{"floor":16.0,"key":"Block Potion"},{"floor":22.0,"key":"EssenceOfSteel"},{"floor":27.0,"key":"Poison Potion"},{"floor":30.0,"key":"BloodPotion"},{"floor":31.0,"key":"LiquidBronze"},{"floor":36.0,"key":"SteroidPotion"},{"floor":36.0,"key":"LiquidBronze"},{"floor":37.0,"key":"Fire Potion"},{"floor":38.0,"key":"GamblersBrew"}],"is_trial":false,"path_per_floor":["M","?","?","M","M","R","$","M","T","$","R","E","M","?","R","B",null,"M","?","?","?","M","R","E","$","T","M","R","M","E","M","R","B",null,"M","?","M","M","M","R","M","R","T","?","M","R","M","M","R","B"],"character_chosen":"IRONCLAD","items_purchased":["Feel No Pain","Fire Potion","Inflame","Shrug It Off","Whirlwind","Strength Potion","Explosive Potion"],"campfire_rested":0,"item_purchase_floors":[7,7,10,10,25,25,25],"current_hp_per_floor":[60,37,37,43,49,49,49,47,47,47,47,41,47,53,53,33,65,55,55,55,55,45,45,42,42,49,46,46,52,58,64,64,22,67,47,47,20,34,16,16,15,15,15,15,17,17,23,14,14,0],"gold":354,"neow_bonus":"HUNDRED_GOLD","is_prod":false,"is_daily":false,"chose_seed":false,"campfire_upgraded":10,"win_rate":0,"timestamp":1553216015,"path_taken":["M","?","?","M","?","R","$","M","T","$","R","E","M","?","R","BOSS","M","?","?","?","M","R","E","$","T","M","R","?","E","M","R","BOSS","M","?","M","?","M","R","M","R","T","?","M","R","M","M","R","BOSS"],"build_version":"2019-01-23","purchased_purges":1,"victory":false,"max_hp_per_floor":[75,75,75,75,75,75,75,75,75,75,75,75,75,75,75,75,75,75,75,75,75,75,75,75,75,82,82,82,82,82,82,82,82,82,82,82,85,85,85,85,85,85,85,85,85,85,89,89,89,93],"card_choices":[{"not_picked":["Sword Boomerang","Havoc"],"picked":"Carnage","floor":1.0},{"not_picked":["Havoc","Shockwave"],"picked":"Ghostly Armor","floor":4.0},{"not_picked":["Clash","Body Slam"],"picked":"Sword Boomerang","floor":5.0},{"not_picked":["Shockwave","Rupture"],"picked":"Spot Weakness","floor":8.0},{"not_picked":["Pommel Strike","Wild Strike"],"picked":"Shrug It Off","floor":12.0},{"not_picked":["Barricade","Warcry"],"picked":"Clothesline","floor":13.0},{"not_picked":["Havoc","Warcry"],"picked":"Clothesline","floor":14.0},{"not_picked":["Exhume","Fiend Fire"],"picked":"Impervious","floor":16.0},{"not_picked":["Entrench","Sever Soul"],"picked":"Anger","floor":18.0},{"not_picked":["Warcry+1","Havoc"],"picked":"Feel No Pain","floor":22.0},{"not_picked":["Clothesline+1","Warcry+1"],"picked":"Flame Barrier","floor":24.0},{"not_picked":["Warcry","Searing Blow"],"picked":"Shrug It Off","floor":27.0},{"not_picked":["Clash","Twin Strike","Berserk"],"picked":"SKIP","floor":29.0},{"not_picked":["Heavy Blade","Entrench","Exhume"],"picked":"SKIP","floor":30.0},{"not_picked":["Sword Boomerang","Warcry"],"picked":"Anger","floor":31.0},{"not_picked":["Limit Break","Exhume"],"picked":"Feed","floor":33.0},{"not_picked":["Sword Boomerang","Thunderclap+1"],"picked":"Iron Wave","floor":35.0},{"not_picked":["Second Wind","Whirlwind","Body Slam"],"picked":"SKIP","floor":37.0},{"not_picked":["Headbutt+1","Seeing Red","Double Tap"],"picked":"SKIP","floor":38.0},{"not_picked":["Power Through","Flex","Iron Wave"],"picked":"SKIP","floor":39.0},{"not_picked":["Thunderclap+1","Sword Boomerang+1"],"picked":"Shrug It Off","floor":41.0},{"not_picked":["Pommel Strike","Fire Breathing","Headbutt+1"],"picked":"SKIP","floor":45.0},{"not_picked":["Combust","Cleave"],"picked":"Battle Trance","floor":47},{"not_picked":["Metallicize","Armaments+1","Dropkick+1"],"picked":"SKIP","floor":48}],"player_experience":738179,"relics_obtained":[{"floor":9.0,"key":"Pen Nib"},{"floor":12.0,"key":"Potion Belt"},{"floor":14.0,"key":"Odd Mushroom"},{"floor":24.0,"key":"Bag of Preparation"},{"floor":26.0,"key":"Strawberry"},{"floor":30.0,"key":"War Paint"}],"event_choices":[{"damage_healed":0.0,"max_hp_gain":0.0,"max_hp_loss":0.0,"gold_gain":0.0,"event_name":"Shining Light","player_choice":"Entered Light","floor":2.0,"gold_loss":0.0,"damage_taken":23.0,"cards_upgraded":["Defend_R","Defend_R"]},{"cards_removed":["Strike_R"],"damage_healed":0.0,"max_hp_gain":0.0,"max_hp_loss":0.0,"gold_gain":0.0,"event_name":"Bonfire Elementals","player_choice":"Offered Basic","floor":3.0,"gold_loss":0.0,"damage_taken":0.0},{"damage_healed":0.0,"max_hp_gain":0.0,"max_hp_loss":0.0,"gold_gain":0.0,"event_name":"Mushrooms","player_choice":"Fought Mushrooms","floor":14.0,"gold_loss":0.0,"damage_taken":0.0},{"damage_healed":0.0,"max_hp_gain":0.0,"max_hp_loss":0.0,"gold_gain":0.0,"event_name":"Back to Basics","player_choice":"Simplicity","floor":19.0,"gold_loss":0.0,"damage_taken":0.0,"cards_upgraded":["Strike_R","Strike_R","Strike_R","Defend_R","Defend_R"]},{"damage_healed":0.0,"max_hp_gain":0.0,"max_hp_loss":0.0,"gold_gain":0.0,"event_name":"Ghosts","player_choice":"Ignored","floor":20.0,"gold_loss":0.0,"damage_taken":0.0},{"damage_healed":0.0,"max_hp_gain":0.0,"max_hp_loss":0.0,"gold_gain":0.0,"event_name":"Drug Dealer","player_choice":"Inject Mutagens","floor":21.0,"gold_loss":0.0,"damage_taken":0.0,"relics_obtained":["MutagenicStrength"]},{"damage_healed":0.0,"max_hp_gain":0.0,"max_hp_loss":0.0,"gold_gain":0.0,"event_name":"Lab","player_choice":"Got Potions","floor":36.0,"gold_loss":0.0,"damage_taken":0.0},{"damage_healed":0.0,"max_hp_gain":0.0,"max_hp_loss":0.0,"gold_gain":50.0,"event_name":"Golden Shrine","player_choice":"Pray","floor":44.0,"gold_loss":0.0,"damage_taken":0.0}],"is_beta":false,"boss_relics":[{"not_picked":["Black Star","Eternal Feather"],"picked":"Coffee Dripper"},{"not_picked":["Orrery","Astrolabe"],"picked":"Cursed Key"}],"items_purged_floors":[7],"is_endless":false,"potions_floor_spawned":[12,14,16,22,27,30,31,37,38],"killed_by":"Awakened One","ascension_level":19}