{"gold_per_floor":[111,18,30,30,50,78,78,103,152,230,240,270,270,286,286,385,385,395,395,406,67,67,67,77,104,104,104,136,155,169,182,182,279,279,296,308,35,35,35,35,68,68,118,144,144,0,11,36,36,36],"floor_reached":51,"playtime":3914,"items_purged":["Strike_R"],"score":1200,"play_id":"a0fa3160-2d69-4efb-83a8-4175f9ae0553","local_time":"20180807110621","is_ascension_mode":true,"campfire_choices":[{"data":"Carnage","floor":7,"key":"SMITH"},{"data":"Inflame","floor":13,"key":"SMITH"},{"data":"Twin Strike","floor":15,"key":"SMITH"},{"data":"Shrug It Off","floor":23,"key":"SMITH"},{"data":"True Grit","floor":27,"key":"SMITH"},{"data":"Feel No Pain","floor":32,"key":"SMITH"},{"data":"Demon Form","floor":40,"key":"SMITH"},{"data":"Dark Embrace","floor":42,"key":"SMITH"},{"data":"Shrug It Off","floor":45,"key":"SMITH"},{"data":"True Grit","floor":49,"key":"SMITH"}],"neow_cost":"NONE","seed_source_timestamp":1289891299461490,"circlet_count":0,"master_deck":["Strike_R","Strike_R","Defend_R","Defend_R","Defend_R","Defend_R","Bash+1","Carnage+1","Twin Strike+1","Pummel+1","Rampage","Inflame+1","Clothesline+1","Clothesline+1","Feed+1","Inflame+1","Shrug It Off+1","True Grit+1","Uppercut+1","Feel No Pain+1","Shrug It Off+1","Demon Form+1","Whirlwind+1","Burning Pact","Master of Strategy","Mind Blast+1","Secret Weapon","Dark Embrace+1","Flame Barrier","True Grit+1"],"relics":["Burning Blood","Singing Bowl","Potion Belt","Gremlin Horn","Strawberry","Molten Egg 2","Charon\u0027s Ashes","Coffee Dripper","Ginger","Bag of Marbles","Anchor","Shuriken","Thread and Needle","Empty Cage","Bag of Preparation","Calipers","Vajra","Lantern","Kunai","Red Mask","Happy Flower"],"potions_floor_usage":[6,8,8,16,25,28,33,33,33,41,41,50,50,50],"damage_taken":[{"damage":1,"enemies":"Cultist","floor":1,"turns":4},{"damage":5,"enemies":"Small Slimes","floor":3,"turns":3},{"damage":0,"enemies":"2 Louse","floor":5,"turns":2},{"damage":16,"enemies":"3 Sentries","floor":6,"turns":8},{"damage":7,"enemies":"Lagavulin","floor":8,"turns":4},{"damage":0,"enemies":"Gremlin Gang","floor":11,"turns":3},{"damage":21,"enemies":"3 Sentries","floor":12,"turns":6},{"damage":7,"enemies":"Exordium Wildlife","floor":14,"turns":4},{"damage":25,"enemies":"The Guardian","floor":16,"turns":9},{"damage":8,"enemies":"3 Byrds","floor":18,"turns":3},{"damage":0,"enemies":"Spheric Guardian","floor":20,"turns":2},{"damage":7,"enemies":"3 Cultists","floor":24,"turns":4},{"damage":0,"enemies":"Gremlin Leader","floor":25,"turns":4},{"damage":20,"enemies":"Slavers","floor":28,"turns":4},{"damage":0,"enemies":"Snecko","floor":29,"turns":3},{"damage":0,"enemies":"Snake Plant","floor":30,"turns":3},{"damage":0,"enemies":"Centurion and Healer","floor":31,"turns":4},{"damage":1,"enemies":"Collector","floor":33,"turns":6},{"damage":6,"enemies":"3 Darklings","floor":35,"turns":9},{"damage":1,"enemies":"Flame Bruiser 1 Orb","floor":36,"turns":4},{"damage":0,"floor":38,"turns":4},{"damage":0,"enemies":"2 Orb Walkers","floor":41,"turns":4},{"damage":5,"enemies":"Nemesis","floor":44,"turns":7},{"damage":0,"enemies":"3 Darklings","floor":47,"turns":2},{"damage":5,"enemies":"Giant Head","floor":48,"turns":6},{"damage":66,"enemies":"Time Eater","floor":50,"turns":8}],"seed_played":"-5362774197750115787","potions_obtained":[{"floor":1,"key":"AttackPotion"},{"floor":5,"key":"Energy Potion"},{"floor":6,"key":"SkillPotion"},{"floor":12,"key":"Strength Potion"},{"floor":14,"key":"Swift Potion"},{"floor":18,"key":"Swift Potion"},{"floor":25,"key":"Weak Potion"},{"floor":29,"key":"FearPotion"},{"floor":30,"key":"Swift Potion"},{"floor":35,"key":"Swift Potion"},{"floor":38,"key":"Fire Potion"},{"floor":41,"key":"BloodPotion"},{"floor":44,"key":"Explosive Potion"},{"floor":48,"key":"Energy Potion"}],"is_trial":false,"path_per_floor":["M","?","M","?","M","E","R","E","T","T","M","E","R","M","R","B",null,"M","?","M","$","?","R","M","E","T","R","E","M","M","M","R","B",null,"M","M","$","?","?","R","E","R","T","E","R","?","M","E","R","B"],"character_chosen":"IRONCLAD","items_purchased":["Ginger","Shrug It Off","Bag of Preparation","Block Potion"],"campfire_rested":0,"item_purchase_floors":[21,21,37,37],"current_hp_per_floor":[77,77,78,71,77,67,67,66,73,73,79,66,66,65,65,46,78,82,82,88,88,88,88,91,99,99,99,85,93,103,111,111,111,111,111,111,111,117,107,107,113,113,113,116,116,116,119,119,119,70],"gold":36,"neow_bonus":"UPGRADE_CARD","is_prod":false,"is_daily":false,"chose_seed":false,"campfire_upgraded":10,"win_rate":0,"timestamp":1533665181,"path_taken":["M","?","M","?","M","E","R","E","T","?","M","E","R","M","R","BOSS","M","?","M","$","?","R","M","E","T","R","E","M","M","M","R","BOSS","M","M","$","?","?","R","E","R","T","E","R","?","?","E","R","BOSS"],"build_version":"2018-08-02","purchased_purges":1,"victory":true,"max_hp_per_floor":[80,80,80,80,80,80,80,80,87,87,87,89,89,89,89,89,89,95,95,95,95,95,95,99,101,101,101,101,103,107,111,111,111,111,111,111,111,117,117,117,117,117,117,119,119,119,119,119,119,119],"card_choices":[{"not_picked":["Searing Blow","Battle Trance"],"picked":"Carnage","floor":1},{"not_picked":["Blood for Blood","Warcry"],"picked":"Twin Strike","floor":3},{"not_picked":["Searing Blow","Power Through"],"picked":"Pummel","floor":5},{"not_picked":["Cleave","Pummel"],"picked":"Rampage","floor":6},{"not_picked":["Clash","Shockwave"],"picked":"Inflame","floor":8},{"not_picked":["Body Slam+1","Perfected Strike+1"],"picked":"Clothesline+1","floor":11},{"not_picked":["Sentinel","Second Wind","Clash+1"],"picked":"Singing Bowl","floor":12},{"not_picked":["Pommel Strike+1","Wild Strike+1"],"picked":"Clothesline+1","floor":14},{"not_picked":["Bludgeon+1","Barricade"],"picked":"Feed+1","floor":16},{"not_picked":["Warcry","Clash+1","Thunderclap+1"],"picked":"Singing Bowl","floor":18},{"not_picked":["Twin Strike+1","Pommel Strike+1"],"picked":"Inflame+1","floor":20},{"not_picked":["Iron Wave+1","Thunderclap+1"],"picked":"True Grit","floor":24},{"not_picked":["Carnage+1","Second Wind","Intimidate"],"picked":"Singing Bowl","floor":25},{"not_picked":["Twin Strike+1","Body Slam+1"],"picked":"Uppercut+1","floor":28},{"not_picked":["Rampage+1","Havoc","Thunderclap+1"],"picked":"Singing Bowl","floor":29},{"not_picked":["Perfected Strike+1","True Grit+1"],"picked":"Feel No Pain","floor":30},{"not_picked":["Thunderclap+1","Carnage+1"],"picked":"Shrug It Off","floor":31},{"not_picked":["Feed+1","Impervious"],"picked":"Demon Form","floor":33},{"not_picked":["Havoc","Hemokinesis+1"],"picked":"Whirlwind+1","floor":35},{"not_picked":["Shockwave+1","Infernal Blade+1"],"picked":"Burning Pact","floor":36},{"not_picked":["Spot Weakness+1","Dual Wield","Wild Strike+1"],"picked":"Singing Bowl","floor":38},{"not_picked":["Good Instincts","Thinking Ahead"],"picked":"Master of Strategy","floor":39},{"not_picked":["Panache","Dramatic Entrance+1"],"picked":"Mind Blast+1","floor":39},{"not_picked":["Trip","Blind"],"picked":"Secret Weapon","floor":39},{"not_picked":["Warcry+1","Evolve"],"picked":"Dark Embrace","floor":41},{"not_picked":["Evolve","Warcry+1","Blood for Blood+1"],"picked":"Singing Bowl","floor":44},{"not_picked":["Pommel Strike+1","Perfected Strike+1"],"picked":"Flame Barrier","floor":47},{"not_picked":["Sentinel","Bludgeon+1"],"picked":"True Grit","floor":48}],"player_experience":335754,"relics_obtained":[{"floor":6,"key":"Potion Belt"},{"floor":8,"key":"Gremlin Horn"},{"floor":9,"key":"Strawberry"},{"floor":10,"key":"Molten Egg 2"},{"floor":12,"key":"Charon\u0027s Ashes"},{"floor":25,"key":"Anchor"},{"floor":26,"key":"Shuriken"},{"floor":28,"key":"Thread and Needle"},{"floor":38,"key":"Calipers"},{"floor":41,"key":"Vajra"},{"floor":43,"key":"Lantern"},{"floor":44,"key":"Kunai"},{"floor":48,"key":"Happy Flower"}],"event_choices":[{"event_name":"WeMeetAgain","player_choice":"Gold","floor":2,"damage_taken":0},{"event_name":"Golden Wing","player_choice":"Card Removal","floor":4,"damage_taken":0},{"event_name":"Upgrade Shrine","player_choice":"Upgraded","floor":19,"damage_taken":0},{"event_name":"The Mausoleum","player_choice":"Yes","floor":22,"damage_taken":0},{"event_name":"MindBloom","player_choice":"Fight","floor":38,"damage_taken":0},{"event_name":"SensoryStone","player_choice":"Memory 3","floor":39,"damage_taken":0},{"event_name":"Tomb of Lord Red Mask","player_choice":"Paid","floor":46,"damage_taken":0}],"is_beta":false,"boss_relics":[{"not_picked":["Runic Pyramid","Black Star"],"picked":"Coffee Dripper"},{"not_picked":["Cursed Key","Tiny House"],"picked":"Empty Cage"}],"items_purged_floors":[37],"is_endless":false,"potions_floor_spawned":[1,5,6,12,14,18,25,29,30,35,38,41,44,48],"ascension_level":9}