{"gold_per_floor":[110,123,123,143,158,184,259,259,259,287,287,287,300,315,315,386,386,406,71,89,105,151,151,164,164,164,164,189,114,127,144,144,221,221,236,251,266,279,296,329,329,345,368,378,35,35,68,87,87,87],"floor_reached":51,"playtime":3460,"items_purged":["Strike_R"],"score":1386,"play_id":"b3d1c9ea-93f5-4e32-b345-551c2c0d2beb","local_time":"20180920221403","is_ascension_mode":true,"campfire_choices":[{"data":"Whirlwind","floor":8.0,"key":"SMITH"},{"floor":12.0,"key":"REST"},{"data":"Clothesline","floor":15.0,"key":"SMITH"},{"data":"Feed","floor":23.0,"key":"SMITH"},{"data":"Clothesline","floor":25.0,"key":"SMITH"},{"floor":27.0,"key":"REST"},{"floor":32.0,"key":"REST"},{"data":"Offering","floor":41.0,"key":"SMITH"},{"floor":46.0,"key":"REST"},{"floor":49,"key":"REST"}],"neow_cost":"NONE","seed_source_timestamp":13390440510245,"circlet_count":0,"master_deck":["Strike_R","Strike_R","Strike_R","Defend_R","Defend_R","Defend_R","Defend_R","Bash+1","AscendersBane","Headbutt","Rampage","Havoc+1","Twin Strike","Whirlwind+1","Clothesline+1","Clothesline+1","Feed+1","Shrug It Off","Anger+1","Battle Trance","Shrug It Off","Offering+1","Shrug It Off+1","True Grit","Feel No Pain+1","Shrug It Off","Metallicize","Intimidate+1"],"special_seed":0,"relics":["Black Blood","Mercury Hourglass","Magic Flower","StoneCalendar","Mark of Pain","Incense Burner","Orichalcum","Gremlin Horn","Peace Pipe","Bottled Lightning","Happy Flower","Vajra","Potion Belt"],"potions_floor_usage":[50,50],"damage_taken":[{"damage":11.0,"enemies":"Jaw Worm","floor":1.0,"turns":7.0},{"damage":2.0,"enemies":"Cultist","floor":2.0,"turns":4.0},{"damage":1.0,"enemies":"Small Slimes","floor":4.0,"turns":3.0},{"damage":21.0,"enemies":"3 Louse","floor":5.0,"turns":4.0},{"damage":26.0,"enemies":"Lagavulin","floor":6.0,"turns":6.0},{"damage":30.0,"enemies":"3 Sentries","floor":10.0,"turns":5.0},{"damage":9.0,"enemies":"2 Fungi Beasts","floor":13.0,"turns":2.0},{"damage":0.0,"enemies":"Large Slime","floor":14.0,"turns":3.0},{"damage":21.0,"enemies":"Hexaghost","floor":16.0,"turns":8.0},{"damage":30.0,"enemies":"Spheric Guardian","floor":18.0,"turns":4.0},{"damage":3.0,"enemies":"3 Byrds","floor":20.0,"turns":4.0},{"damage":46.0,"enemies":"Cultist and Chosen","floor":21.0,"turns":7.0},{"damage":14.0,"enemies":"Snecko","floor":24.0,"turns":4.0},{"damage":23.0,"enemies":"Book of Stabbing","floor":28.0,"turns":6.0},{"damage":17.0,"enemies":"Shelled Parasite and Fungi","floor":30.0,"turns":4.0},{"damage":28.0,"enemies":"Cultist and Chosen","floor":31.0,"turns":5.0},{"damage":46.0,"enemies":"Champ","floor":33.0,"turns":11.0},{"damage":1.0,"enemies":"3 Darklings","floor":35.0,"turns":2.0},{"damage":6.0,"enemies":"Orb Walker","floor":36.0,"turns":2.0},{"damage":40.0,"enemies":"Transient","floor":37.0,"turns":6.0},{"damage":27.0,"enemies":"Reptomancer","floor":38.0,"turns":7.0},{"damage":18.0,"enemies":"3 Darklings","floor":39.0,"turns":3.0},{"damage":44.0,"enemies":"2 Orb Walkers","floor":40.0,"turns":5.0},{"damage":18.0,"enemies":"Sphere and 2 Shapes","floor":42.0,"turns":5.0},{"damage":19.0,"enemies":"Maw","floor":44.0,"turns":8.0},{"damage":41.0,"enemies":"Nemesis","floor":47.0,"turns":7.0},{"damage":6,"enemies":"Reptomancer","floor":48,"turns":6},{"damage":57,"enemies":"Awakened One","floor":50,"turns":16}],"seed_played":"942303647111190270","potions_obtained":[{"floor":1.0,"key":"Dexterity Potion"},{"floor":13.0,"key":"Block Potion"},{"floor":14.0,"key":"Ancient Potion"},{"floor":16.0,"key":"Dexterity Potion"},{"floor":18.0,"key":"Regen Potion"},{"floor":21.0,"key":"EssenceOfSteel"},{"floor":30.0,"key":"Strength Potion"},{"floor":36.0,"key":"SteroidPotion"},{"floor":42.0,"key":"Explosive Potion"},{"floor":44.0,"key":"BloodPotion"},{"floor":47.0,"key":"Weak Potion"}],"is_trial":false,"path_per_floor":["M","M","?","M","M","E","?","R","T","E","?","R","M","M","R","B",null,"M","$","M","M","T","R","M","R","T","R","E","?","M","M","R","B",null,"M","M","M","M","M","E","R","M","T","M","$","R","E","M","R","B"],"character_chosen":"IRONCLAD","items_purchased":["Incense Burner","Vajra","LiquidBronze"],"campfire_rested":5,"item_purchase_floors":[19,45,45],"current_hp_per_floor":[70,74,74,79,64,44,33,33,33,12,12,36,36,45,45,33,70,49,49,60,47,47,47,48,48,48,74,66,66,64,45,74,37,82,96,101,76,70,67,44,44,47,47,43,43,76,67,82,117,75],"gold":87,"neow_bonus":"TEN_PERCENT_HP_BONUS","is_prod":false,"is_daily":false,"chose_seed":false,"campfire_upgraded":5,"win_rate":0,"timestamp":1537496043,"path_taken":["M","M","?","M","?","E","?","R","T","E","?","R","M","M","R","BOSS","M","$","?","M","?","R","M","R","T","R","E","?","M","M","R","BOSS","M","?","?","M","?","E","R","M","T","M","$","R","E","M","R","BOSS"],"build_version":"2018-09-06","purchased_purges":1,"victory":true,"max_hp_per_floor":[82,82,82,82,82,82,82,82,82,82,82,82,82,82,82,82,82,82,82,85,85,85,85,89,89,89,89,93,93,97,97,97,97,97,97,101,101,105,105,109,109,113,113,113,113,113,113,117,117,117],"card_choices":[{"not_picked":["Rupture","Shrug It Off"],"picked":"Headbutt","floor":1.0},{"not_picked":["Flex","Body Slam"],"picked":"Rampage","floor":2.0},{"not_picked":["Combust","Warcry"],"picked":"Havoc","floor":4.0},{"not_picked":["Rupture","Flex"],"picked":"Twin Strike","floor":5.0},{"not_picked":["True Grit","Armaments"],"picked":"Whirlwind","floor":6.0},{"not_picked":["Fire Breathing","Heavy Blade","Dual Wield"],"picked":"SKIP","floor":10.0},{"not_picked":["Blood for Blood","Intimidate"],"picked":"Clothesline","floor":13.0},{"not_picked":["Havoc","Twin Strike"],"picked":"Clothesline","floor":14.0},{"not_picked":["Limit Break","Juggernaut"],"picked":"Feed","floor":16.0},{"not_picked":["Sentinel","Combust","Heavy Blade"],"picked":"SKIP","floor":18.0},{"not_picked":["Pommel Strike","Clothesline"],"picked":"Shrug It Off","floor":20.0},{"not_picked":["Entrench","True Grit"],"picked":"Anger+1","floor":21.0},{"not_picked":["Rampage","Fire Breathing"],"picked":"Battle Trance","floor":24.0},{"not_picked":["Sword Boomerang","Havoc"],"picked":"Shrug It Off","floor":28.0},{"not_picked":["Whirlwind","Anger","Intimidate"],"picked":"SKIP","floor":30.0},{"not_picked":["Twin Strike","Warcry","Anger"],"picked":"SKIP","floor":31.0},{"not_picked":["Feed","Exhume"],"picked":"Offering","floor":33.0},{"not_picked":["Carnage","Thunderclap","Clothesline"],"picked":"SKIP","floor":35.0},{"not_picked":["Rage","Havoc"],"picked":"Shrug It Off+1","floor":36.0},{"not_picked":["Pummel","Heavy Blade+1"],"picked":"True Grit","floor":37.0},{"not_picked":["Flex","Clothesline","Feed"],"picked":"SKIP","floor":38.0},{"not_picked":["Heavy Blade","Flex+1","Clash"],"picked":"SKIP","floor":39.0},{"not_picked":["Searing Blow+1","Iron Wave"],"picked":"Feel No Pain+1","floor":40.0},{"not_picked":["Sever Soul","Searing Blow"],"picked":"Shrug It Off","floor":42.0},{"not_picked":["Cleave","Entrench+1"],"picked":"Metallicize","floor":44.0},{"not_picked":["Clothesline","Cleave"],"picked":"Intimidate+1","floor":47.0},{"not_picked":["Perfected Strike+1","Seeing Red+1","Intimidate"],"picked":"SKIP","floor":48}],"player_experience":634608,"relics_obtained":[{"floor":6.0,"key":"Mercury Hourglass"},{"floor":9.0,"key":"Magic Flower"},{"floor":10.0,"key":"StoneCalendar"},{"floor":22.0,"key":"Orichalcum"},{"floor":26.0,"key":"Gremlin Horn"},{"floor":28.0,"key":"Peace Pipe"},{"floor":40.0,"key":"Bottled Lightning"},{"floor":43.0,"key":"Happy Flower"},{"floor":47.0,"key":"Potion Belt"}],"event_choices":[{"event_name":"Upgrade Shrine","player_choice":"Upgraded","floor":3.0,"damage_taken":0.0},{"event_name":"World of Goop","player_choice":"Gather Gold","floor":7.0,"damage_taken":0.0},{"event_name":"Living Wall","player_choice":"Grow","floor":11.0,"damage_taken":0.0},{"event_name":"Beggar","player_choice":"Gave Gold","floor":29.0,"damage_taken":0.0}],"is_beta":false,"boss_relics":[{"not_picked":["Tiny House","Runic Pyramid"],"picked":"Mark of Pain"},{"not_picked":["Busted Crown","Runic Dome"],"picked":"Black Blood"}],"items_purged_floors":[45],"is_endless":false,"potions_floor_spawned":[1,13,14,16,18,21,24,30,36,42,44,47],"ascension_level":17}