{"gold_per_floor":[363,54,129,148,248,281,281,293,293,293,311,343,52,70,70,174,174,184,107,67,80,94,123,123,134,210,222,240,265,265,280,280,377,377,391,406,73,73,73,73,100,100,154,180,180,205,224,237,237,237],"floor_reached":51,"playtime":4125,"items_purged":["Strike_R","Strike_R","Strike_R"],"score":1048,"play_id":"9251ebb4-005f-4565-a47c-9b73a2d08eee","local_time":"20180731222242","is_ascension_mode":true,"campfire_choices":[{"data":"Bash","floor":7,"key":"SMITH"},{"data":"Flame Barrier","floor":10,"key":"SMITH"},{"data":"Flame Barrier","floor":15,"key":"SMITH"},{"floor":24,"key":"REST"},{"data":"Whirlwind","floor":30,"key":"SMITH"},{"floor":32,"key":"REST"},{"data":"Demon Form","floor":40,"key":"SMITH"},{"data":"Armaments","floor":45,"key":"SMITH"},{"floor":49,"key":"REST"}],"neow_cost":"TEN_PERCENT_HP_LOSS","seed_source_timestamp":725444158185273,"circlet_count":0,"master_deck":["Strike_R","Strike_R","Defend_R","Defend_R","Defend_R","Defend_R","Bash+1","Rampage","Burning Pact","Flame Barrier+1","Battle Trance","Shrug It Off","Anger","Whirlwind+1","Carnage","Flame Barrier+1","Demon Form+1","Armaments+1","J.A.X.","Clothesline","Armaments+1","Clothesline+1","Battle Trance","Offering","Ghostly Armor+1","Flame Barrier","Dark Shackles","Master of Strategy","Master of Strategy","Warcry+1"],"relics":["Burning Blood","Vajra","Boot","Singing Bowl","Regal Pillow","Orichalcum","Velvet Choker","Oddly Smooth Stone","Smiling Mask","Blood Vial","Snecko Eye","Kunai","Blue Candle","Red Skull","Tiny Chest","Turnip","Pen Nib"],"potions_floor_usage":[12,12,16,16,23,23,23,28,33,41,50],"damage_taken":[{"damage":2,"enemies":"Jaw Worm","floor":1,"turns":3},{"damage":0,"enemies":"Cultist","floor":4,"turns":2},{"damage":30,"enemies":"3 Sentries","floor":6,"turns":10},{"damage":7,"enemies":"Small Slimes","floor":8,"turns":4},{"damage":6,"enemies":"Exordium Wildlife","floor":11,"turns":6},{"damage":24,"enemies":"Gremlin Nob","floor":12,"turns":4},{"damage":1,"enemies":"Red Slaver","floor":14,"turns":3},{"damage":15,"enemies":"The Guardian","floor":16,"turns":11},{"damage":13,"enemies":"Spheric Guardian","floor":18,"turns":4},{"damage":19,"enemies":"Shell Parasite","floor":21,"turns":3},{"damage":13,"enemies":"Centurion and Healer","floor":22,"turns":6},{"damage":35,"enemies":"Book of Stabbing","floor":23,"turns":5},{"damage":14,"enemies":"Cultist and Chosen","floor":25,"turns":7},{"damage":1,"enemies":"3 Cultists","floor":27,"turns":5},{"damage":8,"enemies":"Centurion and Healer","floor":28,"turns":5},{"damage":17,"enemies":"Slavers","floor":29,"turns":6},{"damage":0,"enemies":"Snecko","floor":31,"turns":6},{"damage":74,"enemies":"Champ","floor":33,"turns":9},{"damage":0,"enemies":"3 Shapes","floor":35,"turns":4},{"damage":0,"enemies":"3 Darklings","floor":36,"turns":5},{"damage":16,"enemies":"Giant Head","floor":41,"turns":7},{"damage":3,"enemies":"Nemesis","floor":44,"turns":5},{"damage":61,"enemies":"2 Orb Walkers","floor":46,"turns":5},{"damage":0,"enemies":"Maw","floor":47,"turns":6},{"damage":5,"enemies":"Flame Bruiser 2 Orb","floor":48,"turns":4},{"damage":5,"enemies":"Time Eater","floor":50,"turns":11}],"seed_played":"2219178454745849850","potions_obtained":[{"floor":1,"key":"LiquidBronze"},{"floor":4,"key":"BloodPotion"},{"floor":11,"key":"Strength Potion"},{"floor":12,"key":"Regen Potion"},{"floor":20,"key":"LiquidBronze"},{"floor":20,"key":"Poison Potion"},{"floor":20,"key":"AttackPotion"},{"floor":25,"key":"Explosive Potion"},{"floor":27,"key":"SteroidPotion"},{"floor":31,"key":"Block Potion"},{"floor":33,"key":"Ancient Potion"},{"floor":36,"key":"GamblersBrew"},{"floor":46,"key":"Block Potion"},{"floor":48,"key":"FairyPotion"}],"is_trial":false,"path_per_floor":["M","$","?","M","?","E","R","M","T","R","M","E","$","M","R","B",null,"M","?","?","M","M","E","R","M","T","M","M","E","R","M","R","B",null,"M","M","$","?","T","R","E","?","T","E","R","E","M","M","R","B"],"character_chosen":"IRONCLAD","items_purchased":["Vajra","Burning Pact","Orichalcum","Carnage","Kunai","Flame Barrier"],"campfire_rested":3,"item_purchase_floors":[2,2,13,13,37,37],"current_hp_per_floor":[72,72,65,71,71,47,47,46,46,46,46,35,35,40,40,46,66,59,59,59,46,41,14,51,43,43,48,46,35,35,45,78,10,61,71,79,79,69,69,69,63,63,63,68,68,17,27,32,73,76],"gold":237,"neow_bonus":"TWO_FIFTY_GOLD","is_prod":false,"is_daily":false,"chose_seed":false,"campfire_upgraded":6,"win_rate":0,"timestamp":1533100962,"path_taken":["M","$","?","M","?","E","R","M","T","R","M","E","$","M","R","BOSS","M","?","?","M","M","E","R","M","T","M","M","E","R","M","R","BOSS","M","M","$","?","?","R","E","?","T","E","R","E","M","M","R","BOSS"],"build_version":"2018-07-26","purchased_purges":3,"victory":true,"max_hp_per_floor":[72,72,72,72,72,72,72,72,72,72,72,72,72,72,72,72,72,72,72,72,72,74,76,76,76,76,76,76,76,76,78,78,78,78,80,80,80,80,80,80,82,82,82,82,82,84,86,88,88,88],"card_choices":[{"not_picked":["Flex","Sword Boomerang"],"picked":"Rampage","floor":1},{"not_picked":["Warcry","Shrug It Off"],"picked":"Flame Barrier","floor":4},{"not_picked":["Perfected Strike","Fire Breathing"],"picked":"Battle Trance","floor":6},{"not_picked":["Headbutt","Iron Wave"],"picked":"Shrug It Off","floor":8},{"not_picked":["Heavy Blade","Dual Wield"],"picked":"Anger","floor":11},{"not_picked":["Clothesline","Dropkick"],"picked":"Whirlwind","floor":12},{"not_picked":["Clash","Second Wind"],"picked":"Flame Barrier","floor":14},{"not_picked":["Fiend Fire","Feed"],"picked":"Demon Form","floor":16},{"not_picked":["Body Slam","Cleave"],"picked":"Armaments","floor":18},{"not_picked":["Clash","Headbutt+1"],"picked":"Clothesline","floor":21},{"not_picked":["Fire Breathing","Perfected Strike","Bloodletting"],"picked":"Singing Bowl","floor":22},{"not_picked":["Hemokinesis+1","Second Wind","Rage"],"picked":"Singing Bowl","floor":23},{"not_picked":["Clash+1","Anger+1"],"picked":"Armaments+1","floor":25},{"not_picked":["Spot Weakness","Heavy Blade"],"picked":"Body Slam+1","floor":27},{"not_picked":["Pommel Strike","Carnage"],"picked":"Clothesline+1","floor":28},{"not_picked":["Exhume","Anger"],"picked":"Battle Trance","floor":29},{"not_picked":["Entrench+1","Anger","Bloodletting"],"picked":"Singing Bowl","floor":31},{"not_picked":["Exhume","Immolate"],"picked":"Offering","floor":33},{"not_picked":["Armaments+1","Heavy Blade+1","Power Through"],"picked":"Singing Bowl","floor":35},{"not_picked":["Cleave","Perfected Strike+1"],"picked":"Ghostly Armor+1","floor":36},{"not_picked":["Deep Breath","Sadistic Nature"],"picked":"Dark Shackles","floor":38},{"not_picked":["Secret Weapon","Blind"],"picked":"Master of Strategy","floor":38},{"not_picked":["Blind","Secret Weapon"],"picked":"Master of Strategy","floor":38},{"not_picked":["Hemokinesis+1","Dropkick","Rampage+1"],"picked":"Singing Bowl","floor":41},{"not_picked":["Reckless Charge+1","Searing Blow+1"],"picked":"Warcry+1","floor":44},{"not_picked":["Rage","Burning Pact+1","Cleave+1"],"picked":"Singing Bowl","floor":46},{"not_picked":["Cleave","Burning Pact","Flex"],"picked":"Singing Bowl","floor":47},{"not_picked":["Pommel Strike","Havoc+1","Thunderclap+1"],"picked":"Singing Bowl","floor":48}],"player_experience":260496,"relics_obtained":[{"floor":6,"key":"Boot"},{"floor":9,"key":"Singing Bowl"},{"floor":12,"key":"Regal Pillow"},{"floor":23,"key":"Oddly Smooth Stone"},{"floor":26,"key":"Smiling Mask"},{"floor":29,"key":"Blood Vial"},{"floor":39,"key":"Blue Candle"},{"floor":41,"key":"Red Skull"},{"floor":43,"key":"Tiny Chest"},{"floor":44,"key":"Turnip"},{"floor":46,"key":"Pen Nib"}],"event_choices":[{"event_name":"FaceTrader","player_choice":"Touch","floor":3,"damage_taken":0},{"event_name":"Golden Shrine","player_choice":"Pray","floor":5,"damage_taken":0},{"event_name":"Drug Dealer","player_choice":"Got JAXXED","floor":19,"damage_taken":0},{"event_name":"The Woman in Blue","player_choice":"Bought 3 Potions","floor":20,"damage_taken":0},{"event_name":"SensoryStone","player_choice":"Memory 3","floor":38,"damage_taken":0},{"event_name":"Falling","player_choice":"Removed Attack","floor":42,"damage_taken":0}],"is_beta":false,"boss_relics":[{"not_picked":["Lizard Tail","Fusion Hammer"],"picked":"Velvet Choker"},{"not_picked":["Black Blood","Pandora\u0027s Box"],"picked":"Snecko Eye"}],"items_purged_floors":[2,13,37],"is_endless":false,"potions_floor_spawned":[1,4,11,12,25,27,31,33,36,46,48],"ascension_level":6}