{"gold_per_floor":[119,119,139,159,174,213,213,257,281,281,281,300,374,390,390,521,521,544,544,557,575,575,609,609,12,62,62,87,27,27,58,58,182,182,200,200,214,214,235,235,269,284,308,43,43,64,64,99,99,99],"floor_reached":51,"playtime":4348,"items_purged":["Parasite","Writhe"],"score":1120,"play_id":"4174688b-68bf-463e-845a-58ad353f02a5","local_time":"20180808185537","is_ascension_mode":true,"campfire_choices":[{"data":"Uppercut","floor":7,"key":"SMITH"},{"data":"Bash","floor":11,"key":"SMITH"},{"data":"Cleave","floor":15,"key":"SMITH"},{"data":"Fiend Fire","floor":24,"key":"SMITH"},{"data":"Clothesline","floor":27,"key":"SMITH"},{"data":"Flame Barrier","floor":30,"key":"SMITH"},{"data":"Iron Wave","floor":32,"key":"SMITH"},{"data":"Metallicize","floor":40,"key":"SMITH"},{"data":"Flame Barrier","floor":45,"key":"SMITH"},{"data":"Uppercut","floor":47,"key":"SMITH"},{"floor":49,"key":"REST"}],"neow_cost":"NONE","seed_source_timestamp":1404004961864646,"circlet_count":0,"master_deck":["Strike_R","Strike_R","Strike_R","Strike_R","Defend_R","Defend_R","Defend_R+1","Bash+1","AscendersBane","Wild Strike","Cleave+1","Headbutt","Uppercut+1","Iron Wave+1","Reaper","Sever Soul","Headbutt","Clothesline+1","Fiend Fire+1","Iron Wave+1","Anger","Pommel Strike+1","Metallicize+1","Feed","Flame Barrier+1","Clothesline+1","Barricade","Body Slam+1","Flame Barrier+1","Uppercut+1","Uppercut+1"],"relics":["Burning Blood","Golden Idol","Paper Frog","Lantern","Juzu Bracelet","War Paint","Snecko Eye","Mummified Hand","Membership Card","Kunai","Ornamental Fan","Potion Belt","Letter Opener","Cursed Key","Pantograph","Red Skull","Gremlin Horn"],"potions_floor_usage":[6,16,16,16,23,28,33,33,46],"damage_taken":[{"damage":2,"enemies":"2 Louse","floor":1,"turns":5},{"damage":4,"enemies":"Jaw Worm","floor":3,"turns":3},{"damage":1,"enemies":"Cultist","floor":4,"turns":3},{"damage":17,"enemies":"Red Slaver","floor":5,"turns":4},{"damage":26,"enemies":"3 Sentries","floor":6,"turns":6},{"damage":36,"enemies":"Lagavulin","floor":8,"turns":6},{"damage":10,"enemies":"2 Fungi Beasts","floor":12,"turns":3},{"damage":6,"enemies":"Gremlin Nob","floor":13,"turns":3},{"damage":3,"enemies":"Looter","floor":14,"turns":4},{"damage":25,"enemies":"Slime Boss","floor":16,"turns":9},{"damage":16,"enemies":"Spheric Guardian","floor":18,"turns":4},{"damage":25,"enemies":"2 Thieves","floor":20,"turns":3},{"damage":6,"enemies":"Snake Plant","floor":21,"turns":2},{"damage":21,"enemies":"Slavers","floor":23,"turns":4},{"damage":11,"enemies":"Cultist and Chosen","floor":28,"turns":5},{"damage":2,"enemies":"Book of Stabbing","floor":31,"turns":4},{"damage":72,"enemies":"Collector","floor":33,"turns":15},{"damage":33,"enemies":"3 Shapes","floor":35,"turns":6},{"damage":0,"enemies":"Flame Bruiser 1 Orb","floor":37,"turns":4},{"damage":0,"enemies":"Transient","floor":39,"turns":5},{"damage":6,"enemies":"2 Orb Walkers","floor":41,"turns":4},{"damage":20,"enemies":"4 Shapes","floor":42,"turns":5},{"damage":0,"enemies":"Maw","floor":46,"turns":5},{"damage":24,"enemies":"Nemesis","floor":48,"turns":9},{"damage":19,"enemies":"Awakened One","floor":50,"turns":11}],"seed_played":"8870085905205692416","potions_obtained":[{"floor":5,"key":"LiquidBronze"},{"floor":12,"key":"Strength Potion"},{"floor":13,"key":"Strength Potion"},{"floor":14,"key":"BloodPotion"},{"floor":16,"key":"Swift Potion"},{"floor":18,"key":"FearPotion"},{"floor":23,"key":"Regen Potion"},{"floor":28,"key":"LiquidBronze"},{"floor":37,"key":"Weak Potion"},{"floor":39,"key":"Energy Potion"},{"floor":42,"key":"AttackPotion"}],"is_trial":false,"path_per_floor":["M","?","M","M","M","E","R","E","T","?","R","M","?","M","R","B",null,"M","?","M","M","?","E","R","$","T","R","M","$","R","E","R","B",null,"M","?","M","$","M","R","E","M","T","$","R","M","R","E","R","B"],"character_chosen":"IRONCLAD","items_purchased":["Membership Card","Kunai","Ornamental Fan","Flame Barrier","Uppercut","Regen Potion"],"campfire_rested":1,"item_purchase_floors":[25,25,25,44,44,44],"current_hp_per_floor":[84,62,64,69,58,38,38,8,8,30,30,33,33,36,36,41,76,70,70,51,51,51,36,36,36,36,36,59,59,59,63,63,15,70,43,43,60,60,73,73,73,62,62,62,62,71,71,60,90,94],"gold":99,"neow_bonus":"TEN_PERCENT_HP_BONUS","is_prod":false,"is_daily":false,"chose_seed":false,"campfire_upgraded":10,"win_rate":0,"timestamp":1533779737,"path_taken":["M","?","?","M","M","E","R","E","T","?","R","M","?","M","R","BOSS","M","?","M","M","?","E","R","$","T","R","M","?","R","E","R","BOSS","M","?","M","$","M","R","E","M","T","$","R","M","R","E","R","BOSS"],"build_version":"2018-08-02","purchased_purges":2,"victory":true,"max_hp_per_floor":[88,88,88,88,88,88,88,88,88,88,88,88,88,88,88,88,88,88,88,88,88,88,88,88,88,88,88,91,88,88,88,88,88,88,88,88,91,91,91,91,91,94,94,94,94,97,97,100,100,100],"card_choices":[{"not_picked":["Heavy Blade","Armaments"],"picked":"Wild Strike","floor":1},{"not_picked":["Havoc","Anger"],"picked":"Cleave","floor":3},{"not_picked":["Infernal Blade","Body Slam"],"picked":"Headbutt","floor":4},{"not_picked":["Clothesline","Sword Boomerang"],"picked":"Uppercut","floor":5},{"not_picked":["Burning Pact","Perfected Strike"],"picked":"Iron Wave","floor":6},{"not_picked":["Infernal Blade","Dual Wield"],"picked":"Reaper","floor":8},{"not_picked":["Iron Wave","Heavy Blade"],"picked":"Sever Soul","floor":12},{"not_picked":["Thunderclap","Sword Boomerang"],"picked":"Headbutt","floor":13},{"not_picked":["Sword Boomerang","Body Slam"],"picked":"Clothesline","floor":14},{"not_picked":["Berserk","Juggernaut"],"picked":"Fiend Fire","floor":16},{"not_picked":["Havoc","Battle Trance"],"picked":"Iron Wave+1","floor":18},{"not_picked":["Clash+1","Clothesline"],"picked":"Pommel Strike+1","floor":20},{"not_picked":["Inflame","Clash"],"picked":"Metallicize","floor":21},{"not_picked":["Clash+1","Blood for Blood+1"],"picked":"Feed","floor":23},{"not_picked":["Rampage+1","Pommel Strike"],"picked":"Flame Barrier","floor":28},{"not_picked":["Fire Breathing","Pommel Strike"],"picked":"Clothesline+1","floor":31},{"not_picked":["Immolate","Impervious"],"picked":"Barricade","floor":33},{"not_picked":["Blood for Blood","Armaments","Reckless Charge+1"],"picked":"SKIP","floor":35},{"not_picked":["Second Wind+1","Flex","Cleave"],"picked":"SKIP","floor":37},{"not_picked":["Warcry+1","Pommel Strike"],"picked":"Body Slam+1","floor":39},{"not_picked":["Pommel Strike","Wild Strike+1","Seeing Red"],"picked":"SKIP","floor":41},{"not_picked":["Blood for Blood+1","Clash","Brutality"],"picked":"SKIP","floor":42},{"not_picked":["Wild Strike","Combust+1"],"picked":"Uppercut+1","floor":46},{"not_picked":["Feed","Fire Breathing","Infernal Blade"],"picked":"SKIP","floor":48}],"player_experience":371195,"relics_obtained":[{"floor":6,"key":"Paper Frog"},{"floor":8,"key":"Lantern"},{"floor":9,"key":"Juzu Bracelet"},{"floor":13,"key":"War Paint"},{"floor":23,"key":"Mummified Hand"},{"floor":26,"key":"Potion Belt"},{"floor":31,"key":"Letter Opener"},{"floor":41,"key":"Pantograph"},{"floor":43,"key":"Red Skull"},{"floor":48,"key":"Gremlin Horn"}],"event_choices":[{"event_name":"Golden Idol","player_choice":"Take Damage","floor":2,"damage_taken":0},{"event_name":"Mushrooms","player_choice":"Healed and dodged fight","floor":10,"damage_taken":0},{"event_name":"Dead Adventurer","player_choice":"Searched \u00272\u0027 times","floor":13,"damage_taken":0},{"event_name":"Transmorgrifier","player_choice":"Transform","floor":19,"damage_taken":0},{"event_name":"Drug Dealer","player_choice":"Ignored","floor":22,"damage_taken":0},{"event_name":"Falling","player_choice":"Removed Skill","floor":36,"damage_taken":0}],"is_beta":false,"boss_relics":[{"not_picked":["Runic Cube","Calling Bell"],"picked":"Snecko Eye"},{"not_picked":["Astrolabe","Busted Crown"],"picked":"Cursed Key"}],"items_purged_floors":[29,44],"is_endless":false,"potions_floor_spawned":[5,12,13,14,16,18,23,28,37,39,42],"ascension_level":10}