{"gold_per_floor":[114,60,60,60,79,79,120,120,120,140,181,181,181,196,196,325,325,344,382,68,68,68,102,102,118,118,118,118,118,118,132,132,256,256,277,277,292,317,331,331,331,23,47,47,65,83,83,102,102,102],"floor_reached":51,"playtime":3895,"items_purged":["Strike_B","Writhe"],"score":1022,"play_id":"dde56492-de02-4776-8d9f-f62ba44d0d9b","local_time":"20180814171751","is_ascension_mode":true,"campfire_choices":[{"floor":6.0,"key":"REST"},{"data":"Defragment","floor":8.0,"key":"SMITH"},{"data":"Loop","floor":12.0,"key":"SMITH"},{"data":"Creative AI","floor":15.0,"key":"SMITH"},{"floor":24.0,"key":"REST"},{"data":"Strike_B","floor":27.0,"key":"PURGE"},{"floor":30.0,"key":"REST"},{"floor":32.0,"key":"REST"},{"floor":40,"key":"REST"},{"data":"Apotheosis","floor":44,"key":"SMITH"},{"floor":49,"key":"REST"}],"neow_cost":"PERCENT_DAMAGE","seed_source_timestamp":0,"circlet_count":0,"master_deck":["Defend_B","Defend_B","Defend_B","Zap","Dualcast","AscendersBane","Melter+1","Compile Driver","Steam","Defragment+1","Cold Snap","Loop+1","Creative AI+1","Seek+1","Compile Driver","Glacier+1","RitualDagger","Reboot","Zap","Capacitor","Buffer","Coolheaded+1","Madness","Madness","Reinforced Body","Fusion+1","Apotheosis+1","FTL","Glacier"],"special_seed":0,"relics":["Cracked Core","Golden Idol","Pantograph","Mercury Hourglass","Mummified Hand","Pear","Empty Cage","Red Mask","Question Card","Peace Pipe","Art of War","Blue Candle","Philosopher\u0027s Stone","Regal Pillow"],"potions_floor_usage":[50,50],"damage_taken":[{"damage":8.0,"enemies":"2 Louse","floor":1.0,"turns":3.0},{"damage":0.0,"enemies":"Small Slimes","floor":5.0,"turns":2.0},{"damage":15.0,"enemies":"3 Sentries","floor":7.0,"turns":7.0},{"damage":7.0,"enemies":"Jaw Worm","floor":10.0,"turns":3.0},{"damage":4.0,"enemies":"Gremlin Nob","floor":11.0,"turns":3.0},{"damage":1.0,"enemies":"Exordium Wildlife","floor":14.0,"turns":3.0},{"damage":42.0,"enemies":"Hexaghost","floor":16.0,"turns":8.0},{"damage":29.0,"enemies":"2 Thieves","floor":18.0,"turns":4.0},{"damage":16.0,"floor":19.0,"turns":3.0},{"damage":25.0,"enemies":"Gremlin Leader","floor":23.0,"turns":7.0},{"damage":0.0,"enemies":"Spheric Guardian","floor":25.0,"turns":1.0},{"damage":12.0,"enemies":"Centurion and Healer","floor":31.0,"turns":6.0},{"damage":43.0,"enemies":"Collector","floor":33.0,"turns":8.0},{"damage":0,"enemies":"Orb Walker","floor":35,"turns":4},{"damage":0,"enemies":"3 Shapes","floor":37,"turns":5},{"damage":28,"enemies":"Sphere and 2 Shapes","floor":38,"turns":6},{"damage":18,"enemies":"4 Shapes","floor":39,"turns":5},{"damage":0,"enemies":"Flame Bruiser 2 Orb","floor":45,"turns":6},{"damage":13,"enemies":"Spire Growth","floor":46,"turns":5},{"damage":1,"enemies":"3 Darklings","floor":48,"turns":5},{"damage":46,"enemies":"Awakened One","floor":50,"turns":22}],"seed_played":"7003312847491234586","potions_obtained":[{"floor":1.0,"key":"PowerPotion"},{"floor":5.0,"key":"SteroidPotion"},{"floor":10.0,"key":"Poison Potion"},{"floor":23.0,"key":"Strength Potion"},{"floor":25.0,"key":"FearPotion"},{"floor":31.0,"key":"LiquidBronze"},{"floor":33.0,"key":"Weak Potion"}],"is_trial":false,"path_per_floor":["M","$","?","?","M","R","E","R","T","M","E","R","T","M","R","B",null,"M","?","$","?","?","E","R","M","T","R","?","?","R","M","R","B",null,"M","?","M","M","M","R","?","$","T","R","M","M","?","M","R","B"],"character_chosen":"DEFECT","items_purchased":["Compile Driver","Question Card","Apotheosis"],"campfire_rested":6,"item_purchase_floors":[2,20,42],"current_hp_per_floor":[50,50,50,50,50,74,59,59,59,52,48,48,58,57,57,40,79,50,34,34,34,28,3,30,30,30,30,30,30,57,45,72,49,81,81,69,69,41,23,50,50,50,50,50,50,37,37,36,78,46],"gold":102,"neow_bonus":"TWENTY_PERCENT_HP_BONUS","is_prod":false,"is_daily":false,"chose_seed":false,"campfire_upgraded":4,"win_rate":0,"timestamp":1534292271,"path_taken":["M","$","?","?","M","R","E","R","T","M","E","R","?","M","R","BOSS","M","?","$","?","?","E","R","?","T","R","?","?","R","M","R","BOSS","M","?","M","M","M","R","?","$","T","R","M","M","?","M","R","BOSS"],"build_version":"2018-08-09","purchased_purges":2,"victory":true,"max_hp_per_floor":[89,89,89,82,82,82,82,82,82,82,82,82,92,92,92,92,92,92,92,92,92,92,92,92,92,92,92,92,92,92,92,92,92,92,92,92,92,92,92,92,92,92,92,92,92,92,92,92,92,92],"card_choices":[{"not_picked":["Streamline","Stack"],"picked":"Melter","floor":1.0},{"not_picked":["Recycle","Stack"],"picked":"Steam","floor":5.0},{"not_picked":["Stack","Conserve Battery"],"picked":"Defragment","floor":7.0},{"not_picked":["Rebound","Coolheaded"],"picked":"Cold Snap","floor":10.0},{"not_picked":["Beam Cell","Heatsinks"],"picked":"Loop","floor":11.0},{"not_picked":["Rebound","Cold Snap"],"picked":"Creative AI","floor":14.0},{"not_picked":["Echo Form","Machine Learning"],"picked":"Seek","floor":16.0},{"not_picked":["Conserve Battery","Ball Lightning"],"picked":"Compile Driver","floor":18.0},{"not_picked":["Compile Driver","Redo"],"picked":"Glacier+1","floor":19.0},{"not_picked":["Redo+1","Storm+1","Sweeping Beam"],"picked":"Amplify","floor":23.0},{"not_picked":["Recycle","Ball Lightning+1","Turbo","Redo"],"picked":"SKIP","floor":25.0},{"not_picked":["Turbo","Streamline+1","Steam+1"],"picked":"Capacitor","floor":31.0},{"not_picked":["Thunder Strike","Core Surge","Multi-Cast"],"picked":"Buffer","floor":33.0},{"not_picked":["Sweeping Beam","Turbo","Conserve Battery+1"],"picked":"Coolheaded+1","floor":35},{"not_picked":["Redo+1","Go for the Eyes+1","Fusion"],"picked":"Reinforced Body","floor":37},{"not_picked":["Compile Driver","Coolheaded","Scrape","Redo"],"picked":"SKIP","floor":38},{"not_picked":["Skim","White Noise","All For One"],"picked":"Fusion+1","floor":39},{"not_picked":["Static Discharge","Steam Power","Sweeping Beam"],"picked":"FTL","floor":45},{"not_picked":["Doom and Gloom+1","Genetic Algorithm+1","Streamline","Go for the Eyes"],"picked":"SKIP","floor":46},{"not_picked":["Steam","Streamline","Scrape"],"picked":"Glacier","floor":48}],"player_experience":448804,"relics_obtained":[{"floor":7.0,"key":"Pantograph"},{"floor":9.0,"key":"Mercury Hourglass"},{"floor":11.0,"key":"Mummified Hand"},{"floor":13.0,"key":"Pear"},{"floor":19.0,"key":"Red Mask"},{"floor":23.0,"key":"Peace Pipe"},{"floor":26.0,"key":"Art of War"},{"floor":43,"key":"Regal Pillow"}],"event_choices":[{"event_name":"Living Wall","player_choice":"Grow","floor":3.0,"damage_taken":0.0},{"event_name":"Golden Idol","player_choice":"Lose Max HP","floor":4.0,"damage_taken":0.0},{"event_name":"Masked Bandits","player_choice":"Fought Bandits","floor":19.0,"damage_taken":0.0},{"event_name":"Upgrade Shrine","player_choice":"Upgraded","floor":21.0,"damage_taken":0.0},{"event_name":"Nest","player_choice":"Joined the Cult","floor":22.0,"damage_taken":0.0},{"event_name":"Match and Keep!","player_choice":"2 cards matched","floor":28.0,"damage_taken":0.0},{"event_name":"The Mausoleum","player_choice":"Yes","floor":29.0,"damage_taken":0.0},{"event_name":"Winding Halls","player_choice":"Embrace Madness","floor":36,"damage_taken":0},{"event_name":"Falling","player_choice":"Removed Skill","floor":41,"damage_taken":0},{"event_name":"Purifier","player_choice":"One Purge","floor":47,"damage_taken":0}],"is_beta":false,"boss_relics":[{"not_picked":["Runic Pyramid","Runic Dome"],"picked":"Empty Cage"},{"not_picked":["Tiny House","Orrery"],"picked":"Philosopher\u0027s Stone"}],"items_purged_floors":[20,42],"is_endless":false,"potions_floor_spawned":[1,5,10,23,25,31,33,38,45,46,48],"ascension_level":12}