{"gold_per_floor":[115,115,130,149,163,190,207,223,223,235,266,288,108,119,119,214,214,232,232,2,102,102,102,116,36,36,36],"floor_reached":27,"playtime":1362,"items_purged":["Writhe"],"score":217,"play_id":"4da47299-b62e-425a-bb0d-e6bd3f46ed35","local_time":"20190412190522","is_ascension_mode":false,"campfire_choices":[{"floor":10,"key":"REST"},{"floor":15,"key":"REST"},{"floor":23,"key":"DIG"}],"neow_cost":"NONE","seed_source_timestamp":86143405031500,"circlet_count":0,"master_deck":["Strike_B","Strike_B","Strike_B","Strike_B","Defend_B","Defend_B","Defend_B+1","Zap","Dualcast","Ball Lightning","Ball Lightning","Capacitor","Recycle","Conserve Battery+1","Redo","Defragment","Static Discharge","Electrodynamics","Lockon+1","Ball Lightning","BootSequence","Storm"],"relics":["Cracked Core","Regal Pillow","MawBank","Orichalcum","Ice Cream","War Paint","Shovel","Sundial","Nloth\u0027s Gift","Strawberry","Bag of Marbles"],"potions_floor_usage":[21,27,27],"damage_taken":[{"damage":0,"enemies":"2 Louse","floor":1,"turns":3},{"damage":1,"enemies":"Cultist","floor":3,"turns":3},{"damage":6,"enemies":"Jaw Worm","floor":4,"turns":2},{"damage":10,"enemies":"Looter","floor":5,"turns":3},{"damage":11,"enemies":"Gremlin Nob","floor":6,"turns":3},{"damage":12,"enemies":"Gremlin Gang","floor":7,"turns":3},{"damage":15,"enemies":"Exordium Thugs","floor":8,"turns":4},{"damage":20,"enemies":"Exordium Wildlife","floor":11,"turns":5},{"damage":3,"enemies":"3 Louse","floor":12,"turns":3},{"damage":0,"enemies":"2 Fungi Beasts","floor":14,"turns":2},{"damage":30,"enemies":"The Guardian","floor":16,"turns":7},{"damage":8,"enemies":"Chosen","floor":18,"turns":4},{"damage":14,"enemies":"Colosseum Slavers","floor":21,"turns":2},{"damage":16,"enemies":"Colosseum Nobs","floor":21,"turns":4},{"damage":26,"enemies":"2 Thieves","floor":24,"turns":3},{"damage":26,"enemies":"Slavers","floor":27,"turns":2}],"seed_played":"-818639389481846546","potions_obtained":[{"floor":4,"key":"SkillPotion"},{"floor":6,"key":"Ancient Potion"},{"floor":7,"key":"FearPotion"},{"floor":14,"key":"PowerPotion"},{"floor":24,"key":"SkillPotion"}],"is_trial":false,"path_per_floor":["?","M","M","?","?","?","M","$"],"character_chosen":"DEFECT","items_purchased":["Orichalcum","Defragment","War Paint","Storm"],"campfire_rested":2,"item_purchase_floors":[13,13,20,25],"current_hp_per_floor":[82,82,81,75,65,54,42,27,27,66,46,43,43,43,82,52,82,74,74,74,44,44,51,25,25,25,0],"gold":36,"neow_bonus":"TEN_PERCENT_HP_BONUS","is_prod":false,"is_daily":false,"chose_seed":false,"campfire_upgraded":0,"win_rate":0.0,"timestamp":1555106722,"path_taken":["M","?","M","M","M","E","M","?","T","R","M","M","$","?","R","BOSS","M","?","$","?","?","R","?","?","T","E"],"build_version":"2019-01-23","purchased_purges":1,"victory":false,"max_hp_per_floor":[82,82,82,82,82,82,82,82,82,82,82,82,82,82,82,82,82,82,82,82,82,82,89,89,89,89,89],"card_choices":[{"not_picked":["Stack","Scrape","Fusion"],"picked":"SKIP","floor":1},{"not_picked":["Lockon","Aggregate"],"picked":"Ball Lightning","floor":3},{"not_picked":["Coolheaded","Compile Driver","Sweeping Beam"],"picked":"SKIP","floor":4},{"not_picked":["Capacitor","Steam"],"picked":"Ball Lightning","floor":5},{"not_picked":["Darkness","Self Repair"],"picked":"Capacitor","floor":6},{"not_picked":["Fission","Fusion"],"picked":"Recycle","floor":7},{"not_picked":["Undo","Glacier","Hologram"],"picked":"SKIP","floor":8},{"not_picked":["Skim","Sweeping Beam"],"picked":"Conserve Battery","floor":11},{"not_picked":["Force Field","Turbo"],"picked":"Redo","floor":12},{"not_picked":["Reinforced Body","Hologram"],"picked":"Static Discharge","floor":14},{"not_picked":["Machine Learning","Seek"],"picked":"Electrodynamics","floor":16},{"not_picked":["Gash","Recycle"],"picked":"Lockon+1","floor":18},{"not_picked":["Conserve Battery","Streamline"],"picked":"Ball Lightning","floor":21},{"not_picked":["Go for the Eyes","Sweeping Beam"],"picked":"BootSequence","floor":24}],"player_experience":24394,"relics_obtained":[{"floor":6,"key":"Regal Pillow"},{"floor":9,"key":"MawBank"},{"floor":21,"key":"Shovel"},{"floor":21,"key":"Sundial"},{"floor":23,"key":"Strawberry"},{"floor":26,"key":"Bag of Marbles"}],"event_choices":[{"cards_removed":["Defend_B"],"damage_healed":0,"gold_gain":0,"player_choice":"Offered Basic","damage_taken":0,"max_hp_gain":0,"max_hp_loss":0,"event_name":"Bonfire Elementals","floor":2,"gold_loss":0},{"damage_healed":0,"gold_gain":0,"player_choice":"Opened","damage_taken":0,"relics_obtained":["Ice Cream"],"max_hp_gain":0,"max_hp_loss":0,"event_name":"The Mausoleum","floor":19,"gold_loss":0,"cards_obtained":["Writhe"]},{"damage_healed":0,"gold_gain":0,"player_choice":"Fight","damage_taken":0,"max_hp_gain":0,"max_hp_loss":0,"event_name":"Colosseum","floor":21,"gold_loss":0},{"damage_healed":0,"gold_gain":0,"player_choice":"Fought Nobs","damage_taken":0,"max_hp_gain":0,"max_hp_loss":0,"event_name":"Colosseum","floor":21,"gold_loss":0},{"damage_healed":0,"gold_gain":0,"player_choice":"Traded Relic","damage_taken":0,"relics_obtained":["Nloth\u0027s Gift"],"max_hp_gain":0,"max_hp_loss":0,"event_name":"N\u0027loth","floor":22,"relics_lost":["Cursed Key"],"gold_loss":0}],"is_beta":false,"boss_relics":[{"not_picked":["Eternal Feather","Snecko Eye"],"picked":"Cursed Key"}],"items_purged_floors":[20],"is_endless":false,"potions_floor_spawned":[4,6,7,11,14,24],"killed_by":"Slavers","ascension_level":0}