{"gold_per_floor":[113,113,132,150,160,160,160,189,213,232,232,266,266,291,291,291],"floor_reached":16,"playtime":1048,"items_purged":[],"score":217,"play_id":"5c9d1171-4eae-4f54-9df6-29266233264c","local_time":"20190324212844","is_ascension_mode":true,"campfire_choices":[{"data":"Zap","floor":6.0,"key":"SMITH"},{"data":"Fission","floor":15,"key":"SMITH"}],"neow_cost":"NONE","seed_source_timestamp":0,"circlet_count":0,"master_deck":["AscendersBane","Strike_B","Strike_B","Strike_B","Strike_B","Defend_B","Defend_B","Defend_B","Defend_B","Zap+1","Dualcast","Go for the Eyes","Streamline","Cold Snap","Sunder+1","Coolheaded","Hologram","Leap","Fission+1"],"special_seed":0,"relics":["Cracked Core","CultistMask","Strawberry","Orichalcum","Mango","Dream Catcher","Darkstone Periapt"],"potions_floor_usage":[14,16],"damage_taken":[{"damage":3.0,"enemies":"2 Louse","floor":1.0,"turns":3.0},{"damage":0.0,"enemies":"Cultist","floor":3.0,"turns":3.0},{"damage":7.0,"enemies":"Jaw Worm","floor":4.0,"turns":3.0},{"damage":13.0,"enemies":"3 Louse","floor":5.0,"turns":2.0},{"damage":16.0,"enemies":"Gremlin Nob","floor":8.0,"turns":4.0},{"damage":0.0,"enemies":"Gremlin Gang","floor":10.0,"turns":3.0},{"damage":8.0,"enemies":"3 Sentries","floor":12.0,"turns":6.0},{"damage":17,"enemies":"Gremlin Nob","floor":14,"turns":4},{"damage":42,"enemies":"Slime Boss","floor":16,"turns":8}],"seed_played":"373960992872529269","potions_obtained":[{"floor":4.0,"key":"Swift Potion"},{"floor":5.0,"key":"Poison Potion"},{"floor":13.0,"key":"SpeedPotion"}],"is_trial":false,"path_per_floor":["M","?","M","M","M","R","?","E","T","M","T","E","?","E","R","B"],"character_chosen":"DEFECT","items_purchased":[],"campfire_rested":0,"item_purchase_floors":[],"current_hp_per_floor":[72,72,72,65,52,52,52,43,43,43,57,49,49,32,32,0],"gold":291,"neow_bonus":"TEN_PERCENT_HP_BONUS","is_prod":false,"is_daily":false,"chose_seed":false,"campfire_upgraded":2,"win_rate":0,"timestamp":1553477324,"path_taken":["M","?","?","M","M","R","?","E","T","?","?","E","?","E","R","BOSS"],"build_version":"2019-01-23","purchased_purges":0,"victory":false,"max_hp_per_floor":[82,82,82,82,82,82,82,89,89,89,103,103,103,103,103,103],"card_choices":[{"not_picked":["Redo","Stack"],"picked":"Go for the Eyes","floor":1.0},{"not_picked":["Gash","Undo"],"picked":"Streamline","floor":3.0},{"not_picked":["White Noise","Go for the Eyes"],"picked":"Cold Snap","floor":4.0},{"not_picked":["Ball Lightning","Barrage"],"picked":"Sunder","floor":5.0},{"not_picked":["Rebound","Beam Cell"],"picked":"Coolheaded","floor":8.0},{"not_picked":["Sunder","Double Energy"],"picked":"Hologram","floor":10.0},{"not_picked":["Machine Learning","Melter"],"picked":"Leap","floor":12.0},{"not_picked":["Heatsinks","Ball Lightning"],"picked":"Fission","floor":14}],"player_experience":2002787,"relics_obtained":[{"floor":8.0,"key":"Strawberry"},{"floor":9.0,"key":"Orichalcum"},{"floor":11.0,"key":"Mango"},{"floor":12.0,"key":"Dream Catcher"},{"floor":14,"key":"Darkstone Periapt"}],"event_choices":[{"damage_healed":0.0,"max_hp_gain":0.0,"max_hp_loss":0.0,"gold_gain":0.0,"event_name":"FaceTrader","player_choice":"Trade","floor":2.0,"gold_loss":0.0,"damage_taken":0.0,"relics_obtained":["CultistMask"]},{"damage_healed":0.0,"max_hp_gain":0.0,"max_hp_loss":0.0,"gold_gain":0.0,"event_name":"Upgrade Shrine","player_choice":"Upgraded","floor":7.0,"gold_loss":0.0,"damage_taken":0.0,"cards_upgraded":["Sunder"]},{"damage_healed":0.0,"max_hp_gain":0.0,"max_hp_loss":0.0,"gold_gain":0.0,"event_name":"Lab","player_choice":"Got Potions","floor":13.0,"gold_loss":0.0,"damage_taken":0.0}],"is_beta":false,"boss_relics":[],"items_purged_floors":[],"is_endless":false,"potions_floor_spawned":[4,5,8,10,12],"killed_by":"Slime Boss","ascension_level":12}