{"gold_per_floor":[111,26,26,40,50,79,99,134,160,160,171,196,182,182,182,277,277,297,38,50,50,50,81,81,96,96,124,135,153,186,186,186,283,283,297,297,297,55,67,67,101,114,114,114,147,160,191,202,202,202],"floor_reached":51,"playtime":4850,"items_purged":[],"score":856,"play_id":"61d35a72-380c-42a8-b544-26c3bbc99e9d","local_time":"20180721010748","is_ascension_mode":true,"campfire_choices":[{"data":"Storm","floor":15,"key":"SMITH"},{"data":"Static Discharge","floor":24,"key":"SMITH"},{"data":"Thunder Strike","floor":32,"key":"SMITH"},{"data":"Doom and Gloom","floor":40,"key":"SMITH"},{"data":"Coolheaded","floor":44,"key":"SMITH"},{"floor":49,"key":"REST"}],"neow_cost":"","seed_source_timestamp":430520210987123,"circlet_count":0,"master_deck":["Strike_B+1","Strike_B+1","Strike_B","Defend_B","Defend_B+1","Defend_B","Defend_B","Zap","Dualcast","Loop+1","Coolheaded+1","Static Discharge+1","Self Repair","Doom and Gloom+1","Blizzard","Storm+1","Auto Shields","Purity","Cold Snap","Compile Driver","Thunder Strike+1","Skim+1","Force Field","Hologram+1","Gash+1","White Noise","Genetic Algorithm","Redo","Genetic Algorithm","Necronomicurse","Thunder Strike+1","Gash+1","Master of Strategy","Static Discharge","Coolheaded+1","Static Discharge+1","Skim","Tempest"],"relics":["FrozenCore","Thread and Needle","Oddly Smooth Stone","Centennial Puzzle","Lantern","Pen Nib","Molten Egg 2","Spirit Poop","Bag of Marbles","Pear","Orichalcum","Gremlin Horn","Necronomicon","Philosopher\u0027s Stone","Whetstone","Darkstone Periapt","Bronze Scales","Shuriken"],"potions_floor_usage":[16,23,48,48,50,50],"damage_taken":[{"damage":7,"enemies":"2 Louse","floor":1,"turns":2},{"damage":4,"enemies":"Small Slimes","floor":4,"turns":3},{"damage":2,"enemies":"Cultist","floor":5,"turns":5},{"damage":15,"enemies":"Lagavulin","floor":6,"turns":8},{"damage":19,"enemies":"Gremlin Gang","floor":7,"turns":3},{"damage":3,"enemies":"3 Sentries","floor":8,"turns":7},{"damage":0,"enemies":"2 Fungi Beasts","floor":11,"turns":4},{"damage":5,"enemies":"Lagavulin","floor":12,"turns":9},{"damage":10,"enemies":"Exordium Thugs","floor":13,"turns":5},{"damage":15,"enemies":"Hexaghost","floor":16,"turns":12},{"damage":14,"enemies":"3 Byrds","floor":18,"turns":4},{"damage":2,"enemies":"Chosen","floor":20,"turns":5},{"damage":25,"enemies":"Book of Stabbing","floor":23,"turns":6},{"damage":0,"enemies":"Centurion and Healer","floor":25,"turns":11},{"damage":33,"enemies":"Slavers","floor":27,"turns":5},{"damage":0,"enemies":"Chosen and Byrds","floor":28,"turns":6},{"damage":3,"enemies":"Snecko","floor":29,"turns":4},{"damage":2,"enemies":"Book of Stabbing","floor":30,"turns":6},{"damage":16,"enemies":"Champ","floor":33,"turns":7},{"damage":0,"enemies":"Flame Bruiser 1 Orb","floor":35,"turns":4},{"damage":0,"enemies":"3 Darklings","floor":39,"turns":1},{"damage":29,"enemies":"Nemesis","floor":41,"turns":7},{"damage":0,"enemies":"Sphere and 2 Shapes","floor":42,"turns":5},{"damage":0,"enemies":"Giant Head","floor":45,"turns":6},{"damage":28,"enemies":"4 Shapes","floor":46,"turns":2},{"damage":23,"enemies":"Nemesis","floor":47,"turns":5},{"damage":7,"enemies":"3 Darklings","floor":48,"turns":3},{"damage":29,"enemies":"Donu and Deca","floor":50,"turns":4}],"seed_played":"-6575210756088369212","potions_obtained":[{"floor":1,"key":"Dexterity Potion"},{"floor":6,"key":"Swift Potion"},{"floor":11,"key":"Ancient Potion"},{"floor":13,"key":"EssenceOfSteel"},{"floor":16,"key":"Swift Potion"},{"floor":23,"key":"Swift Potion"},{"floor":30,"key":"SkillPotion"},{"floor":47,"key":"FocusPotion"},{"floor":48,"key":"Swift Potion"}],"is_trial":false,"path_per_floor":["M","$","?","M","M","E","M","E","T","?","M","E","M","?","R","B",null,"M","$","M","?","?","E","R","M","T","E","M","M","E","?","R","B",null,"M","?","?","$","M","R","E","M","T","R","E","M","E","M","R","B"],"character_chosen":"DEFECT","items_purchased":["Coolheaded","Static Discharge","Molten Egg 2","Master of Strategy","Static Discharge"],"campfire_rested":1,"item_purchase_floors":[2,2,19,38,38],"current_hp_per_floor":[68,68,53,49,54,46,34,38,38,38,45,47,37,37,37,29,75,68,68,73,73,73,55,55,62,72,46,53,57,62,46,46,37,85,85,85,85,85,85,85,63,63,63,63,63,35,19,19,44,15],"gold":202,"neow_bonus":"","is_prod":false,"is_daily":false,"chose_seed":false,"campfire_upgraded":5,"win_rate":0,"timestamp":1532160468,"path_taken":["M","$","?","?","M","E","M","E","T","?","M","E","M","?","R","BOSS","M","$","M","?","?","E","R","?","T","E","M","M","E","?","R","BOSS","M","?","?","$","M","R","E","M","T","R","E","?","E","M","R","BOSS"],"build_version":"2018-07-19v2","purchased_purges":0,"victory":true,"max_hp_per_floor":[75,75,75,75,75,75,75,75,75,75,75,75,75,75,75,75,75,75,75,75,75,75,75,75,75,85,85,85,85,85,85,85,85,85,85,85,85,85,85,85,85,85,85,85,85,85,85,85,85,85],"card_choices":[{"not_picked":["Streamline","Compile Driver"],"picked":"Loop","floor":1},{"not_picked":["Conserve Battery","Glacier"],"picked":"Self Repair","floor":4},{"not_picked":["BootSequence","Rainbow","Conserve Battery"],"picked":"SKIP","floor":5},{"not_picked":["Chaos","Steam"],"picked":"Doom and Gloom","floor":6},{"not_picked":["Skim","Sweeping Beam"],"picked":"Blizzard","floor":7},{"not_picked":["Rebound","Tempest"],"picked":"Storm","floor":8},{"not_picked":["Conserve Battery","Beam Cell","Rip and Tear"],"picked":"SKIP","floor":11},{"not_picked":["Fusion","Auto Shields"],"picked":"Cold Snap","floor":12},{"not_picked":["Leap","Force Field"],"picked":"Compile Driver","floor":13},{"not_picked":["Fission","Amplify"],"picked":"Thunder Strike","floor":16},{"not_picked":["Rip and Tear","Loop"],"picked":"Skim+1","floor":18},{"not_picked":["Steam","Reinforced Body+1"],"picked":"Force Field","floor":20},{"not_picked":["Beam Cell+1","Streamline+1"],"picked":"Hologram+1","floor":23},{"not_picked":["Rebound+1","Hologram"],"picked":"Gash+1","floor":25},{"not_picked":["Blizzard+1","Double Energy"],"picked":"White Noise","floor":27},{"not_picked":["Rebound+1","Steam"],"picked":"Genetic Algorithm","floor":28},{"not_picked":["Recycle","Sweeping Beam+1"],"picked":"Redo","floor":29},{"not_picked":["Reprogram","Double Energy"],"picked":"Genetic Algorithm","floor":30},{"not_picked":["Rainbow","Core Surge+1"],"picked":"Thunder Strike+1","floor":33},{"not_picked":["Barrage+1","Aggregate"],"picked":"Gash+1","floor":35},{"not_picked":["Fusion","Turbo+1"],"picked":"Coolheaded+1","floor":39},{"not_picked":["Aggregate+1","Stack+1"],"picked":"Static Discharge+1","floor":41},{"not_picked":["Undo+1","Rebound+1","Turbo"],"picked":"SKIP","floor":42},{"not_picked":["Meteor Strike+1","Scrape+1"],"picked":"Skim","floor":45},{"not_picked":["Doom and Gloom+1","BootSequence+1"],"picked":"Tempest","floor":46},{"not_picked":["Fission","Darkness+1","Turbo"],"picked":"SKIP","floor":47},{"not_picked":["Reinforced Body","Leap+1","Sweeping Beam+1"],"picked":"SKIP","floor":48}],"player_experience":55424,"relics_obtained":[{"floor":6,"key":"Thread and Needle"},{"floor":8,"key":"Oddly Smooth Stone"},{"floor":9,"key":"Centennial Puzzle"},{"floor":12,"key":"Lantern"},{"floor":23,"key":"Bag of Marbles"},{"floor":26,"key":"Pear"},{"floor":27,"key":"Orichalcum"},{"floor":30,"key":"Gremlin Horn"},{"floor":31,"key":"Necronomicon"},{"floor":41,"key":"Whetstone"},{"floor":43,"key":"Darkstone Periapt"},{"floor":45,"key":"Bronze Scales"},{"floor":47,"key":"Shuriken"}],"event_choices":[{"event_name":"Shining Light","player_choice":"Entered Light","floor":3,"damage_taken":0},{"event_name":"Match and Keep!","player_choice":"2 cards matched","floor":10,"damage_taken":0},{"event_name":"Big Fish","player_choice":"Box","floor":14,"damage_taken":0},{"event_name":"Bonfire Elementals","player_choice":"CURSE","floor":21,"damage_taken":0},{"event_name":"The Woman in Blue","player_choice":"Bought 0 Potions","floor":22,"damage_taken":0},{"event_name":"Cursed Tome","player_choice":"Obtained Book","floor":31,"damage_taken":0},{"event_name":"Falling","player_choice":"Removed Attack","floor":36,"damage_taken":0},{"event_name":"Tomb of Lord Red Mask","player_choice":"Ignored","floor":37,"damage_taken":0}],"is_beta":false,"boss_relics":[{"not_picked":["Calling Bell","Lizard Tail"],"picked":"FrozenCore"},{"not_picked":["Runic Pyramid","Eternal Feather"],"picked":"Philosopher\u0027s Stone"}],"items_purged_floors":[],"is_endless":false,"potions_floor_spawned":[1,6,11,12,13,16,18,23,30,33,35,39,46,47,48],"ascension_level":1}