{"gold_per_floor":[115,128,139,139,23,48,48,81,153,181,181,213,213,223,223,324,324,340,353,367,93,107,107,136,136,185,185,185,217,45,61,61,156,156,174,174,222,238,253,287,287,287,287,287,321,338,364,364,364,364],"floor_reached":51,"playtime":4073,"items_purged":["Strike_R","Strike_R","Strike_R"],"score":1237,"play_id":"527a1e8b-8c89-45f8-ade9-07610ff9c5cc","local_time":"20180723074257","is_ascension_mode":true,"campfire_choices":[{"floor":7,"key":"REST"},{"data":"Uppercut","floor":11,"key":"SMITH"},{"data":"Shrug It Off","floor":13,"key":"SMITH"},{"data":"Immolate","floor":15,"key":"SMITH"},{"data":"Barricade","floor":23,"key":"SMITH"},{"data":"Juggernaut","floor":28,"key":"SMITH"},{"data":"Iron Wave","floor":32,"key":"SMITH"},{"data":"Burning Pact","floor":41,"key":"SMITH"},{"data":"Body Slam","floor":44,"key":"SMITH"},{"data":"Warcry","floor":49,"key":"SMITH"}],"neow_cost":"","seed_source_timestamp":627872776018921,"circlet_count":0,"master_deck":["Defend_R","Defend_R","Defend_R","Bash","Iron Wave+1","Clash","Uppercut+1","Clash","Immolate+1","Shrug It Off+1","Shrug It Off+1","Barricade+1","Offering+1","Thunderclap+1","Inflame+1","Shrug It Off+1","Juggernaut+1","Pommel Strike+1","Body Slam+1","Seeing Red+1","Offering","Madness","Madness","Burning Pact+1","Entrench+1","Feel No Pain","Warcry+1"],"relics":["Burning Blood","Mango","Art of War","Meat on the Bone","Kunai","Bag of Preparation","Astrolabe","Oddly Smooth Stone","Gambling Chip","War Paint","Pantograph","Eternal Feather","Potion Belt","Vajra","Ice Cream","Bottled Tornado","Unceasing Top","Bronze Scales"],"potions_floor_usage":[6,6,12,22,24,29,29,33,47,50,50,50],"damage_taken":[{"damage":5,"enemies":"Cultist","floor":1,"turns":4},{"damage":2,"enemies":"Small Slimes","floor":2,"turns":4},{"damage":4,"enemies":"2 Louse","floor":3,"turns":4},{"damage":51,"enemies":"Lagavulin","floor":6,"turns":7},{"damage":21,"enemies":"3 Sentries","floor":8,"turns":8},{"damage":27,"enemies":"Lagavulin","floor":10,"turns":5},{"damage":7,"enemies":"Gremlin Nob","floor":12,"turns":4},{"damage":0,"enemies":"2 Fungi Beasts","floor":14,"turns":2},{"damage":39,"enemies":"Slime Boss","floor":16,"turns":11},{"damage":5,"enemies":"Shell Parasite","floor":18,"turns":4},{"damage":6,"enemies":"2 Thieves","floor":19,"turns":4},{"damage":23,"enemies":"Snecko","floor":20,"turns":4},{"damage":26,"enemies":"Centurion and Healer","floor":22,"turns":5},{"damage":29,"enemies":"Slavers","floor":24,"turns":5},{"damage":15,"enemies":"Book of Stabbing","floor":29,"turns":6},{"damage":6,"enemies":"Snake Plant","floor":31,"turns":4},{"damage":13,"enemies":"Collector","floor":33,"turns":8},{"damage":5,"enemies":"Flame Bruiser 1 Orb","floor":35,"turns":5},{"damage":5,"enemies":"Orb Walker","floor":38,"turns":3},{"damage":8,"enemies":"4 Shapes","floor":39,"turns":1},{"damage":10,"enemies":"Nemesis","floor":40,"turns":7},{"damage":5,"floor":42,"turns":2},{"damage":5,"enemies":"Giant Head","floor":45,"turns":4},{"damage":25,"enemies":"Sphere and 2 Shapes","floor":46,"turns":5},{"damage":28,"enemies":"Nemesis","floor":47,"turns":5},{"damage":20,"enemies":"Awakened One","floor":50,"turns":7}],"seed_played":"3932345669701557724","potions_obtained":[{"floor":1,"key":"Poison Potion"},{"floor":2,"key":"BloodPotion"},{"floor":8,"key":"Swift Potion"},{"floor":10,"key":"EssenceOfSteel"},{"floor":18,"key":"SpeedPotion"},{"floor":20,"key":"Block Potion"},{"floor":24,"key":"Regen Potion"},{"floor":29,"key":"Dexterity Potion"},{"floor":33,"key":"LiquidBronze"},{"floor":35,"key":"Fire Potion"},{"floor":45,"key":"FearPotion"},{"floor":46,"key":"AttackPotion"}],"is_trial":false,"path_per_floor":["M","M","M","?","$","E","R","E","T","E","R","E","R","M","R","B",null,"M","M","M","$","M","R","E","?","T","?","R","E","$","M","R","B",null,"M","?","T","M","M","E","R","?","T","R","E","M","E","?","R","B"],"character_chosen":"IRONCLAD","items_purchased":["Uppercut","Oddly Smooth Stone","Shrug It Off","Body Slam"],"campfire_rested":1,"item_purchase_floors":[5,21,21,30],"current_hp_per_floor":[80,80,80,80,80,57,85,70,70,61,61,60,60,66,66,45,94,94,94,77,77,57,57,46,77,77,77,77,83,83,83,83,87,94,94,82,82,83,81,77,92,94,94,94,94,75,65,65,80,80],"gold":364,"neow_bonus":"","is_prod":false,"is_daily":false,"chose_seed":false,"campfire_upgraded":9,"win_rate":0,"timestamp":1532356977,"path_taken":["M","M","?","?","?","E","R","E","T","E","R","E","R","?","R","BOSS","M","?","M","$","M","R","E","?","T","?","R","E","$","M","R","BOSS","M","?","?","?","M","E","R","?","T","R","E","M","E","?","R","BOSS"],"build_version":"2018-07-19v2","purchased_purges":3,"victory":true,"max_hp_per_floor":[80,80,80,80,80,94,94,94,94,94,94,94,94,94,94,94,94,94,94,94,94,94,94,94,94,94,94,94,94,94,94,94,94,94,94,94,94,94,94,94,94,94,94,94,94,94,94,94,94,94],"card_choices":[{"not_picked":["Rupture","True Grit"],"picked":"Iron Wave","floor":1},{"not_picked":["Armaments","Power Through","Rupture"],"picked":"SKIP","floor":2},{"not_picked":["Sword Boomerang","Flex"],"picked":"Clash","floor":3},{"not_picked":["Double Tap","Searing Blow"],"picked":"Clash","floor":6},{"not_picked":["Body Slam","Ghostly Armor"],"picked":"Immolate","floor":8},{"not_picked":["Feel No Pain","Body Slam","Thunderclap"],"picked":"SKIP","floor":10},{"not_picked":["Clothesline","Rupture"],"picked":"Shrug It Off","floor":12},{"not_picked":["Anger","Wild Strike"],"picked":"Shrug It Off","floor":14},{"not_picked":["Immolate","Dark Embrace"],"picked":"Barricade","floor":16},{"not_picked":["Sword Boomerang","Power Through","Flex+1"],"picked":"SKIP","floor":18},{"not_picked":["Infernal Blade+1","Twin Strike+1"],"picked":"Inflame+1","floor":19},{"not_picked":["Havoc","Pummel+1","Fire Breathing"],"picked":"SKIP","floor":20},{"not_picked":["Havoc+1","Searing Blow","Power Through"],"picked":"SKIP","floor":22},{"not_picked":["Cleave","Warcry+1"],"picked":"Juggernaut","floor":24},{"not_picked":["Rampage","Bludgeon"],"picked":"Pommel Strike+1","floor":29},{"not_picked":["Intimidate+1","Warcry+1"],"picked":"Seeing Red+1","floor":31},{"not_picked":["Limit Break","Dark Embrace"],"picked":"Offering","floor":33},{"not_picked":["Blood for Blood","Whirlwind+1","Rampage+1"],"picked":"SKIP","floor":35},{"not_picked":["Headbutt+1","Wild Strike+1","Rupture+1"],"picked":"SKIP","floor":38},{"not_picked":["Infernal Blade+1","Feel No Pain+1"],"picked":"Burning Pact","floor":39},{"not_picked":["Pommel Strike+1","Bloodletting+1"],"picked":"Entrench+1","floor":40},{"not_picked":["Uppercut","Wild Strike"],"picked":"Feel No Pain","floor":42},{"not_picked":["Armaments","Feel No Pain+1","Rage+1"],"picked":"SKIP","floor":45},{"not_picked":["Offering","Sword Boomerang+1"],"picked":"Warcry","floor":46},{"not_picked":["Pummel+1","Twin Strike+1","Carnage+1"],"picked":"SKIP","floor":47}],"player_experience":129348,"relics_obtained":[{"floor":6,"key":"Mango"},{"floor":8,"key":"Art of War"},{"floor":9,"key":"Meat on the Bone"},{"floor":10,"key":"Kunai"},{"floor":12,"key":"Bag of Preparation"},{"floor":24,"key":"Gambling Chip"},{"floor":26,"key":"War Paint"},{"floor":29,"key":"Pantograph"},{"floor":37,"key":"Potion Belt"},{"floor":40,"key":"Vajra"},{"floor":42,"key":"Ice Cream"},{"floor":43,"key":"Bottled Tornado"},{"floor":45,"key":"Unceasing Top"},{"floor":47,"key":"Bronze Scales"}],"event_choices":[{"event_name":"Liars Game","player_choice":"disagreed","floor":4,"damage_taken":0},{"event_name":"The Library","player_choice":"Heal","floor":25,"damage_taken":0},{"event_name":"The Woman in Blue","player_choice":"Bought 0 Potions","floor":27,"damage_taken":0},{"event_name":"Winding Halls","player_choice":"Embrace Madness","floor":36,"damage_taken":0},{"event_name":"MindBloom","player_choice":"Fight","floor":42,"damage_taken":0},{"event_name":"Falling","player_choice":"Removed Attack","floor":48,"damage_taken":0}],"is_beta":false,"boss_relics":[{"not_picked":["Empty Cage","Fusion Hammer"],"picked":"Astrolabe"},{"not_picked":["Runic Pyramid","Philosopher\u0027s Stone"],"picked":"Eternal Feather"}],"items_purged_floors":[5,21,30],"is_endless":false,"potions_floor_spawned":[1,2,8,10,18,20,24,29,33,35,45,46],"ascension_level":3}