{"gold_per_floor":[13,24,199,199,214,214,241,241,264,294,294,294,307,324,324,324],"floor_reached":16,"playtime":1251,"items_purged":[],"score":138,"play_id":"25e68707-b8d4-48e6-9eed-04435ffc7521","local_time":"20190122190914","is_ascension_mode":true,"campfire_choices":[{"data":"Cloak And Dagger","floor":6,"key":"SMITH"},{"floor":8,"key":"REST"},{"floor":12,"key":"REST"},{"floor":15,"key":"REST"}],"neow_cost":"NO_GOLD","seed_source_timestamp":265203820170830,"circlet_count":0,"master_deck":["Defend_G","Defend_G","Defend_G","Defend_G","Defend_G","Strike_G","Strike_G","Strike_G","Strike_G","Strike_G","Survivor","Neutralize","Cloak And Dagger","Backflip","Cloak And Dagger+1","Die Die Die","Dramatic Entrance","Dagger Spray","Accuracy"],"relics":["Ring of the Snake","Gambling Chip","Bag of Marbles","PreservedInsect","Dodecahedron"],"potions_floor_usage":[16],"damage_taken":[{"damage":11,"enemies":"Jaw Worm","floor":1,"turns":5},{"damage":0,"enemies":"2 Louse","floor":2,"turns":3},{"damage":0,"enemies":"Cultist","floor":5,"turns":5},{"damage":51,"enemies":"Gremlin Nob","floor":7,"turns":6},{"damage":21,"enemies":"Lagavulin","floor":10,"turns":7},{"damage":0,"enemies":"Exordium Thugs","floor":13,"turns":2},{"damage":0,"enemies":"Looter","floor":14,"turns":3},{"damage":48,"enemies":"Hexaghost","floor":16,"turns":15}],"seed_played":"-804277154787524088","potions_obtained":[{"floor":7,"key":"Strength Potion"},{"floor":10,"key":"GamblersBrew"},{"floor":14,"key":"Block Potion"}],"is_trial":false,"path_per_floor":["M","M","?","?","M","R","E","R","T","E","?","R","M","M","R","B"],"character_chosen":"THE_SILENT","items_purchased":[],"campfire_rested":3,"item_purchase_floors":[],"current_hp_per_floor":[59,59,59,52,52,52,1,22,22,1,1,22,22,22,43,0],"gold":324,"neow_bonus":"ONE_RARE_RELIC","is_prod":false,"is_daily":false,"chose_seed":false,"campfire_upgraded":1,"win_rate":0,"timestamp":1548205754,"path_taken":["M","M","?","?","M","R","E","R","T","E","?","R","M","M","R","BOSS"],"build_version":"2019-01-17v2","purchased_purges":0,"victory":false,"max_hp_per_floor":[70,70,70,70,70,70,70,70,70,70,70,70,70,70,70,70],"card_choices":[{"not_picked":["Flying Knee","Well Laid Plans"],"picked":"Cloak And Dagger","floor":1},{"not_picked":["Dodge and Roll","Tactician"],"picked":"Backflip","floor":2},{"not_picked":["Blur","Reflex"],"picked":"Cloak And Dagger","floor":5},{"not_picked":["Quick Slash","Poisoned Stab","Flechettes"],"picked":"SKIP","floor":7},{"not_picked":["All Out Attack","Expertise"],"picked":"Die Die Die","floor":10},{"not_picked":["Prepared","Bane"],"picked":"Dagger Spray","floor":13},{"not_picked":["Quick Slash","Riddle With Holes"],"picked":"Accuracy","floor":14}],"player_experience":716630,"relics_obtained":[{"floor":7,"key":"Bag of Marbles"},{"floor":9,"key":"PreservedInsect"},{"floor":10,"key":"Dodecahedron"}],"event_choices":[{"damage_healed":0,"gold_gain":175,"player_choice":"AGREE","damage_taken":0,"max_hp_gain":0,"max_hp_loss":0,"event_name":"Liars Game","floor":3,"gold_loss":0,"cards_obtained":["Doubt"]},{"cards_removed":["Doubt"],"damage_healed":0,"gold_gain":0,"player_choice":"Card Removal","damage_taken":7,"max_hp_gain":0,"max_hp_loss":0,"event_name":"Golden Wing","floor":4,"gold_loss":0},{"damage_healed":0,"gold_gain":0,"player_choice":"1 cards matched","damage_taken":0,"max_hp_gain":0,"max_hp_loss":0,"event_name":"Match and Keep!","floor":11,"gold_loss":0,"cards_obtained":["Dramatic Entrance"]}],"is_beta":false,"boss_relics":[],"items_purged_floors":[],"is_endless":false,"potions_floor_spawned":[7,10,14],"killed_by":"Hexaghost","ascension_level":5}