{"gold_per_floor":[212,3,3,21,34,63,63,80,159,188,153,153,180,200,200,273,273,284,284,84,104,116,116,116,149,179,191,42,42],"floor_reached":29,"playtime":1979,"items_purged":["Strike_R","Strike_R"],"score":515,"play_id":"3c067902-d37f-4c3c-b8ba-b3096e4a7fef","local_time":"20180818000550","is_ascension_mode":true,"campfire_choices":[{"data":"Inflame","floor":7.0,"key":"SMITH"},{"floor":12.0,"key":"REST"},{"data":"Uppercut","floor":15.0,"key":"SMITH"},{"data":"Armaments","floor":23,"key":"SMITH"}],"neow_cost":"NONE","seed_source_timestamp":64371286287689,"circlet_count":0,"master_deck":["Strike_R","Strike_R","Defend_R","Defend_R","Defend_R","Defend_R","Bash+1","AscendersBane","Shrug It Off","Headbutt","Anger","Inflame+1","Uppercut+1","Flame Barrier","Shockwave","Demon Form","Feel No Pain+1","Battle Trance","Metallicize","Armaments+1","Armaments+1","Feel No Pain"],"special_seed":0,"relics":["Burning Blood","Medical Kit","Sundial","Matryoshka","Odd Mushroom","Dream Catcher","Runic Dome","Strawberry","Tiny Chest","Singing Bowl"],"potions_floor_usage":[16,16,25,29],"damage_taken":[{"damage":1.0,"enemies":"Cultist","floor":1.0,"turns":3.0},{"damage":7.0,"enemies":"Small Slimes","floor":4.0,"turns":3.0},{"damage":5.0,"enemies":"Jaw Worm","floor":5.0,"turns":4.0},{"damage":37.0,"enemies":"3 Sentries","floor":6.0,"turns":11.0},{"damage":19.0,"enemies":"Large Slime","floor":8.0,"turns":6.0},{"damage":28.0,"floor":10.0,"turns":3.0},{"damage":17.0,"enemies":"Lagavulin","floor":13.0,"turns":6.0},{"damage":19.0,"enemies":"Exordium Thugs","floor":14.0,"turns":5.0},{"damage":0,"enemies":"Hexaghost","floor":16,"turns":10},{"damage":5,"enemies":"Shell Parasite","floor":18,"turns":5},{"damage":6,"enemies":"Chosen","floor":21,"turns":4},{"damage":24,"enemies":"Snake Plant","floor":22,"turns":6},{"damage":37,"enemies":"Slavers","floor":25,"turns":9},{"damage":1,"enemies":"Cultist and Chosen","floor":27,"turns":8},{"damage":34,"enemies":"Gremlin Leader","floor":29,"turns":3}],"seed_played":"4247900041398610827","potions_obtained":[{"floor":4.0,"key":"Dexterity Potion"},{"floor":5.0,"key":"FairyPotion"},{"floor":14.0,"key":"SpeedPotion"},{"floor":22,"key":"Weak Potion"},{"floor":27,"key":"GamblersBrew"}],"is_trial":false,"path_per_floor":["M","$","?","M","M","E","R","M","T","?","?","R","E","M","R","B",null,"M","?","$","M","M","R","?","E","T","M","$"],"character_chosen":"IRONCLAD","items_purchased":["Medical Kit","Metallicize","Armaments","Block Potion"],"campfire_rested":1,"item_purchase_floors":[2,20,20,28],"current_hp_per_floor":[73,73,73,72,73,42,42,29,29,7,25,47,36,23,23,29,64,65,65,65,65,47,47,47,23,23,30,30,0],"gold":42,"neow_bonus":"HUNDRED_GOLD","is_prod":false,"is_daily":false,"chose_seed":false,"campfire_upgraded":3,"win_rate":0,"timestamp":1534575950,"path_taken":["M","$","?","M","M","E","R","M","T","?","?","R","E","M","R","BOSS","M","?","?","M","M","R","?","E","T","M","$","E"],"build_version":"2018-08-16","purchased_purges":2,"victory":false,"max_hp_per_floor":[75,75,75,75,75,75,75,75,75,75,75,75,75,75,75,75,75,75,75,75,75,75,75,75,82,82,84,84,84],"card_choices":[{"not_picked":["Sword Boomerang","Heavy Blade"],"picked":"Shrug It Off","floor":1.0},{"not_picked":["Shockwave","Armaments"],"picked":"Headbutt","floor":4.0},{"not_picked":["Sever Soul","Disarm"],"picked":"Anger","floor":5.0},{"not_picked":["Thunderclap","Reaper"],"picked":"Inflame","floor":6.0},{"not_picked":["Dual Wield","Heavy Blade"],"picked":"Uppercut","floor":8.0},{"not_picked":["Clash","Anger"],"picked":"Flame Barrier","floor":13.0},{"not_picked":["Evolve","Iron Wave"],"picked":"Shockwave","floor":14.0},{"not_picked":["Offering","Barricade"],"picked":"Demon Form","floor":16},{"not_picked":["Dual Wield","Anger"],"picked":"Feel No Pain+1","floor":18},{"not_picked":["Iron Wave","Perfected Strike"],"picked":"Armaments+1","floor":21},{"not_picked":["Blood for Blood","Twin Strike","Armaments"],"picked":"SKIP","floor":22},{"not_picked":["Rampage","Warcry+1"],"picked":"Feel No Pain","floor":25},{"not_picked":["Sentinel","Headbutt","Corruption"],"picked":"Singing Bowl","floor":27}],"player_experience":503964,"relics_obtained":[{"floor":6.0,"key":"Sundial"},{"floor":9.0,"key":"Matryoshka"},{"floor":10.0,"key":"Odd Mushroom"},{"floor":13.0,"key":"Dream Catcher"},{"floor":25,"key":"Strawberry"},{"floor":26,"key":"Tiny Chest"},{"floor":26,"key":"Singing Bowl"}],"event_choices":[{"event_name":"Living Wall","player_choice":"Grow","floor":3.0,"damage_taken":0.0},{"event_name":"Mushrooms","player_choice":"Fought Mushrooms","floor":10.0,"damage_taken":0.0},{"event_name":"The Cleric","player_choice":"Healed","floor":11.0,"damage_taken":0.0},{"event_name":"Transmorgrifier","player_choice":"Transform","floor":19,"damage_taken":0},{"event_name":"Ghosts","player_choice":"Ignored","floor":24,"damage_taken":0}],"is_beta":false,"boss_relics":[{"not_picked":["Orrery","Runic Cube"],"picked":"Runic Dome"}],"items_purged_floors":[20,28],"is_endless":false,"potions_floor_spawned":[4,5,14,22,27],"killed_by":"Gremlin Leader","ascension_level":14}