{"gold_per_floor":[117,292,303,47,64,93,111,138,150,188,200,212,243,281,293,408,420,445,23,23,37,51,51],"floor_reached":23,"playtime":2864,"items_purged":["Doubt"],"score":301,"play_id":"ff3e20fa-d119-4227-974d-d01c3d52e549","local_time":"20180728133455","is_ascension_mode":true,"campfire_choices":[{"floor":12,"key":"REST"},{"floor":15,"key":"REST"}],"neow_cost":"NONE","seed_source_timestamp":0,"circlet_count":0,"master_deck":["Strike_B","Strike_B","Strike_B","Strike_B","Defend_B","Defend_B","Defend_B","Defend_B","Zap","Dualcast","Hologram","Undo","Cold Snap","Sunder","Ball Lightning","Skim","Consume","Barrage","Chill","Fusion","Fission","Electrodynamics","Conserve Battery","Defragment","Ghostly","Ghostly","Ghostly","Ghostly","Ghostly","Leap","Coolheaded"],"special_seed":0,"relics":["Cracked Core","Bag of Marbles","The Courier","MawBank","Lantern","Ornamental Fan","Kunai","Eternal Feather","Omamori","Turnip"],"potions_floor_usage":[8,16,16,21,22,23],"damage_taken":[{"damage":0.0,"enemies":"Jaw Worm","floor":1.0,"turns":5.0},{"damage":0.0,"enemies":"2 Louse","floor":3.0,"turns":3.0},{"damage":0.0,"enemies":"Cultist","floor":5.0,"turns":2.0},{"damage":1.0,"enemies":"3 Sentries","floor":6.0,"turns":6.0},{"damage":23.0,"enemies":"Exordium Thugs","floor":7.0,"turns":3.0},{"damage":21,"enemies":"Lagavulin","floor":8,"turns":6},{"damage":21,"enemies":"Gremlin Nob","floor":10,"turns":5},{"damage":0,"enemies":"Large Slime","floor":13,"turns":3},{"damage":12,"enemies":"Lagavulin","floor":14,"turns":9},{"damage":14,"enemies":"The Guardian","floor":16,"turns":13},{"damage":34,"enemies":"Chosen","floor":18,"turns":7},{"damage":0,"enemies":"Spheric Guardian","floor":21,"turns":3},{"damage":18,"enemies":"Slaver and Parasite","floor":22,"turns":14},{"damage":11,"enemies":"Book of Stabbing","floor":23,"turns":6}],"seed_played":"6677812550303618945","potions_obtained":[{"floor":1.0,"key":"Fire Potion"},{"floor":3.0,"key":"Dexterity Potion"},{"floor":8,"key":"SpeedPotion"},{"floor":10,"key":"FocusPotion"},{"floor":14,"key":"Fire Potion"},{"floor":21,"key":"Block Potion"},{"floor":22,"key":"EssenceOfSteel"}],"is_trial":false,"path_per_floor":["M","?","M","$","M","E","M","E","T","E","$","R","M","E","R","B",null,"M","$","?","M","M"],"character_chosen":"DEFECT","items_purchased":["Sunder","Bag of Marbles","Defragment","Omamori","Turnip"],"campfire_rested":2,"item_purchase_floors":[4,4,19,19,19],"current_hp_per_floor":[75,75,75,75,75,74,51,30,30,9,9,31,31,19,41,27,63,29,29,29,29,11,0],"gold":51,"neow_bonus":"THREE_CARDS","is_prod":false,"is_daily":false,"chose_seed":false,"campfire_upgraded":0,"win_rate":0,"timestamp":1532810095,"path_taken":["M","?","M","$","M","E","M","E","T","E","$","R","M","E","R","BOSS","M","$","?","M","M","E"],"build_version":"2018-07-26","purchased_purges":1,"victory":false,"max_hp_per_floor":[75,75,75,75,75,75,75,75,75,75,75,75,75,75,75,75,75,75,75,37,37,37,37],"card_choices":[{"not_picked":["Leap","Gash"],"picked":"Hologram","floor":0.0},{"not_picked":["Recycle","Tempest"],"picked":"Undo","floor":1.0},{"not_picked":["Loop","Blizzard"],"picked":"Cold Snap","floor":3.0},{"not_picked":["Rebound","Leap"],"picked":"Ball Lightning","floor":5.0},{"not_picked":["Stack","Steam Power"],"picked":"Skim","floor":6.0},{"not_picked":["Sunder","Rebound"],"picked":"Consume","floor":7.0},{"not_picked":["Stack","Tempest"],"picked":"Barrage","floor":8},{"not_picked":["Rebound","BootSequence"],"picked":"Chill","floor":10},{"not_picked":["Reinforced Body","Storm"],"picked":"Fusion","floor":13},{"not_picked":["Double Energy","Turbo"],"picked":"Fission","floor":14},{"not_picked":["Creative AI","All For One"],"picked":"Electrodynamics","floor":16},{"not_picked":["Sweeping Beam","Barrage+1"],"picked":"Conserve Battery","floor":18},{"not_picked":["Genetic Algorithm","Double Energy+1"],"picked":"Leap","floor":21},{"not_picked":["Stack","Redo"],"picked":"Coolheaded","floor":22}],"player_experience":226839,"relics_obtained":[{"floor":6.0,"key":"The Courier"},{"floor":8,"key":"MawBank"},{"floor":9,"key":"Lantern"},{"floor":10,"key":"Ornamental Fan"},{"floor":14,"key":"Kunai"}],"event_choices":[{"event_name":"Liars Game","player_choice":"agreed","floor":2.0,"damage_taken":0.0},{"event_name":"Ghosts","player_choice":"Became a Ghost","floor":20,"damage_taken":0}],"is_beta":false,"boss_relics":[{"not_picked":["White Beast Statue","Philosopher\u0027s Stone"],"picked":"Eternal Feather"}],"items_purged_floors":[4],"is_endless":false,"potions_floor_spawned":[1,3,8,10,14,21,22],"killed_by":"Book of Stabbing","ascension_level":5}