{"gold_per_floor":[115,115,0,75,92,92,121,121,121,146,174,32,64,84,84,159,159,176,176,176,176,22,22,22,22,22,56,71,105,124,159,159,234,234,246,14,0,13,13,13,31,31,58,78,78,96,96,141,141,141,141],"floor_reached":52,"playtime":3037,"items_purged":["Writhe"],"score":1819,"play_id":"695b2e47-5fb3-4345-bfc2-989814f6fd04","local_time":"20190406020008","is_ascension_mode":true,"campfire_choices":[{"data":"True Grit","floor":6.0,"key":"SMITH"},{"floor":8.0,"key":"REST"},{"data":"Immolate","floor":15,"key":"SMITH"},{"data":"RitualDagger","floor":23,"key":"SMITH"},{"data":"Anger","floor":25,"key":"SMITH"},{"data":"Anger","floor":32,"key":"SMITH"},{"data":"Uppercut","floor":40,"key":"SMITH"},{"data":"Disarm","floor":42,"key":"SMITH"},{"data":"Feed","floor":45,"key":"SMITH"},{"data":"Spot Weakness","floor":47,"key":"SMITH"},{"floor":49,"key":"REST"}],"neow_cost":"NONE","seed_source_timestamp":88757575527600,"circlet_count":0,"master_deck":["AscendersBane","Defend_R","Defend_R","Defend_R","Defend_R","Bash+1","Anger","Anger+1","True Grit+1","Spot Weakness+1","Immolate+1","Pommel Strike","Metallicize","Shrug It Off","Impervious","Feel No Pain","Offering","RitualDagger+1","Bite","Bite","Bite","Bite","Bite","Shrug It Off","Anger+1","Normality","Ghostly Armor","Burning Pact+1","Impervious","Feed+1","Battle Trance","Disarm+1","Uppercut+1","Intimidate","Pain","Warcry+1"],"special_seed":0,"relics":["Burning Blood","Lantern","Mummified Hand","Pocketwatch","Odd Mushroom","Bag of Marbles","Vajra","Cursed Key","Ancient Tea Set","Champion Belt","Incense Burner","Dead Branch","Singing Bowl","Mark of Pain","Red Mask","Omamori","Unceasing Top"],"potions_floor_usage":[16,16,29,33,36,46,50,51],"damage_taken":[{"damage":15.0,"enemies":"2 Louse","floor":1.0,"turns":4.0},{"damage":6.0,"enemies":"Small Slimes","floor":5.0,"turns":3.0},{"damage":36.0,"enemies":"Gremlin Nob","floor":7.0,"turns":4.0},{"damage":18.0,"enemies":"The Mushroom Lair","floor":10.0,"turns":2.0},{"damage":5.0,"enemies":"3 Sentries","floor":11.0,"turns":5.0},{"damage":8.0,"enemies":"Gremlin Nob","floor":13.0,"turns":3.0},{"damage":0,"enemies":"Jaw Worm","floor":14,"turns":2},{"damage":14,"enemies":"The Guardian","floor":16,"turns":7},{"damage":1,"enemies":"3 Byrds","floor":18,"turns":3},{"damage":19,"enemies":"Slavers","floor":27,"turns":6},{"damage":7,"enemies":"2 Thieves","floor":28,"turns":4},{"damage":18,"enemies":"Book of Stabbing","floor":29,"turns":4},{"damage":6,"enemies":"Snecko","floor":30,"turns":5},{"damage":9,"enemies":"Slavers","floor":31,"turns":2},{"damage":42,"enemies":"Collector","floor":33,"turns":10},{"damage":12,"enemies":"3 Darklings","floor":35,"turns":5},{"damage":19,"enemies":"3 Shapes","floor":38,"turns":1},{"damage":15,"enemies":"Jaw Worm Horde","floor":41,"turns":3},{"damage":7,"enemies":"4 Shapes","floor":44,"turns":5},{"damage":31,"enemies":"3 Darklings","floor":46,"turns":5},{"damage":22,"enemies":"2 Orb Walkers","floor":48,"turns":5},{"damage":45,"enemies":"Awakened One","floor":50,"turns":9},{"damage":50,"enemies":"Time Eater","floor":51,"turns":9}],"seed_played":"4637063225566739539","potions_obtained":[{"floor":5.0,"key":"LiquidBronze"},{"floor":10.0,"key":"Block Potion"},{"floor":11.0,"key":"Block Potion"},{"floor":27,"key":"LiquidBronze"},{"floor":30,"key":"LiquidBronze"},{"floor":33,"key":"SpeedPotion"},{"floor":35,"key":"SpeedPotion"},{"floor":41,"key":"SteroidPotion"},{"floor":44,"key":"BloodPotion"},{"floor":46,"key":"FearPotion"}],"is_trial":false,"path_per_floor":["M","?","$","?","M","R","E","R","T","?","E","$","E","M","R","B",null,"M","?","?","?","$","R","?","R","T","E","M","E","M","E","R","B",null,"M","$","?","M","?","R","M","R","T","M","R","M","R","?","R","B","B",null],"character_chosen":"IRONCLAD","items_purchased":["Anger","True Grit","Metallicize","Shrug It Off","Shrug It Off","Anger","Disarm","Fruit Juice","Uppercut"],"campfire_rested":2,"item_purchase_floors":[3,3,12,12,22,22,36,36,36],"current_hp_per_floor":[59,59,59,48,48,48,18,40,40,28,29,29,27,33,33,25,63,68,68,62,52,52,52,52,52,52,49,52,46,52,51,51,35,48,52,57,57,46,46,46,50,50,50,53,53,44,44,48,70,51,15],"gold":141,"neow_bonus":"RANDOM_COMMON_RELIC","is_prod":false,"is_daily":false,"chose_seed":false,"campfire_upgraded":9,"win_rate":0,"timestamp":1554530408,"path_taken":["M","?","$","?","M","R","E","R","T","?","E","$","E","M","R","BOSS","M","?","?","?","$","R","?","R","T","E","M","E","M","E","R","BOSS","M","$","?","M","?","R","M","R","T","M","R","?","R","?","R","BOSS","BOSS"],"build_version":"2019-01-23","purchased_purges":1,"victory":true,"max_hp_per_floor":[75,75,75,75,75,75,75,75,75,75,75,75,75,75,75,75,75,75,75,75,52,52,52,52,52,52,52,52,52,52,52,52,52,52,52,57,57,59,59,59,64,64,64,64,64,66,66,76,76,80,80],"card_choices":[{"not_picked":["Wild Strike","Headbutt"],"picked":"Anger","floor":1.0},{"not_picked":["Shrug It Off","Clothesline"],"picked":"Spot Weakness","floor":5.0},{"not_picked":["Wild Strike","Whirlwind"],"picked":"Immolate","floor":7.0},{"not_picked":["Searing Blow","True Grit"],"picked":"Pommel Strike","floor":11.0},{"not_picked":["Second Wind","Wild Strike"],"picked":"Impervious","floor":13.0},{"not_picked":["Sentinel","Thunderclap"],"picked":"Feel No Pain","floor":14},{"not_picked":["Berserk","Exhume"],"picked":"Offering","floor":16},{"not_picked":["Burning Pact","Thunderclap","Warcry"],"picked":"SKIP","floor":18},{"not_picked":["Battle Trance","Searing Blow"],"picked":"Ghostly Armor","floor":27},{"not_picked":["Rampage","Flex","Thunderclap"],"picked":"SKIP","floor":28},{"not_picked":["Sever Soul","Perfected Strike"],"picked":"Burning Pact+1","floor":29},{"not_picked":["Second Wind","Body Slam","Pommel Strike"],"picked":"SKIP","floor":30},{"not_picked":["Seeing Red","Clothesline"],"picked":"Impervious","floor":31},{"not_picked":["Reaper","Double Tap"],"picked":"Feed","floor":33},{"not_picked":["Seeing Red","True Grit"],"picked":"Battle Trance","floor":35},{"not_picked":["Pommel Strike+1","Twin Strike","Entrench"],"picked":"Singing Bowl","floor":38},{"not_picked":["Iron Wave","Whirlwind","Ghostly Armor"],"picked":"Singing Bowl","floor":41},{"not_picked":["Shrug It Off","Pommel Strike"],"picked":"Warcry+1","floor":44},{"not_picked":["True Grit","Intimidate+1","Rampage+1"],"picked":"Singing Bowl","floor":46},{"not_picked":["Iron Wave","Havoc","Armaments"],"picked":"Singing Bowl","floor":48}],"player_experience":823733,"relics_obtained":[{"floor":7.0,"key":"Mummified Hand"},{"floor":9.0,"key":"Pocketwatch"},{"floor":10.0,"key":"Odd Mushroom"},{"floor":11.0,"key":"Bag of Marbles"},{"floor":13.0,"key":"Vajra"},{"floor":26,"key":"Champion Belt"},{"floor":27,"key":"Incense Burner"},{"floor":29,"key":"Dead Branch"},{"floor":31,"key":"Singing Bowl"},{"floor":43,"key":"Omamori"},{"floor":48,"key":"Unceasing Top"}],"event_choices":[{"damage_healed":0.0,"max_hp_gain":0.0,"max_hp_loss":0.0,"gold_gain":0.0,"event_name":"Living Wall","player_choice":"Grow","floor":2.0,"gold_loss":0.0,"damage_taken":0.0,"cards_upgraded":["Bash"]},{"damage_healed":0.0,"max_hp_gain":0.0,"max_hp_loss":0.0,"gold_gain":75.0,"event_name":"World of Goop","player_choice":"Gather Gold","floor":4.0,"gold_loss":0.0,"damage_taken":11.0},{"damage_healed":0.0,"max_hp_gain":0.0,"max_hp_loss":0.0,"gold_gain":0.0,"event_name":"Mushrooms","player_choice":"Fought Mushrooms","floor":10.0,"gold_loss":0.0,"damage_taken":0.0},{"damage_healed":0,"gold_gain":0,"player_choice":"Opened","damage_taken":0,"relics_obtained":["Ancient Tea Set"],"max_hp_gain":0,"max_hp_loss":0,"event_name":"The Mausoleum","floor":19,"gold_loss":0,"cards_obtained":["Writhe"]},{"damage_healed":0,"gold_gain":0,"player_choice":"Joined the Cult","damage_taken":6,"max_hp_gain":0,"max_hp_loss":0,"event_name":"Nest","floor":20,"gold_loss":0,"cards_obtained":["RitualDagger"]},{"damage_healed":0,"gold_gain":0,"player_choice":"Became a vampire","damage_taken":0,"max_hp_gain":0,"max_hp_loss":23,"event_name":"Vampires","floor":21,"gold_loss":0,"cards_obtained":["Bite","Bite","Bite","Bite","Bite"]},{"damage_healed":0,"gold_gain":0,"player_choice":"Ignored","damage_taken":0,"max_hp_gain":0,"max_hp_loss":0,"event_name":"Ghosts","floor":24,"gold_loss":0},{"damage_healed":0,"gold_gain":0,"player_choice":"Paid","damage_taken":0,"relics_obtained":["Red Mask"],"max_hp_gain":0,"max_hp_loss":0,"event_name":"Tomb of Lord Red Mask","floor":37,"gold_loss":14},{"damage_healed":0,"gold_gain":0,"player_choice":"1 cards matched","damage_taken":0,"max_hp_gain":0,"max_hp_loss":0,"event_name":"Match and Keep!","floor":39,"gold_loss":0,"cards_obtained":["Intimidate"]},{"damage_healed":0,"gold_gain":0,"player_choice":"Fight","damage_taken":0,"max_hp_gain":0,"max_hp_loss":0,"event_name":"Mysterious Sphere","floor":48,"gold_loss":0}],"is_beta":false,"boss_relics":[{"not_picked":["Black Star","Empty Cage"],"picked":"Cursed Key"},{"not_picked":["Velvet Choker","Lizard Tail"],"picked":"Mark of Pain"}],"items_purged_floors":[22],"is_endless":false,"potions_floor_spawned":[5,10,11,14,27,30,33,35,41,44,46],"ascension_level":20}