{"gold_per_floor":[110,110,120,120,133,165,165,180,180,180,166,199,199,20,20,95,95,110,110,25,25,40,65,65,99,99,99],"floor_reached":27,"playtime":2211,"items_purged":[],"score":478,"play_id":"f9bb3617-c16c-49af-ad23-ead6555e673e","local_time":"20180822213451","is_ascension_mode":true,"campfire_choices":[{"data":"Neutralize","floor":7.0,"key":"SMITH"},{"floor":10.0,"key":"REST"},{"data":"Sucker Punch","floor":13.0,"key":"SMITH"},{"data":"All Out Attack","floor":15,"key":"SMITH"},{"data":"Dodge and Roll","floor":24,"key":"SMITH"}],"neow_cost":"","seed_source_timestamp":487084554531731,"circlet_count":0,"master_deck":["Defend_G","Defend_G","Defend_G","Defend_G","Defend_G","Survivor","Neutralize+1","AscendersBane","Slice","Dodge and Roll+1","Dagger Throw","Predator","Well Laid Plans","All Out Attack+1","Sucker Punch+1","Dagger Throw","Slice","Adrenaline","Bite","Bite","Bite","Bite","Bite","Quick Slash+1","Calculated Gamble","Terror"],"special_seed":0,"relics":["Ring of the Snake","Orichalcum","Blue Candle","Bottled Flame","Paper Crane","Happy Flower","Black Star","Ancient Tea Set","Omamori","Pen Nib","Boot","Blood Vial","Frozen Egg 2"],"potions_floor_usage":[16,22,23],"damage_taken":[{"damage":12.0,"enemies":"Jaw Worm","floor":1.0,"turns":6.0},{"damage":0.0,"enemies":"2 Louse","floor":3.0,"turns":4.0},{"damage":0.0,"enemies":"Cultist","floor":5.0,"turns":4.0},{"damage":20.0,"enemies":"Gremlin Nob","floor":6.0,"turns":4.0},{"damage":4.0,"enemies":"Blue Slaver","floor":8.0,"turns":4.0},{"damage":7.0,"enemies":"Exordium Thugs","floor":11.0,"turns":5.0},{"damage":5.0,"enemies":"3 Sentries","floor":12.0,"turns":6.0},{"damage":3,"enemies":"Slime Boss","floor":16,"turns":7},{"damage":0,"enemies":"3 Byrds","floor":18,"turns":5},{"damage":12,"enemies":"2 Thieves","floor":22,"turns":4},{"damage":27,"enemies":"Book of Stabbing","floor":23,"turns":7},{"damage":24,"enemies":"Slavers","floor":25,"turns":7},{"damage":37,"enemies":"Sentry and Sphere","floor":27,"turns":5}],"seed_played":"3299878747972233119","potions_obtained":[{"floor":5.0,"key":"Ancient Potion"},{"floor":6.0,"key":"GhostInAJar"},{"floor":12.0,"key":"Strength Potion"},{"floor":16,"key":"Ancient Potion"},{"floor":18,"key":"Fire Potion"}],"is_trial":false,"path_per_floor":["M","?","M","?","M","E","R","M","T","R","M","E","R","$","R","B",null,"M","?","?","?","M","E","R","E","T"],"character_chosen":"THE_SILENT","items_purchased":["Happy Flower","Slice"],"campfire_rested":1,"item_purchase_floors":[14,14],"current_hp_per_floor":[47,36,36,36,36,16,16,12,12,31,24,19,19,19,19,16,54,54,54,54,46,44,29,29,19,19,0],"gold":99,"neow_bonus":"","is_prod":false,"is_daily":false,"chose_seed":false,"campfire_upgraded":4,"win_rate":0,"timestamp":1534998891,"path_taken":["M","?","?","?","M","E","R","?","T","R","M","E","R","?","R","BOSS","M","?","?","?","M","E","R","E","T","M"],"build_version":"2018-08-16","purchased_purges":0,"victory":false,"max_hp_per_floor":[66,66,66,66,66,66,66,66,66,66,66,66,66,66,66,66,66,66,66,66,46,46,46,46,46,46,46],"card_choices":[{"not_picked":["Blur","Caltrops"],"picked":"Slice","floor":1.0},{"not_picked":["Bane","Deadly Poison"],"picked":"Dodge and Roll","floor":3.0},{"not_picked":["Reflex","Dagger Spray"],"picked":"Predator","floor":5.0},{"not_picked":["Blade Dance","Underhanded Strike"],"picked":"Well Laid Plans","floor":6.0},{"not_picked":["Quick Slash","Riddle With Holes"],"picked":"All Out Attack","floor":8.0},{"not_picked":["Acrobatics","Flying Knee"],"picked":"Sucker Punch","floor":11.0},{"not_picked":["Phantasmal Killer","Blade Dance"],"picked":"Dagger Throw","floor":12.0},{"not_picked":["Malaise","Bullet Time"],"picked":"Adrenaline","floor":16},{"not_picked":["Eviscerate","Well Laid Plans","Choke"],"picked":"SKIP","floor":18},{"not_picked":["Reflex","Underhanded Strike"],"picked":"Quick Slash+1","floor":22},{"not_picked":["Choke","Deadly Poison"],"picked":"Calculated Gamble","floor":23},{"not_picked":["Expertise","Poisoned Stab"],"picked":"Terror","floor":25}],"player_experience":569805,"relics_obtained":[{"floor":6.0,"key":"Blue Candle"},{"floor":9.0,"key":"Bottled Flame"},{"floor":12.0,"key":"Paper Crane"},{"floor":23,"key":"Omamori"},{"floor":23,"key":"Pen Nib"},{"floor":25,"key":"Boot"},{"floor":25,"key":"Blood Vial"},{"floor":26,"key":"Frozen Egg 2"}],"event_choices":[{"event_name":"Scrap Ooze","player_choice":"success","floor":2.0,"damage_taken":11.0},{"event_name":"Match and Keep!","player_choice":"1 cards matched","floor":4.0,"damage_taken":0.0},{"event_name":"Drug Dealer","player_choice":"Ignored","floor":19,"damage_taken":0},{"event_name":"Addict","player_choice":"Obtained Relic","floor":20,"damage_taken":0},{"event_name":"Vampires","player_choice":"Became a vampire","floor":21,"damage_taken":0}],"is_beta":false,"boss_relics":[{"not_picked":["Tiny House","Lizard Tail"],"picked":"Black Star"}],"items_purged_floors":[],"is_endless":false,"potions_floor_spawned":[5,6,12,16,18],"killed_by":"Sentry and Sphere","ascension_level":15}