{"gold_per_floor":[119,185,202,202,219,254,270,270,270,270,303,314,239,250,250,345,345,355,62,62,62,62,62,88,100,126,52,52,62,90,90,90,185,185,197,197,215,142,156,187,187,220,220,220,238,266,276,276,276,276],"floor_reached":51,"playtime":2445,"items_purged":["Strike_R","Strike_R"],"score":858,"play_id":"243b5753-9116-4b94-92ed-5f3931693a42","local_time":"20190413225858","is_ascension_mode":false,"campfire_choices":[{"data":"Carnage","floor":8,"key":"SMITH"},{"data":"Bash","floor":10,"key":"SMITH"},{"data":"Shockwave","floor":15,"key":"SMITH"},{"data":"Disarm","floor":23,"key":"SMITH"},{"data":"Clothesline","floor":28,"key":"SMITH"},{"data":"Corruption","floor":32,"key":"SMITH"},{"data":"Immolate","floor":41,"key":"SMITH"},{"data":"Discovery","floor":44,"key":"SMITH"},{"data":"Armaments","floor":49,"key":"SMITH"}],"neow_cost":"NONE","seed_source_timestamp":128627062728000,"circlet_count":0,"master_deck":["Bash+1","Carnage+1","Shockwave+1","Spot Weakness","Clothesline+1","Intimidate","Feed","Disarm+1","Reaper","Sword Boomerang+1","Necronomicurse","Corruption+1","Flame Barrier","Inflame","Rage","Headbutt","Inflame","Double Tap","Spot Weakness","Body Slam","Immolate+1","Battle Trance","Whirlwind+1","Double Tap","Sword Boomerang","Warcry+1","Discovery+1","Master of Strategy","Secret Technique","Ghostly Armor+1","Headbutt","Armaments+1","True Grit+1","Iron Wave","Disarm+1","Armaments+1"],"relics":["Burning Blood","Dodecahedron","Mummified Hand","Bag of Marbles","Velvet Choker","ClockworkSouvenir","Necronomicon","Omamori","Orichalcum","Blood Vial","Bronze Scales","Pandora\u0027s Box","Bottled Flame","Question Card","The Courier"],"potions_floor_usage":[42,50],"damage_taken":[{"damage":1,"enemies":"Jaw Worm","floor":1,"turns":5},{"damage":0,"enemies":"2 Louse","floor":3,"turns":3},{"damage":5,"enemies":"Small Slimes","floor":5,"turns":5},{"damage":26,"enemies":"Gremlin Nob","floor":6,"turns":4},{"damage":0,"enemies":"3 Louse","floor":7,"turns":4},{"damage":20,"enemies":"3 Sentries","floor":11,"turns":7},{"damage":14,"enemies":"Red Slaver","floor":12,"turns":3},{"damage":3,"enemies":"Large Slime","floor":14,"turns":5},{"damage":34,"enemies":"The Guardian","floor":16,"turns":9},{"damage":9,"enemies":"Shell Parasite","floor":18,"turns":4},{"damage":28,"enemies":"Slavers","floor":24,"turns":6},{"damage":2,"enemies":"2 Thieves","floor":25,"turns":3},{"damage":1,"enemies":"Snecko","floor":29,"turns":4},{"damage":18,"enemies":"Gremlin Leader","floor":30,"turns":5},{"damage":39,"enemies":"Collector","floor":33,"turns":5},{"damage":7,"enemies":"3 Shapes","floor":35,"turns":3},{"damage":6,"enemies":"Orb Walker","floor":37,"turns":3},{"damage":0,"enemies":"Transient","floor":39,"turns":5},{"damage":25,"enemies":"Nemesis","floor":40,"turns":5},{"damage":30,"enemies":"Giant Head","floor":42,"turns":7},{"damage":6,"enemies":"Writhing Mass","floor":45,"turns":5},{"damage":3,"enemies":"Reptomancer","floor":46,"turns":2},{"damage":0,"enemies":"Maw","floor":47,"turns":4},{"damage":26,"enemies":"Donu and Deca","floor":50,"turns":6}],"seed_played":"-4499373105647907997","potions_obtained":[{"floor":1,"key":"Ancient Potion"},{"floor":7,"key":"SkillPotion"},{"floor":11,"key":"Regen Potion"},{"floor":14,"key":"Strength Potion"},{"floor":25,"key":"Swift Potion"},{"floor":42,"key":"EssenceOfSteel"},{"floor":47,"key":"Block Potion"}],"is_trial":false,"path_per_floor":["M","?","M","?","M","E","M","R","T","R","E","M","$","M","R","B",null,"M","$","?","?","?","R","E","M","T","$","R","M","E","?","R","B",null,"M","?","M","$","M","E","R","E","T","R","M","E","M","?","R","B",null],"character_chosen":"IRONCLAD","items_purchased":["ClockworkSouvenir","Inflame","Headbutt","Armaments"],"campfire_rested":0,"item_purchase_floors":[19,27,38,38],"current_hp_per_floor":[88,88,88,93,93,73,79,79,79,79,65,60,60,66,66,41,102,102,102,102,86,86,86,91,110,110,110,110,114,117,117,117,87,120,122,112,123,123,123,104,104,97,97,97,99,104,126,126,126,126],"gold":276,"neow_bonus":"TEN_PERCENT_HP_BONUS","is_prod":false,"is_daily":false,"chose_seed":false,"campfire_upgraded":9,"win_rate":1,"timestamp":1555221538,"path_taken":["M","?","M","?","M","E","M","R","T","R","E","M","$","M","R","BOSS","M","$","?","?","?","R","E","M","T","$","R","M","E","?","R","BOSS","M","?","M","$","M","E","R","E","T","R","M","E","M","?","R","BOSS"],"build_version":"2019-01-23","purchased_purges":2,"victory":true,"max_hp_per_floor":[88,88,88,93,93,93,93,93,93,93,93,96,96,99,99,102,102,105,105,105,105,105,105,108,111,111,111,111,114,117,117,117,120,120,123,123,123,123,123,123,123,126,126,126,126,126,126,126,126,126],"card_choices":[{"not_picked":["Clothesline","Wild Strike"],"picked":"Carnage","floor":1},{"not_picked":["Cleave","Entrench"],"picked":"Shockwave","floor":3},{"not_picked":["Perfected Strike","Rupture"],"picked":"Spot Weakness","floor":5},{"not_picked":["Cleave","Clash"],"picked":"Clothesline","floor":6},{"not_picked":["Rampage","Sever Soul"],"picked":"Intimidate","floor":7},{"not_picked":["Thunderclap","Iron Wave"],"picked":"Feed","floor":11},{"not_picked":["Pommel Strike","Evolve"],"picked":"Disarm","floor":12},{"not_picked":["Warcry","Flex","Burning Pact"],"picked":"SKIP","floor":14},{"not_picked":["Double Tap","Dark Embrace"],"picked":"Reaper","floor":16},{"not_picked":["Heavy Blade","Fire Breathing"],"picked":"Sword Boomerang+1","floor":18},{"not_picked":["Warcry","Twin Strike"],"picked":"Corruption","floor":24},{"not_picked":["Clash+1","Intimidate"],"picked":"Flame Barrier","floor":25},{"not_picked":["Twin Strike","Cleave+1"],"picked":"Rage","floor":29},{"not_picked":["Intimidate","Barricade"],"picked":"Headbutt","floor":30},{"not_picked":["Fiend Fire","Brutality"],"picked":"Double Tap","floor":33},{"not_picked":["Fire Breathing","Body Slam+1"],"picked":"Warcry+1","floor":35},{"not_picked":["Madness","Flash of Steel"],"picked":"Discovery","floor":36},{"not_picked":["Secret Technique","Violence"],"picked":"Master of Strategy","floor":36},{"not_picked":["Forethought","Secret Weapon"],"picked":"Secret Technique","floor":36},{"not_picked":["Infernal Blade+1","Corruption+1"],"picked":"Ghostly Armor+1","floor":37},{"not_picked":["Wild Strike+1","Warcry+1"],"picked":"True Grit+1","floor":39},{"not_picked":["Bloodletting+1","Clothesline"],"picked":"Iron Wave","floor":40},{"not_picked":["Perfected Strike","Havoc","Brutality"],"picked":"SKIP","floor":42},{"not_picked":["Anger","Body Slam","Rampage+1","Wild Strike+1"],"picked":"SKIP","floor":45},{"not_picked":["Pommel Strike","Body Slam","Evolve"],"picked":"Disarm+1","floor":46},{"not_picked":["Clash","Carnage","Spot Weakness"],"picked":"Armaments+1","floor":47}],"player_experience":337252,"relics_obtained":[{"floor":6,"key":"Dodecahedron"},{"floor":9,"key":"Mummified Hand"},{"floor":11,"key":"Bag of Marbles"},{"floor":21,"key":"Necronomicon"},{"floor":24,"key":"Orichalcum"},{"floor":26,"key":"Blood Vial"},{"floor":30,"key":"Bronze Scales"},{"floor":40,"key":"Bottled Flame"},{"floor":42,"key":"Question Card"},{"floor":46,"key":"The Courier"}],"event_choices":[{"damage_healed":0,"gold_gain":66,"player_choice":"Gained Gold","damage_taken":0,"max_hp_gain":0,"max_hp_loss":0,"event_name":"Golden Wing","floor":2,"gold_loss":0},{"damage_healed":0,"gold_gain":0,"player_choice":"Donut","damage_taken":0,"max_hp_gain":5,"max_hp_loss":0,"event_name":"Big Fish","floor":4,"gold_loss":0},{"damage_healed":0,"gold_gain":0,"player_choice":"Ignored","damage_taken":0,"max_hp_gain":0,"max_hp_loss":0,"event_name":"Vampires","floor":20,"gold_loss":0},{"damage_healed":0,"gold_gain":0,"player_choice":"Obtained Book","damage_taken":16,"max_hp_gain":0,"max_hp_loss":0,"event_name":"Cursed Tome","floor":21,"gold_loss":0},{"damage_healed":0,"gold_gain":0,"player_choice":"Opened","damage_taken":0,"relics_obtained":["Omamori"],"max_hp_gain":0,"max_hp_loss":0,"event_name":"The Mausoleum","floor":22,"gold_loss":0},{"damage_healed":0,"gold_gain":0,"player_choice":"Read","damage_taken":0,"max_hp_gain":0,"max_hp_loss":0,"event_name":"The Library","floor":31,"gold_loss":0,"cards_obtained":["Inflame"]},{"damage_healed":0,"gold_gain":0,"player_choice":"Memory 3","damage_taken":10,"max_hp_gain":0,"max_hp_loss":0,"event_name":"SensoryStone","floor":36,"gold_loss":0},{"damage_healed":0,"gold_gain":0,"player_choice":"Upgraded","damage_taken":0,"max_hp_gain":0,"max_hp_loss":0,"event_name":"Upgrade Shrine","floor":48,"gold_loss":0,"cards_upgraded":["Whirlwind"]}],"is_beta":false,"boss_relics":[{"not_picked":["Black Blood","Busted Crown"],"picked":"Velvet Choker"},{"not_picked":["Black Star","Runic Pyramid"],"picked":"Pandora\u0027s Box"}],"items_purged_floors":[13,19],"is_endless":false,"potions_floor_spawned":[1,7,11,14,25,39,40,42,47],"ascension_level":0}