{"gold_per_floor":[112,128,203,62,62,95,95,123,123,123,140,174,185,202,202,302,302,316,241,39,56,56,56],"floor_reached":23,"playtime":1393,"items_purged":["Strike_B"],"score":272,"play_id":"5465c9ef-6712-4666-9d41-e041f4995867","local_time":"20180803181141","is_ascension_mode":true,"campfire_choices":[{"data":"Sunder","floor":7,"key":"SMITH"},{"floor":10,"key":"REST"},{"data":"Go for the Eyes","floor":15,"key":"SMITH"}],"neow_cost":"NONE","seed_source_timestamp":972333097019374,"circlet_count":0,"master_deck":["Strike_B","Strike_B","Defend_B","Defend_B","Defend_B","Defend_B","Zap","Dualcast","BootSequence","Cold Snap","Rainbow","Sunder+1","Go for the Eyes+1","Hologram","Glacier","Leap","Genetic Algorithm","Seek","Cold Snap","Ball Lightning","Bandage Up","Melter+1"],"relics":["FrozenCore","Letter Opener","Ancient Tea Set","Lantern","Cables","Question Card","Nilry\u0027s Codex"],"potions_floor_usage":[16,16],"damage_taken":[{"damage":6,"enemies":"Jaw Worm","floor":1,"turns":4},{"damage":0,"enemies":"Small Slimes","floor":2,"turns":3},{"damage":17,"enemies":"Lagavulin","floor":6,"turns":8},{"damage":17,"enemies":"Gremlin Nob","floor":8,"turns":4},{"damage":0,"enemies":"Cultist","floor":11,"turns":2},{"damage":6,"enemies":"Lagavulin","floor":12,"turns":4},{"damage":0,"enemies":"Looter","floor":13,"turns":2},{"damage":0,"enemies":"Large Slime","floor":14,"turns":3},{"damage":7,"enemies":"Hexaghost","floor":16,"turns":13},{"damage":5,"enemies":"Spheric Guardian","floor":18,"turns":7},{"damage":0,"enemies":"2 Thieves","floor":21,"turns":4},{"damage":54,"enemies":"Gremlin Leader","floor":23,"turns":5}],"seed_played":"-4842004754253161820","potions_obtained":[{"floor":12,"key":"SkillPotion"},{"floor":13,"key":"Energy Potion"},{"floor":14,"key":"Poison Potion"},{"floor":18,"key":"Explosive Potion"}],"is_trial":false,"path_per_floor":["M","M","?","$","?","E","R","E","T","R","M","E","M","M","R","B",null,"M","?","$","M","?"],"character_chosen":"DEFECT","items_purchased":["Rainbow","Ball Lightning","Bandage Up"],"campfire_rested":1,"item_purchase_floors":[4,20,20],"current_hp_per_floor":[69,69,58,58,46,29,29,12,12,36,36,30,30,30,30,23,67,62,62,62,66,50,0],"gold":56,"neow_bonus":"TEN_PERCENT_HP_BONUS","is_prod":false,"is_daily":false,"chose_seed":false,"campfire_upgraded":2,"win_rate":0,"timestamp":1533345101,"path_taken":["M","M","?","?","?","E","R","E","T","R","M","E","M","?","R","BOSS","M","?","?","?","?","E"],"build_version":"2018-08-02","purchased_purges":1,"victory":false,"max_hp_per_floor":[82,82,82,82,82,82,82,82,82,82,82,82,82,82,82,82,82,82,82,82,82,82,82],"card_choices":[{"not_picked":["Barrage","Redo"],"picked":"BootSequence","floor":1},{"not_picked":["Beam Cell","Barrage"],"picked":"Cold Snap","floor":2},{"not_picked":["Darkness","Hologram"],"picked":"Sunder","floor":6},{"not_picked":["Compile Driver","Melter"],"picked":"Go for the Eyes","floor":8},{"not_picked":["Hello World","Turbo"],"picked":"Hologram","floor":11},{"not_picked":["Turbo","Steam"],"picked":"Glacier","floor":12},{"not_picked":["Double Energy","Turbo","Go for the Eyes"],"picked":"Leap","floor":13},{"not_picked":["Machine Learning","Coolheaded","Turbo"],"picked":"Genetic Algorithm","floor":14},{"not_picked":["Hyperbeam","Core Surge","Reboot"],"picked":"Seek","floor":16},{"not_picked":["Reinforced Body","Turbo","Steam"],"picked":"Cold Snap","floor":18},{"not_picked":["Darkness","Barrage","Hello World"],"picked":"Melter+1","floor":21}],"player_experience":274768,"relics_obtained":[{"floor":6,"key":"Ancient Tea Set"},{"floor":8,"key":"Lantern"},{"floor":9,"key":"Cables"},{"floor":12,"key":"Question Card"},{"floor":22,"key":"Nilry\u0027s Codex"}],"event_choices":[{"event_name":"World of Goop","player_choice":"Gather Gold","floor":3,"damage_taken":0},{"event_name":"Scrap Ooze","player_choice":"success","floor":5,"damage_taken":12},{"event_name":"Beggar","player_choice":"Gave Gold","floor":19,"damage_taken":0},{"event_name":"Cursed Tome","player_choice":"Obtained Book","floor":22,"damage_taken":0}],"is_beta":false,"boss_relics":[{"not_picked":["Coffee Dripper","Fusion Hammer"],"picked":"FrozenCore"}],"items_purged_floors":[20],"is_endless":false,"potions_floor_spawned":[12,13,14,18],"killed_by":"Gremlin Leader","ascension_level":6}