{"gold_per_floor":[117,117,217,230,241,241,270,281,281,308,43,72,72],"floor_reached":13,"playtime":630,"items_purged":["Strike_B"],"score":165,"play_id":"f3dd80a0-e349-4de9-ab32-9bf0dc9c7e74","local_time":"20180812222142","is_ascension_mode":true,"campfire_choices":[{"data":"Dualcast","floor":6,"key":"SMITH"}],"neow_cost":"NONE","seed_source_timestamp":1765718077745870,"circlet_count":0,"master_deck":["Strike_B","Strike_B","Strike_B","Defend_B","Defend_B","Defend_B","Defend_B","Zap+1","Dualcast+1","AscendersBane","Gash","Genetic Algorithm","Echo Form","Gash","Genetic Algorithm","Glacier","Gash"],"relics":["Cracked Core","Calipers","Ice Cream","Darkstone Periapt","Strange Spoon","Matryoshka"],"potions_floor_usage":[7,10,12],"damage_taken":[{"damage":5,"enemies":"Small Slimes","floor":1,"turns":3},{"damage":2,"enemies":"Jaw Worm","floor":4,"turns":3},{"damage":0,"enemies":"Cultist","floor":5,"turns":3},{"damage":7,"enemies":"Lagavulin","floor":7,"turns":6},{"damage":13,"enemies":"Blue Slaver","floor":8,"turns":4},{"damage":23,"enemies":"3 Sentries","floor":10,"turns":8},{"damage":14,"enemies":"Gremlin Nob","floor":12,"turns":5},{"damage":18,"enemies":"Exordium Thugs","floor":13,"turns":2}],"seed_played":"-2276902001505307155","potions_obtained":[{"floor":0,"key":"SmokeBomb"},{"floor":0,"key":"Regen Potion"},{"floor":4,"key":"SneckoOil"},{"floor":7,"key":"SpeedPotion"},{"floor":10,"key":"PowerPotion"}],"is_trial":false,"path_per_floor":["M","?","?","M","M","R","E","M","T","E","$","E"],"character_chosen":"DEFECT","items_purchased":["Strange Spoon"],"campfire_rested":0,"item_purchase_floors":[11],"current_hp_per_floor":[63,63,63,61,61,61,68,55,55,32,32,18,0],"gold":72,"neow_bonus":"THREE_SMALL_POTIONS","is_prod":false,"is_daily":false,"chose_seed":false,"campfire_upgraded":1,"win_rate":0,"timestamp":1534137702,"path_taken":["M","?","?","?","M","R","E","M","T","E","?","E","M"],"build_version":"2018-08-09","purchased_purges":1,"victory":false,"max_hp_per_floor":[75,75,75,75,75,75,75,75,75,75,75,75,75],"card_choices":[{"not_picked":["Coolheaded","Turbo"],"picked":"Gash","floor":1},{"not_picked":["Compile Driver","Sweeping Beam"],"picked":"Genetic Algorithm","floor":4},{"not_picked":["Conserve Battery","Darkness"],"picked":"Echo Form","floor":5},{"not_picked":["Steam","Go for the Eyes"],"picked":"Gash","floor":7},{"not_picked":["Hologram","Doom and Gloom"],"picked":"Genetic Algorithm","floor":8},{"not_picked":["Double Energy","Sweeping Beam"],"picked":"Glacier","floor":10},{"not_picked":["Conserve Battery","Turbo"],"picked":"Gash","floor":12}],"player_experience":446637,"relics_obtained":[{"floor":7,"key":"Calipers"},{"floor":9,"key":"Ice Cream"},{"floor":10,"key":"Darkstone Periapt"},{"floor":12,"key":"Matryoshka"}],"event_choices":[{"event_name":"Living Wall","player_choice":"Grow","floor":2,"damage_taken":0},{"event_name":"Golden Shrine","player_choice":"Pray","floor":3,"damage_taken":0}],"is_beta":false,"boss_relics":[],"items_purged_floors":[11],"is_endless":false,"potions_floor_spawned":[4,7,10],"killed_by":"Exordium Thugs","ascension_level":12}