{"gold_per_floor":[116,136,136,151,151,151,169,169,192,204,245,257,281,293],"floor_reached":14,"playtime":382,"items_purged":[],"score":171,"play_id":"d2253a53-2566-4e4e-9873-1413e3c7aa80","local_time":"20190411233817","is_ascension_mode":true,"campfire_choices":[{"data":"Compile Driver","floor":6.0,"key":"SMITH"},{"data":"Genetic Algorithm","floor":10.0,"key":"SMITH"},{"floor":12.0,"key":"REST"}],"neow_cost":"PERCENT_DAMAGE","seed_source_timestamp":185196622561800,"circlet_count":0,"master_deck":["AscendersBane","Strike_B","Strike_B","Strike_B","Defend_B","Defend_B","Defend_B","Defend_B","Zap","Dualcast","Rainbow+1","Compile Driver+1","Cold Snap","Genetic Algorithm+1","Coolheaded"],"special_seed":0,"relics":["Cracked Core","MawBank","PreservedInsect"],"potions_floor_usage":[14],"damage_taken":[{"damage":5.0,"enemies":"Small Slimes","floor":1.0,"turns":3.0},{"damage":0.0,"enemies":"2 Louse","floor":2.0,"turns":2.0},{"damage":0.0,"enemies":"Cultist","floor":4.0,"turns":3.0},{"damage":0.0,"enemies":"Lots of Slimes","floor":7.0,"turns":2.0},{"damage":29.0,"enemies":"3 Sentries","floor":11.0,"turns":9.0},{"damage":10.0,"enemies":"3 Louse","floor":13.0,"turns":3.0},{"damage":27,"enemies":"Gremlin Gang","floor":14,"turns":3}],"seed_played":"5378043884398422509","potions_obtained":[{"floor":2.0,"key":"Explosive Potion"},{"floor":7.0,"key":"SpeedPotion"},{"floor":11.0,"key":"EssenceOfSteel"}],"is_trial":false,"path_per_floor":["M","M","?","M","?","R","M","?","T","R","E","R","M","M"],"character_chosen":"DEFECT","items_purchased":[],"campfire_rested":1,"item_purchase_floors":[],"current_hp_per_floor":[41,41,41,41,41,41,41,41,41,41,12,33,23,0],"gold":293,"neow_bonus":"THREE_RARE_CARDS","is_prod":false,"is_daily":false,"chose_seed":false,"campfire_upgraded":2,"win_rate":0,"timestamp":1555051097,"path_taken":["M","M","?","M","?","R","M","?","T","R","E","R","M","M"],"build_version":"2019-01-23","purchased_purges":0,"victory":false,"max_hp_per_floor":[71,71,71,71,71,71,71,71,71,71,71,71,71,71],"card_choices":[{"not_picked":["Seek","Buffer"],"picked":"Rainbow","floor":0.0},{"not_picked":["Stack","Reinforced Body","Barrage"],"picked":"SKIP","floor":1.0},{"not_picked":["Darkness","Steam"],"picked":"Compile Driver","floor":2.0},{"not_picked":["Hologram","Sweeping Beam"],"picked":"Cold Snap","floor":4.0},{"not_picked":["Machine Learning","Skim"],"picked":"Genetic Algorithm","floor":7.0},{"not_picked":["Sweeping Beam","Redo"],"picked":"Coolheaded","floor":11.0},{"not_picked":["Go for the Eyes","Scrape","Streamline"],"picked":"SKIP","floor":13.0}],"player_experience":534399,"relics_obtained":[{"floor":9.0,"key":"MawBank"},{"floor":11.0,"key":"PreservedInsect"}],"event_choices":[{"damage_healed":0.0,"max_hp_gain":0.0,"max_hp_loss":0.0,"gold_gain":0.0,"event_name":"Living Wall","player_choice":"Grow","floor":3.0,"gold_loss":0.0,"damage_taken":0.0,"cards_upgraded":["Rainbow"]},{"damage_healed":0.0,"max_hp_gain":0.0,"max_hp_loss":0.0,"gold_gain":0.0,"event_name":"Liars Game","player_choice":"Ignored","floor":5.0,"gold_loss":0.0,"damage_taken":0.0},{"cards_removed":["Strike_B"],"damage_healed":0.0,"max_hp_gain":0.0,"max_hp_loss":0.0,"gold_gain":0.0,"event_name":"Purifier","player_choice":"Purged","floor":8.0,"gold_loss":0.0,"damage_taken":0.0}],"is_beta":false,"boss_relics":[],"items_purged_floors":[],"is_endless":false,"potions_floor_spawned":[2,7,11],"killed_by":"Gremlin Gang","ascension_level":18}