{"gold_per_floor":[113,113,59,134,149,175,175,209,209,226,226,7,7,32,32,107,107,127,127,127,47,0,31,31,31],"floor_reached":25,"playtime":1054,"items_purged":["Strike_B","Writhe"],"score":456,"play_id":"f2ccab8a-c646-4ed5-ad03-a4a6b6be1953","local_time":"20180926235619","is_ascension_mode":true,"campfire_choices":[{"floor":7,"key":"REST"},{"floor":11,"key":"REST"},{"data":"Zap","floor":15,"key":"SMITH"},{"floor":24,"key":"REST"}],"neow_cost":"NONE","seed_source_timestamp":540511517510116,"circlet_count":0,"master_deck":["Strike_B","Strike_B","Defend_B","Defend_B","Defend_B","Defend_B","Zap+1","Dualcast","AscendersBane","Ball Lightning","Leap","Steam","Buffer+1","Loop","Stack","Conserve Battery","Rip and Tear+1"],"relics":["Cracked Core","Blue Candle","Shuriken","Ancient Tea Set","Tiny Chest","Singing Bowl","Velvet Choker","Smiling Mask","StoneCalendar","Pear"],"potions_floor_usage":[8,14,16,18],"damage_taken":[{"damage":6,"enemies":"Jaw Worm","floor":1,"turns":5},{"damage":0,"enemies":"Cultist","floor":5,"turns":3},{"damage":27,"enemies":"Lagavulin","floor":6,"turns":8},{"damage":20,"enemies":"3 Sentries","floor":8,"turns":6},{"damage":0,"enemies":"2 Louse","floor":10,"turns":3},{"damage":16,"enemies":"Gremlin Nob","floor":14,"turns":5},{"damage":31,"enemies":"Hexaghost","floor":16,"turns":11},{"damage":0,"enemies":"3 Byrds","floor":18,"turns":2},{"damage":3,"enemies":"2 Thieves","floor":22,"turns":4},{"damage":51,"enemies":"Book of Stabbing","floor":23,"turns":7},{"damage":52,"enemies":"Gremlin Leader","floor":25,"turns":4}],"seed_played":"-5901631165166134768","potions_obtained":[{"floor":5,"key":"LiquidBronze"},{"floor":6,"key":"PowerPotion"},{"floor":10,"key":"AttackPotion"},{"floor":16,"key":"PowerPotion"}],"is_trial":false,"path_per_floor":["M","?","$","?","M","E","R","E","T","M","R","$","?","E","R","B",null,"M","?","T","$","M","E","R"],"character_chosen":"DEFECT","items_purchased":["Leap","Tiny Chest","Stack"],"campfire_rested":3,"item_purchase_floors":[3,12,21],"current_hp_per_floor":[65,58,58,47,47,20,43,23,23,23,46,46,46,32,32,3,62,62,62,62,62,59,18,45,0],"gold":31,"neow_bonus":"TEN_PERCENT_HP_BONUS","is_prod":false,"is_daily":false,"chose_seed":false,"campfire_upgraded":1,"win_rate":0,"timestamp":1538020579,"path_taken":["M","?","$","?","M","E","R","E","T","M","R","?","?","E","R","BOSS","M","?","?","?","?","E","R","E"],"build_version":"2018-09-20","purchased_purges":2,"victory":false,"max_hp_per_floor":[78,78,78,78,78,78,78,78,78,78,78,78,78,80,80,82,82,82,82,82,82,82,92,92,92],"card_choices":[{"not_picked":["Conserve Battery","Hello World"],"picked":"Ball Lightning","floor":1},{"not_picked":["Streamline","Aggregate"],"picked":"Steam","floor":5},{"not_picked":["Darkness","Turbo"],"picked":"Buffer","floor":6},{"not_picked":["Redo","Coolheaded","Aggregate"],"picked":"SKIP","floor":8},{"not_picked":["Rebound","Chill","Sweeping Beam"],"picked":"SKIP","floor":10},{"not_picked":["Gash","Streamline","Hello World"],"picked":"Singing Bowl","floor":14},{"not_picked":["Machine Learning","Hyperbeam","Creative AI"],"picked":"Singing Bowl","floor":16},{"not_picked":["Compile Driver","Rebound"],"picked":"Loop","floor":18},{"not_picked":["Skim","Leap"],"picked":"Conserve Battery","floor":22},{"not_picked":["Undo+1","Stack"],"picked":"Rip and Tear+1","floor":23}],"player_experience":644869,"relics_obtained":[{"floor":6,"key":"Blue Candle"},{"floor":8,"key":"Shuriken"},{"floor":9,"key":"Ancient Tea Set"},{"floor":14,"key":"Singing Bowl"},{"floor":20,"key":"StoneCalendar"},{"floor":23,"key":"Pear"}],"event_choices":[{"event_name":"Golden Wing","player_choice":"Card Removal","floor":2,"damage_taken":0},{"event_name":"World of Goop","player_choice":"Gather Gold","floor":4,"damage_taken":0},{"event_name":"Living Wall","player_choice":"Grow","floor":13,"damage_taken":0},{"event_name":"The Mausoleum","player_choice":"Yes","floor":19,"damage_taken":0}],"is_beta":false,"boss_relics":[{"not_picked":["Lizard Tail","Snecko Eye"],"picked":"Velvet Choker"}],"items_purged_floors":[12,21],"is_endless":false,"potions_floor_spawned":[5,6,10,16],"killed_by":"Gremlin Leader","ascension_level":17}