{"gold_per_floor":[114,133,152,21,21,21,53,53,53,53,81,97,123,139,139,139],"floor_reached":16,"playtime":1053,"items_purged":[],"score":198,"play_id":"b56f9539-4e46-43f4-9c20-39bc078b389b","local_time":"20190402115518","is_ascension_mode":true,"campfire_choices":[{"data":"Armaments","floor":6.0,"key":"SMITH"},{"data":"Searing Blow","floor":10.0,"key":"SMITH"},{"data":"Searing Blow+1","floor":15.0,"key":"SMITH"}],"neow_cost":"NONE","seed_source_timestamp":0,"circlet_count":0,"master_deck":["AscendersBane","Strike_R","Strike_R","Strike_R","Strike_R","Strike_R","Defend_R","Defend_R","Defend_R","Defend_R","Bash","Thunderclap","Searing Blow+2","Battle Trance","Armaments+1","Feel No Pain","Corruption","Impervious","Flame Barrier"],"special_seed":0,"relics":["Burning Blood","Sundial","Vajra","Potion Belt","Darkstone Periapt"],"potions_floor_usage":[16,16],"damage_taken":[{"damage":10.0,"enemies":"Small Slimes","floor":1.0,"turns":5.0},{"damage":1.0,"enemies":"Cultist","floor":2.0,"turns":4.0},{"damage":7.0,"enemies":"2 Louse","floor":3.0,"turns":3.0},{"damage":17.0,"enemies":"3 Sentries","floor":7.0,"turns":9.0},{"damage":24.0,"enemies":"Gremlin Nob","floor":11.0,"turns":5.0},{"damage":11.0,"enemies":"Looter","floor":12.0,"turns":2.0},{"damage":4.0,"enemies":"Lagavulin","floor":13.0,"turns":7.0},{"damage":0.0,"enemies":"2 Fungi Beasts","floor":14.0,"turns":3.0},{"damage":59,"enemies":"Hexaghost","floor":16,"turns":9}],"seed_played":"-1246366091523927207","potions_obtained":[{"floor":3.0,"key":"Strength Potion"},{"floor":5.0,"key":"Fruit Juice"},{"floor":7.0,"key":"Weak Potion"},{"floor":13.0,"key":"SmokeBomb"},{"floor":14.0,"key":"GamblersBrew"}],"is_trial":false,"path_per_floor":["M","M","M","$","?","R","E","$","T","R","E","M","E","M","R","B"],"character_chosen":"IRONCLAD","items_purchased":["Armaments","Feel No Pain"],"campfire_rested":0,"item_purchase_floors":[4,4],"current_hp_per_floor":[76,81,80,80,80,80,74,74,74,74,56,51,53,59,59,0],"gold":139,"neow_bonus":"TEN_PERCENT_HP_BONUS","is_prod":false,"is_daily":false,"chose_seed":false,"campfire_upgraded":3,"win_rate":0,"timestamp":1554220518,"path_taken":["M","M","M","$","?","R","E","$","T","R","E","M","E","?","R","BOSS"],"build_version":"2019-01-23","purchased_purges":0,"victory":false,"max_hp_per_floor":[88,88,88,88,88,88,93,93,93,93,93,93,93,93,93,93],"card_choices":[{"not_picked":["Bloodletting","Ghostly Armor"],"picked":"Thunderclap","floor":1.0},{"not_picked":["Shockwave","True Grit"],"picked":"Searing Blow","floor":2.0},{"not_picked":["Twin Strike","Reckless Charge"],"picked":"Battle Trance","floor":3.0},{"not_picked":["Inflame","Body Slam","Flex"],"picked":"SKIP","floor":7.0},{"not_picked":["Uppercut","Blood for Blood"],"picked":"Corruption","floor":11.0},{"not_picked":["Cleave","Wild Strike"],"picked":"Impervious","floor":12.0},{"not_picked":["Metallicize","Seeing Red"],"picked":"Flame Barrier","floor":13.0},{"not_picked":["Whirlwind","Dual Wield","Rage"],"picked":"SKIP","floor":14.0}],"player_experience":2057538,"relics_obtained":[{"floor":7.0,"key":"Sundial"},{"floor":9.0,"key":"Vajra"},{"floor":11.0,"key":"Potion Belt"},{"floor":13.0,"key":"Darkstone Periapt"}],"event_choices":[{"damage_healed":0.0,"max_hp_gain":0.0,"max_hp_loss":0.0,"gold_gain":0.0,"event_name":"Lab","player_choice":"Got Potions","floor":5.0,"gold_loss":0.0,"damage_taken":0.0}],"is_beta":false,"boss_relics":[],"items_purged_floors":[],"is_endless":false,"potions_floor_spawned":[3,7,13,14],"killed_by":"Hexaghost","ascension_level":13}