{"gold_per_floor":[13,33,33,47,47,47,62,97,135,171,227,204,254,280,292,434,446,474,504,516,528,553,565],"floor_reached":23,"playtime":1739,"items_purged":[],"score":275,"play_id":"5f42eb52-e31a-4695-99e0-fdae51cbfdae","local_time":"20180720193355","is_ascension_mode":true,"campfire_choices":[{"data":"Offering","floor":6,"key":"SMITH"},{"floor":15,"key":"REST"}],"neow_cost":"NO_GOLD","seed_source_timestamp":413663265827925,"circlet_count":0,"master_deck":["Strike_R","Strike_R","Strike_R","Strike_R","Strike_R","Defend_R","Defend_R","Defend_R","Defend_R","Bash","Offering+1","Infernal Blade","Burning Pact","Rampage","Fiend Fire","Headbutt","Offering","Headbutt+1","RitualDagger"],"relics":["Burning Blood","Mango","Bloody Idol","Regal Pillow","MawBank","Anchor","Strawberry","Dream Catcher","Sozu"],"potions_floor_usage":[11,11,13,16],"damage_taken":[{"damage":6,"enemies":"Cultist","floor":1,"turns":3},{"damage":0,"enemies":"2 Louse","floor":2,"turns":3},{"damage":6,"enemies":"Jaw Worm","floor":4,"turns":4},{"damage":21,"enemies":"Blue Slaver","floor":7,"turns":7},{"damage":29,"enemies":"3 Sentries","floor":8,"turns":13},{"damage":14,"enemies":"Lots of Slimes","floor":10,"turns":6},{"damage":5,"enemies":"Gremlin Nob","floor":11,"turns":1},{"damage":38,"enemies":"Lagavulin","floor":13,"turns":8},{"damage":5,"enemies":"Looter","floor":14,"turns":3},{"damage":58,"enemies":"Hexaghost","floor":16,"turns":8},{"damage":8,"enemies":"Shell Parasite","floor":18,"turns":5},{"damage":10,"enemies":"3 Byrds","floor":19,"turns":4},{"damage":39,"enemies":"Centurion and Healer","floor":22,"turns":5},{"damage":67,"enemies":"Gremlin Leader","floor":23,"turns":8}],"seed_played":"-325149017245229870","potions_obtained":[{"floor":1,"key":"Swift Potion"},{"floor":4,"key":"Poison Potion"},{"floor":7,"key":"AttackPotion"},{"floor":13,"key":"SkillPotion"},{"floor":16,"key":"Strength Potion"}],"is_trial":false,"path_per_floor":["M","M","?","M","?","R","M","E","T","M","E","?","E","M","R","B",null,"M","M","?","?","M"],"character_chosen":"IRONCLAD","items_purchased":[],"campfire_rested":1,"item_purchase_floors":[],"current_hp_per_floor":[94,94,71,71,53,53,38,18,18,10,18,44,12,13,59,7,104,102,98,98,97,74,12],"gold":565,"neow_bonus":"ONE_RARE_RELIC","is_prod":false,"is_daily":false,"chose_seed":false,"campfire_upgraded":1,"win_rate":0,"timestamp":1532140435,"path_taken":["M","?","?","?","?","R","M","E","T","M","E","?","E","?","R","BOSS","M","M","?","?","M","E"],"build_version":"2018-07-19v2","purchased_purges":0,"victory":false,"max_hp_per_floor":[94,94,94,94,94,94,94,97,97,97,104,104,104,104,104,104,104,104,104,104,104,104,104],"card_choices":[{"not_picked":["Disarm","Armaments","Iron Wave"],"picked":"SKIP","floor":1},{"not_picked":["Flex","Clash"],"picked":"Offering","floor":2},{"not_picked":["Anger","Heavy Blade"],"picked":"Infernal Blade","floor":4},{"not_picked":["Uppercut","Disarm"],"picked":"Burning Pact","floor":7},{"not_picked":["Hemokinesis","Wild Strike","Iron Wave"],"picked":"SKIP","floor":8},{"not_picked":["Feel No Pain","Sword Boomerang"],"picked":"Rampage","floor":10},{"not_picked":["Flex","Inflame","Feel No Pain"],"picked":"SKIP","floor":11},{"not_picked":["Rupture","Twin Strike"],"picked":"Fiend Fire","floor":13},{"not_picked":["Cleave","Thunderclap"],"picked":"Headbutt","floor":14},{"not_picked":["Bludgeon","Limit Break"],"picked":"Offering","floor":16},{"not_picked":["Corruption","Thunderclap"],"picked":"Headbutt+1","floor":18},{"not_picked":["Body Slam+1","Flex","Perfected Strike+1"],"picked":"SKIP","floor":19},{"not_picked":["Inflame","Infernal Blade","Ghostly Armor"],"picked":"SKIP","floor":22}],"player_experience":47972,"relics_obtained":[{"floor":8,"key":"MawBank"},{"floor":9,"key":"Anchor"},{"floor":11,"key":"Strawberry"},{"floor":13,"key":"Dream Catcher"}],"event_choices":[{"event_name":"Golden Idol","player_choice":"Take Damage","floor":3,"damage_taken":0},{"event_name":"Scrap Ooze","player_choice":"success","floor":5,"damage_taken":18},{"event_name":"The Cleric","player_choice":"Healed","floor":12,"damage_taken":0},{"event_name":"Forgotten Altar","player_choice":"Gave Idol","floor":20,"damage_taken":0},{"event_name":"Nest","player_choice":"Joined the Cult","floor":21,"damage_taken":0}],"is_beta":false,"boss_relics":[{"not_picked":["Busted Crown","Ectoplasm"],"picked":"Sozu"}],"items_purged_floors":[],"is_endless":false,"potions_floor_spawned":[1,4,7,13,16,18],"killed_by":"Gremlin Leader","ascension_level":1}