{"gold_per_floor":[115,129,145,158,158,186,186,215,215,215,215,230,230,244,244,347,347,357,357,24,31,51,82,82],"floor_reached":24,"playtime":2098,"items_purged":[],"score":287,"play_id":"343bc4f5-cbdb-4eaf-b95f-0645a947c901","local_time":"20180819152411","is_ascension_mode":true,"campfire_choices":[{"data":"Endless Agony","floor":7,"key":"SMITH"},{"floor":10,"key":"REST"},{"data":"Catalyst","floor":13,"key":"SMITH"},{"data":"Footwork","floor":15,"key":"SMITH"}],"neow_cost":"","seed_source_timestamp":658140729886226,"circlet_count":0,"master_deck":["Survivor","Neutralize","Flechettes","Prepared","Endless Agony+1","Deadly Poison","Footwork","Catalyst+1","Deflect","Footwork+1","Deflect","Envenom","Bane","Cloak And Dagger","Backstab","Sucker Punch","Cloak And Dagger","Catalyst","Acrobatics","Dodge and Roll","Acrobatics","Cloak And Dagger","Bandage Up","Secret Technique","Deflect","Outmaneuver+1","Deadly Poison","Deflect"],"relics":["Ring of the Snake","Regal Pillow","Snake Skull","Anchor","Pandora\u0027s Box","Smiling Mask","Letter Opener"],"potions_floor_usage":[8,16,16,22,24],"damage_taken":[{"damage":9,"enemies":"Small Slimes","floor":1,"turns":5},{"damage":2,"enemies":"Jaw Worm","floor":2,"turns":5},{"damage":2,"enemies":"Cultist","floor":3,"turns":4},{"damage":4,"enemies":"3 Louse","floor":4,"turns":4},{"damage":31,"enemies":"Lagavulin","floor":6,"turns":7},{"damage":19,"enemies":"Gremlin Nob","floor":8,"turns":4},{"damage":1,"enemies":"2 Fungi Beasts","floor":12,"turns":3},{"damage":0,"enemies":"Red Slaver","floor":14,"turns":4},{"damage":32,"enemies":"Slime Boss","floor":16,"turns":16},{"damage":17,"enemies":"3 Byrds","floor":18,"turns":6},{"damage":8,"enemies":"2 Thieves","floor":21,"turns":5},{"damage":4,"enemies":"Snake Plant","floor":22,"turns":4},{"damage":32,"enemies":"Gremlin Leader","floor":23,"turns":4},{"damage":25,"enemies":"Sentry and Sphere","floor":24,"turns":7}],"seed_played":"1471440069092165366","potions_obtained":[{"floor":2,"key":"Explosive Potion"},{"floor":3,"key":"Fire Potion"},{"floor":12,"key":"SkillPotion"},{"floor":16,"key":"EssenceOfSteel"},{"floor":21,"key":"Weak Potion"},{"floor":22,"key":"FearPotion"}],"is_trial":false,"path_per_floor":["M","M","M","M","?","E","R","E","T","R","?","M","R","M","R","B",null,"M","?","$","M","M","E"],"character_chosen":"THE_SILENT","items_purchased":["Bandage Up","Secret Technique","Deflect"],"campfire_rested":1,"item_purchase_floors":[20,20,20],"current_hp_per_floor":[61,59,57,53,53,22,22,3,3,39,39,38,38,38,38,6,70,53,53,53,49,45,17,0],"gold":82,"neow_bonus":"","is_prod":false,"is_daily":false,"chose_seed":false,"campfire_upgraded":3,"win_rate":0,"timestamp":1534710251,"path_taken":["M","M","M","M","?","E","R","E","T","R","?","?","R","M","R","BOSS","M","?","$","M","M","E","M"],"build_version":"2018-08-16","purchased_purges":0,"victory":false,"max_hp_per_floor":[70,70,70,70,70,70,70,70,70,70,70,70,70,70,70,70,70,70,70,70,70,70,70,70],"card_choices":[{"not_picked":["Underhanded Strike","Dagger Throw"],"picked":"Flechettes","floor":1},{"not_picked":["Underhanded Strike","Eviscerate"],"picked":"Prepared","floor":2},{"not_picked":["Prepared","Poisoned Stab"],"picked":"Endless Agony","floor":3},{"not_picked":["Dagger Spray","Cloak And Dagger"],"picked":"Deadly Poison","floor":4},{"not_picked":["Quick Slash","Underhanded Strike"],"picked":"Catalyst","floor":6},{"not_picked":["Unload","Accuracy"],"picked":"Deflect","floor":8},{"not_picked":["Dagger Throw","Eviscerate"],"picked":"Footwork","floor":12},{"not_picked":["Quick Slash","Blade Dance"],"picked":"Deflect","floor":14},{"not_picked":["Glass Knife","Phantasmal Killer"],"picked":"Envenom","floor":16},{"not_picked":["Acrobatics","Heel Hook"],"picked":"Cloak And Dagger","floor":18},{"not_picked":["Bane","PiercingWail"],"picked":"Outmaneuver+1","floor":21},{"not_picked":["Crippling Poison+1","Acrobatics"],"picked":"Deadly Poison","floor":22},{"not_picked":["Sucker Punch","Prepared+1"],"picked":"Deflect","floor":23}],"player_experience":238641,"relics_obtained":[{"floor":6,"key":"Regal Pillow"},{"floor":8,"key":"Snake Skull"},{"floor":9,"key":"Anchor"},{"floor":23,"key":"Letter Opener"}],"event_choices":[{"event_name":"Living Wall","player_choice":"Change","floor":5,"damage_taken":0},{"event_name":"Shining Light","player_choice":"Ignored","floor":11,"damage_taken":0},{"event_name":"The Mausoleum","player_choice":"Yes","floor":19,"damage_taken":0}],"is_beta":false,"boss_relics":[{"not_picked":["HoveringKite","Snecko Eye"],"picked":"Pandora\u0027s Box"}],"items_purged_floors":[],"is_endless":false,"potions_floor_spawned":[2,3,12,16,21,22],"killed_by":"Sentry and Sphere","ascension_level":3}