{"gold_per_floor":[117,117,35,53,65,65,65,99,99,117,87],"floor_reached":11,"playtime":372,"items_purged":[],"score":84,"play_id":"4724f7ea-89d8-43c4-aa08-100d5a5a26ce","local_time":"20180818131923","is_ascension_mode":true,"campfire_choices":[{"data":"Noxious Fumes","floor":6,"key":"SMITH"}],"neow_cost":"NONE","seed_source_timestamp":633465726307687,"circlet_count":0,"master_deck":["Defend_G","Defend_G","Defend_G","Defend_G","Defend_G","Strike_G","Strike_G","Strike_G","Strike_G","Strike_G","Neutralize","Sucker Punch","Acrobatics","Noxious Fumes+1","Blade Dance","Choke+1","Sucker Punch","All Out Attack"],"relics":["Ring of the Snake","Mercury Hourglass","Happy Flower"],"potions_floor_usage":[10,11],"damage_taken":[{"damage":7,"enemies":"Cultist","floor":1,"turns":4},{"damage":9,"enemies":"Jaw Worm","floor":4,"turns":6},{"damage":10,"enemies":"2 Louse","floor":5,"turns":2},{"damage":34,"enemies":"3 Sentries","floor":8,"turns":7},{"damage":2,"enemies":"2 Fungi Beasts","floor":10,"turns":2},{"damage":3,"enemies":"Looter","floor":11,"turns":2}],"seed_played":"-6088639485509557974","potions_obtained":[{"floor":8,"key":"Fire Potion"},{"floor":10,"key":"Dexterity Potion"}],"is_trial":false,"path_per_floor":["M","?","$","M","M","R","?","E","T","M"],"character_chosen":"THE_SILENT","items_purchased":["Noxious Fumes"],"campfire_rested":0,"item_purchase_floors":[3],"current_hp_per_floor":[63,56,56,47,37,37,37,3,3,1,0],"gold":87,"neow_bonus":"THREE_CARDS","is_prod":false,"is_daily":false,"chose_seed":false,"campfire_upgraded":1,"win_rate":0,"timestamp":1534616363,"path_taken":["M","?","$","M","M","R","?","E","T","M","M"],"build_version":"2018-08-16","purchased_purges":0,"victory":false,"max_hp_per_floor":[70,70,70,70,70,70,70,70,70,70,70],"card_choices":[{"not_picked":["Quick Slash","Backflip"],"picked":"Sucker Punch","floor":0},{"not_picked":["Prepared","Masterful Stab"],"picked":"Acrobatics","floor":1},{"not_picked":["Quick Slash","Backstab"],"picked":"Blade Dance","floor":4},{"not_picked":["Acrobatics","Finisher"],"picked":"Choke","floor":5},{"not_picked":["Flying Knee","PiercingWail"],"picked":"Sucker Punch","floor":8},{"not_picked":["Backflip","Prepared"],"picked":"All Out Attack","floor":10}],"player_experience":231875,"relics_obtained":[{"floor":8,"key":"Mercury Hourglass"},{"floor":9,"key":"Happy Flower"}],"event_choices":[{"event_name":"Golden Wing","player_choice":"Card Removal","floor":2,"damage_taken":0},{"event_name":"Living Wall","player_choice":"Grow","floor":7,"damage_taken":0}],"is_beta":false,"boss_relics":[],"items_purged_floors":[],"is_endless":false,"potions_floor_spawned":[8,10],"killed_by":"Looter","ascension_level":3}