{"gold_per_floor":[119,136,136,207,220,220,255,265,265,275,275,275,275,289,289,364,364,380,33,33,45,61,61,94,94,94,94,112,140,140],"floor_reached":30,"playtime":1479,"items_purged":[],"score":546,"play_id":"4df1c73f-fc44-4836-98b4-e8a2a5b21cd4","local_time":"20180928160437","is_ascension_mode":true,"campfire_choices":[{"data":"Hyperbeam","floor":6.0,"key":"SMITH"},{"data":"Streamline","floor":11.0,"key":"SMITH"},{"floor":13.0,"key":"REST"},{"data":"Go for the Eyes","floor":15.0,"key":"SMITH"},{"floor":23,"key":"REST"},{"floor":25,"key":"REST"},{"floor":27,"key":"REST"}],"neow_cost":"NONE","seed_source_timestamp":684407762671501,"circlet_count":0,"master_deck":["Strike_B","Strike_B","Defend_B","Defend_B+1","Defend_B","Defend_B","Zap","Dualcast","AscendersBane","Conserve Battery","Hyperbeam+1","Steam","Conserve Battery","Streamline+1","Leap","Leap+1","Hologram","Go for the Eyes+1","Buffer","Steam","Go for the Eyes","Fusion","Streamline+1","Conserve Battery+1","Genetic Algorithm","Leap+1","Reinforced Body+1"],"special_seed":0,"relics":["Cracked Core","Orichalcum","Prayer Wheel","Du-Vu Doll","Velvet Choker","Shovel","Toxic Egg 2","Bag of Preparation","Mummified Hand"],"potions_floor_usage":[21,21,24],"damage_taken":[{"damage":10.0,"enemies":"Small Slimes","floor":1.0,"turns":3.0},{"damage":0.0,"enemies":"Cultist","floor":2.0,"turns":3.0},{"damage":0.0,"enemies":"2 Louse","floor":5.0,"turns":2.0},{"damage":0.0,"enemies":"Lagavulin","floor":7.0,"turns":3.0},{"damage":14.0,"enemies":"Large Slime","floor":8.0,"turns":4.0},{"damage":13.0,"enemies":"Exordium Wildlife","floor":10.0,"turns":3.0},{"damage":0.0,"enemies":"Blue Slaver","floor":14.0,"turns":2.0},{"damage":21.0,"enemies":"Hexaghost","floor":16.0,"turns":12.0},{"damage":6.0,"enemies":"2 Thieves","floor":18.0,"turns":4.0},{"damage":0,"enemies":"Shell Parasite","floor":21,"turns":4},{"damage":44,"enemies":"Cultist and Chosen","floor":22,"turns":7},{"damage":31,"enemies":"Book of Stabbing","floor":24,"turns":8},{"damage":14,"enemies":"Sentry and Sphere","floor":28,"turns":5},{"damage":23,"enemies":"Gremlin Leader","floor":29,"turns":10},{"damage":24,"enemies":"Snecko","floor":30,"turns":5}],"seed_played":"5979778418584482409","potions_obtained":[{"floor":1.0,"key":"PowerPotion"},{"floor":10.0,"key":"Ancient Potion"},{"floor":16.0,"key":"Fruit Juice"},{"floor":18.0,"key":"AttackPotion"},{"floor":22,"key":"PowerPotion"},{"floor":24,"key":"SmokeBomb"},{"floor":28,"key":"LiquidBronze"}],"is_trial":false,"path_per_floor":["M","M","?","?","M","R","E","M","T","M","R","?","R","M","R","B",null,"M","$","?","M","M","R","E","R","T","R","M","E"],"character_chosen":"DEFECT","items_purchased":["Shovel"],"campfire_rested":4,"item_purchase_floors":[19],"current_hp_per_floor":[54,54,54,54,54,54,54,40,40,27,27,6,27,27,27,11,60,54,54,54,54,10,32,1,23,23,45,31,8,0],"gold":140,"neow_bonus":"RANDOM_COMMON_RELIC","is_prod":false,"is_daily":false,"chose_seed":false,"campfire_upgraded":3,"win_rate":0,"timestamp":1538165077,"path_taken":["M","M","?","?","M","R","E","M","T","?","R","?","R","M","R","BOSS","M","$","?","M","M","R","E","R","T","R","M","E","M"],"build_version":"2018-09-27","purchased_purges":0,"victory":false,"max_hp_per_floor":[71,71,71,71,71,71,71,71,71,71,71,71,71,71,71,76,76,76,76,76,76,76,76,76,76,76,76,76,76,76],"card_choices":[{"not_picked":["Beam Cell","Rebound"],"picked":"Conserve Battery","floor":1.0},{"not_picked":["Barrage","Melter"],"picked":"Hyperbeam","floor":2.0},{"not_picked":["Reinforced Body","Consume"],"picked":"Steam","floor":5.0},{"not_picked":["Chaos","Streamline"],"picked":"Conserve Battery","floor":7.0},{"not_picked":["Rebound","Beam Cell"],"picked":"Streamline","floor":8.0},{"not_picked":["Lockon","Fusion","Rebound"],"picked":"SKIP","floor":8.0},{"not_picked":["Streamline","Redo"],"picked":"Leap","floor":10.0},{"not_picked":["Consume","Melter"],"picked":"Leap","floor":10.0},{"not_picked":["Barrage","Coolheaded"],"picked":"Hologram","floor":14.0},{"not_picked":["Force Field","Ball Lightning"],"picked":"Go for the Eyes","floor":14.0},{"not_picked":["Biased Cognition","Reboot"],"picked":"Buffer","floor":16.0},{"not_picked":["Redo","Compile Driver"],"picked":"Steam","floor":18.0},{"not_picked":["Aggregate","Barrage"],"picked":"Go for the Eyes","floor":18.0},{"not_picked":["Conserve Battery","Leap"],"picked":"Streamline+1","floor":21},{"not_picked":["Turbo+1","Coolheaded","Reinforced Body"],"picked":"SKIP","floor":21},{"not_picked":["Double Energy","Turbo"],"picked":"Conserve Battery+1","floor":22},{"not_picked":["Storm","Doom and Gloom"],"picked":"Genetic Algorithm","floor":22},{"not_picked":["Sweeping Beam","Turbo","Chaos"],"picked":"SKIP","floor":24},{"not_picked":["Gash","Beam Cell"],"picked":"Leap+1","floor":28},{"not_picked":["Lockon+1","Sweeping Beam+1","Fission+1"],"picked":"SKIP","floor":28},{"not_picked":["FTL","Auto Shields+1"],"picked":"Reinforced Body+1","floor":29}],"player_experience":645923,"relics_obtained":[{"floor":7.0,"key":"Prayer Wheel"},{"floor":9.0,"key":"Du-Vu Doll"},{"floor":24,"key":"Toxic Egg 2"},{"floor":26,"key":"Bag of Preparation"},{"floor":29,"key":"Mummified Hand"}],"event_choices":[{"event_name":"Purifier","player_choice":"One Purge","floor":3.0,"damage_taken":0.0},{"event_name":"Golden Wing","player_choice":"Gained Gold","floor":4.0,"damage_taken":0.0},{"event_name":"Shining Light","player_choice":"Entered Light","floor":12.0,"damage_taken":0.0},{"event_name":"Transmorgrifier","player_choice":"Transform","floor":20.0,"damage_taken":0.0}],"is_beta":false,"boss_relics":[{"not_picked":["Pandora\u0027s Box","Astrolabe"],"picked":"Velvet Choker"}],"items_purged_floors":[],"is_endless":false,"potions_floor_spawned":[1,10,16,18,22,24,28],"killed_by":"Snecko","ascension_level":17}