{"gold_per_floor":[217,217,229,71,91,91,118,118,118,118,133,151,151,183,183,259,259,275,307,3,3,3,3,28,40,40,40,103,121,121,141,141,212,212,230,26,26,39,39],"floor_reached":39,"playtime":4813,"items_purged":["Strike_G","Survivor"],"score":954,"play_id":"f9feb448-ac03-4555-9500-ab96176cd4f7","local_time":"20181224111547","is_ascension_mode":true,"campfire_choices":[{"data":"Neutralize","floor":6,"key":"SMITH"},{"data":"Predator","floor":8,"key":"SMITH"},{"data":"Footwork","floor":10,"key":"SMITH"},{"floor":13,"key":"REST"},{"data":"Cloak And Dagger","floor":15,"key":"SMITH"},{"data":"A Thousand Cuts","floor":23,"key":"SMITH"},{"floor":27,"key":"REST"},{"floor":30,"key":"REST"},{"data":"Bouncing Flask","floor":32,"key":"SMITH"}],"neow_cost":"NONE","seed_source_timestamp":15300348779162,"circlet_count":0,"master_deck":["AscendersBane","Defend_G+1","Defend_G+1","Defend_G+1","Defend_G+1","Defend_G+1","Strike_G+1","Strike_G+1","Strike_G+1","Strike_G+1","Neutralize+1","Leg Sweep+1","Poisoned Stab","Footwork+1","Flying Knee","Predator+1","Cloak And Dagger+1","Well Laid Plans","Slice","A Thousand Cuts+1","Heel Hook","Cloak And Dagger+1","Caltrops","Calculated Gamble+1","Bouncing Flask+1","Backflip+1","PiercingWail","Finisher+1","Adrenaline","Cloak And Dagger","Sucker Punch","Slice+1"],"relics":["Ring of the Snake","Darkstone Periapt","Orichalcum","Kunai","WristBlade","Red Mask","Lee\u0027s Waffle","Bag of Preparation","The Courier","Tiny Chest","Eternal Feather","Centennial Puzzle"],"potions_floor_usage":[7,16,19,24,28,31],"damage_taken":[{"damage":0,"enemies":"2 Louse","floor":1,"turns":5},{"damage":0,"enemies":"Small Slimes","floor":3,"turns":4},{"damage":3,"enemies":"Cultist","floor":5,"turns":5},{"damage":32,"enemies":"3 Sentries","floor":7,"turns":17},{"damage":1,"enemies":"Blue Slaver","floor":11,"turns":5},{"damage":8,"enemies":"Exordium Thugs","floor":12,"turns":7},{"damage":0,"enemies":"Lagavulin","floor":14,"turns":10},{"damage":0,"enemies":"Hexaghost","floor":16,"turns":16},{"damage":9,"enemies":"Chosen","floor":18,"turns":5},{"damage":32,"enemies":"Masked Bandits","floor":19,"turns":8},{"damage":19,"enemies":"Book of Stabbing","floor":24,"turns":5},{"damage":9,"enemies":"Spheric Guardian","floor":25,"turns":5},{"damage":23,"enemies":"Slavers","floor":28,"turns":5},{"damage":5,"enemies":"3 Cultists","floor":29,"turns":9},{"damage":4,"enemies":"Cultist and Chosen","floor":31,"turns":7},{"damage":34,"enemies":"Champ","floor":33,"turns":14},{"damage":23,"enemies":"3 Shapes","floor":35,"turns":5},{"damage":2,"enemies":"Orb Walker","floor":38,"turns":3},{"damage":35,"enemies":"Spire Growth","floor":39,"turns":4}],"seed_played":"2528594895814672593","potions_obtained":[{"floor":1,"key":"Weak Potion"},{"floor":3,"key":"AttackPotion"},{"floor":12,"key":"Energy Potion"},{"floor":18,"key":"Swift Potion"},{"floor":24,"key":"PowerPotion"},{"floor":28,"key":"SmokeBomb"},{"floor":29,"key":"Swift Potion"}],"is_trial":false,"path_per_floor":["M","?","M","$","M","R","E","R","T","R","M","M","R","E","R","B",null,"M","?","$","?","?","R","E","M","T","R","E","M","R","M","R","B",null,"M","$","?","M","M"],"character_chosen":"THE_SILENT","items_purchased":["Footwork","Lee\u0027s Waffle","Caltrops","Cloak And Dagger","Dexterity Potion","Sucker Punch"],"campfire_rested":3,"item_purchase_floors":[4,20,20,36,36,36],"current_hp_per_floor":[59,59,59,59,56,56,24,24,24,24,23,15,34,34,34,34,58,49,17,73,73,73,73,54,45,45,66,43,38,59,55,55,21,60,37,37,37,35,0],"gold":39,"neow_bonus":"HUNDRED_GOLD","is_prod":false,"is_daily":false,"chose_seed":false,"campfire_upgraded":6,"win_rate":0,"timestamp":1545678947,"path_taken":["M","?","M","$","M","R","E","R","T","R","M","M","R","E","R","BOSS","M","?","$","?","?","R","E","M","T","R","E","M","R","M","R","BOSS","M","$","?","?","M"],"build_version":"2018-12-20","purchased_purges":2,"victory":false,"max_hp_per_floor":[66,66,66,66,66,66,66,66,66,66,66,66,66,66,66,66,66,66,66,73,73,73,73,73,73,73,73,73,73,73,73,73,73,73,73,73,73,73,73],"card_choices":[{"not_picked":["Escape Plan","Dagger Spray"],"picked":"Leg Sweep","floor":1},{"not_picked":["Crippling Poison","Backflip"],"picked":"Poisoned Stab","floor":3},{"not_picked":["Bane","Deadly Poison"],"picked":"Flying Knee","floor":5},{"not_picked":["Distraction","Slice"],"picked":"Predator","floor":7},{"not_picked":["Poisoned Stab","Flying Knee"],"picked":"Cloak And Dagger","floor":11},{"not_picked":["Footwork","Deflect"],"picked":"Well Laid Plans","floor":12},{"not_picked":["Blade Dance","Riddle With Holes"],"picked":"Slice","floor":14},{"not_picked":["Venomology","Corpse Explosion"],"picked":"A Thousand Cuts","floor":16},{"not_picked":["Sucker Punch","Dodge and Roll"],"picked":"Heel Hook","floor":18},{"not_picked":["Blur","Deflect"],"picked":"Cloak And Dagger+1","floor":19},{"not_picked":["Distraction","Catalyst"],"picked":"Calculated Gamble+1","floor":24},{"not_picked":["Reflex","Eviscerate"],"picked":"Bouncing Flask","floor":25},{"not_picked":["Choke","Quick Slash"],"picked":"Backflip+1","floor":28},{"not_picked":["Quick Slash","Dodge and Roll"],"picked":"PiercingWail","floor":29},{"not_picked":["Concentrate","Expertise+1"],"picked":"Finisher+1","floor":31},{"not_picked":["Glass Knife","Envenom"],"picked":"Adrenaline","floor":33},{"not_picked":["Acrobatics","Underhanded Strike","Riddle With Holes"],"picked":"SKIP","floor":35},{"not_picked":["Backflip","Terror+1"],"picked":"Slice+1","floor":38}],"player_experience":683878,"relics_obtained":[{"floor":7,"key":"Darkstone Periapt"},{"floor":9,"key":"Orichalcum"},{"floor":14,"key":"Kunai"},{"floor":19,"key":"Red Mask"},{"floor":24,"key":"Bag of Preparation"},{"floor":26,"key":"The Courier"},{"floor":28,"key":"Tiny Chest"}],"event_choices":[{"damage_healed":0,"gold_gain":0,"player_choice":"Grow","damage_taken":0,"max_hp_gain":0,"max_hp_loss":0,"event_name":"Living Wall","floor":2,"gold_loss":0,"cards_upgraded":["Leg Sweep"]},{"damage_healed":0,"gold_gain":0,"player_choice":"Fought Bandits","damage_taken":0,"max_hp_gain":0,"max_hp_loss":0,"event_name":"Masked Bandits","floor":19,"gold_loss":0},{"damage_healed":0,"gold_gain":0,"player_choice":"Ignored","damage_taken":0,"max_hp_gain":0,"max_hp_loss":0,"event_name":"Ghosts","floor":21,"gold_loss":0},{"damage_healed":0,"gold_gain":0,"player_choice":"Simplicity","damage_taken":0,"max_hp_gain":0,"max_hp_loss":0,"event_name":"Back to Basics","floor":22,"gold_loss":0,"cards_upgraded":["Defend_G","Defend_G","Defend_G","Defend_G","Defend_G","Strike_G","Strike_G","Strike_G","Strike_G"]},{"damage_healed":0,"gold_gain":0,"player_choice":"Gave Potion","damage_taken":0,"relics_obtained":["Centennial Puzzle"],"max_hp_gain":0,"max_hp_loss":0,"event_name":"WeMeetAgain","floor":37,"gold_loss":0}],"is_beta":false,"boss_relics":[{"not_picked":["Empty Cage","Ring of the Serpent"],"picked":"WristBlade"},{"not_picked":["Lizard Tail","Velvet Choker"],"picked":"Eternal Feather"}],"items_purged_floors":[4,36],"is_endless":false,"potions_floor_spawned":[1,3,12,18,24,28,29],"killed_by":"Spire Growth","ascension_level":18}