{"gold_per_floor":[116,116,133,152,165,165,191,204,204,219,239,239,29,54,54,125,125,144,160,160,21,36,36,71,71,147,174,3,3],"floor_reached":29,"playtime":2357,"items_purged":["Defend_G"],"score":550,"play_id":"ed5fb15f-5e6b-4a3e-a51d-cbce106b7bac","local_time":"20190406164416","is_ascension_mode":true,"campfire_choices":[{"data":"Neutralize","floor":6.0,"key":"SMITH"},{"data":"Cloak And Dagger","floor":12.0,"key":"SMITH"},{"floor":15.0,"key":"REST"},{"data":"Cloak And Dagger","floor":23.0,"key":"SMITH"}],"neow_cost":"NONE","seed_source_timestamp":142421642193800,"circlet_count":0,"master_deck":["AscendersBane","Survivor","Neutralize+1","Backflip","Noxious Fumes","Venomology","Deflect+1","Predator","Cloak And Dagger+1","Flying Knee","Blur","Poisoned Stab","Dodge and Roll","Glass Knife","Leg Sweep","Infinite Blades","Escape Plan","Heel Hook","Tactician","Deflect","Quick Slash","Doppelganger+1","Cloak And Dagger+1","Dagger Spray","Endless Agony","Dodge and Roll","Prepared","Unload","Heel Hook","Backflip"],"special_seed":0,"relics":["Ring of the Snake","Snake Skull","Vajra","Lantern","Kunai","Pandora\u0027s Box","Bag of Preparation","Shuriken","Blue Candle","War Paint"],"potions_floor_usage":[27,27,29],"damage_taken":[{"damage":0.0,"enemies":"Jaw Worm","floor":1.0,"turns":6.0},{"damage":6.0,"enemies":"Cultist","floor":3.0,"turns":6.0},{"damage":0.0,"enemies":"Small Slimes","floor":4.0,"turns":4.0},{"damage":32.0,"enemies":"Gremlin Gang","floor":5.0,"turns":6.0},{"damage":11.0,"enemies":"Lagavulin","floor":7.0,"turns":9.0},{"damage":0.0,"enemies":"3 Louse","floor":8.0,"turns":3.0},{"damage":3.0,"enemies":"Lots of Slimes","floor":10.0,"turns":5.0},{"damage":0.0,"enemies":"Gremlin Gang","floor":11.0,"turns":2.0},{"damage":18.0,"enemies":"3 Sentries","floor":14.0,"turns":9.0},{"damage":11.0,"enemies":"Slime Boss","floor":16.0,"turns":10.0},{"damage":0.0,"enemies":"Spheric Guardian","floor":18.0,"turns":6.0},{"damage":5.0,"enemies":"2 Thieves","floor":19.0,"turns":5.0},{"damage":8.0,"enemies":"Cultist and Chosen","floor":22.0,"turns":6.0},{"damage":36.0,"enemies":"Book of Stabbing","floor":24.0,"turns":7.0},{"damage":6,"enemies":"Slavers","floor":27,"turns":4},{"damage":16,"enemies":"Snake Plant","floor":29,"turns":3}],"seed_played":"-9158194095401359033","potions_obtained":[{"floor":0.0,"key":"Regen Potion"},{"floor":0.0,"key":"SmokeBomb"},{"floor":0.0,"key":"FairyPotion"},{"floor":3.0,"key":"Energy Potion"},{"floor":5.0,"key":"Explosive Potion"},{"floor":7.0,"key":"Weak Potion"},{"floor":10.0,"key":"AttackPotion"},{"floor":22.0,"key":"GamblersBrew"}],"is_trial":false,"path_per_floor":["M","?","M","M","M","R","E","M","T","M","M","R","$","E","R","B",null,"M","M","?","$","M","R","E","?","T","E","$","M"],"character_chosen":"THE_SILENT","items_purchased":["Regen Potion","Poisoned Stab","Endless Agony","Dodge and Roll","War Paint"],"campfire_rested":1,"item_purchase_floors":[13,13,21,21,28],"current_hp_per_floor":[59,59,53,53,35,35,24,24,24,21,21,21,21,18,37,26,56,56,51,64,64,56,56,20,20,20,14,14,0],"gold":3,"neow_bonus":"THREE_SMALL_POTIONS","is_prod":false,"is_daily":false,"chose_seed":false,"campfire_upgraded":3,"win_rate":0,"timestamp":1554583456,"path_taken":["M","?","M","M","M","R","E","M","T","M","?","R","$","E","R","BOSS","M","M","?","$","M","R","E","?","T","E","$","?"],"build_version":"2019-01-23","purchased_purges":1,"victory":false,"max_hp_per_floor":[66,66,66,66,66,66,66,66,66,66,66,66,66,66,66,66,66,66,66,66,66,66,66,66,66,66,66,66,66],"card_choices":[{"not_picked":["Outmaneuver","Acrobatics"],"picked":"Backflip","floor":1.0},{"not_picked":["Bane","Deadly Poison"],"picked":"Noxious Fumes","floor":3.0},{"not_picked":["Setup","Deadly Poison"],"picked":"Venomology","floor":4.0},{"not_picked":["Acrobatics","Backflip"],"picked":"Deflect","floor":5.0},{"not_picked":["Cloak And Dagger","Quick Slash"],"picked":"Predator","floor":7.0},{"not_picked":["Backflip","Night Terror"],"picked":"Cloak And Dagger","floor":8.0},{"not_picked":["Acrobatics","Calculated Gamble"],"picked":"Flying Knee","floor":10.0},{"not_picked":["Poisoned Stab","Flying Knee"],"picked":"Blur","floor":11.0},{"not_picked":["PiercingWail","Prepared"],"picked":"Dodge and Roll","floor":14.0},{"not_picked":["Venomology","Malaise"],"picked":"Glass Knife","floor":16.0},{"not_picked":["Flying Knee+1","Footwork"],"picked":"Cloak And Dagger","floor":18.0},{"not_picked":["Quick Slash","Eviscerate"],"picked":"Dagger Spray","floor":19.0},{"not_picked":["Acrobatics","Outmaneuver"],"picked":"Prepared","floor":22.0},{"not_picked":["Flechettes","Underhanded Strike"],"picked":"Unload","floor":24.0},{"not_picked":["Grand Finale","Deadly Poison"],"picked":"Backflip","floor":27}],"player_experience":831635,"relics_obtained":[{"floor":7.0,"key":"Vajra"},{"floor":9.0,"key":"Lantern"},{"floor":14.0,"key":"Kunai"},{"floor":24.0,"key":"Bag of Preparation"},{"floor":26.0,"key":"Shuriken"},{"floor":27,"key":"Blue Candle"}],"event_choices":[{"damage_healed":0.0,"max_hp_gain":0.0,"max_hp_loss":0.0,"gold_gain":0.0,"event_name":"WeMeetAgain","player_choice":"Gave Potion","floor":2.0,"gold_loss":0.0,"damage_taken":0.0,"relics_obtained":["Snake Skull"]},{"damage_healed":13.0,"max_hp_gain":0.0,"max_hp_loss":0.0,"gold_gain":0.0,"event_name":"The Library","player_choice":"Heal","floor":20.0,"gold_loss":0.0,"damage_taken":0.0},{"damage_healed":0.0,"max_hp_gain":0.0,"max_hp_loss":0.0,"gold_gain":0.0,"cards_transformed":["Reflex"],"event_name":"Transmorgrifier","player_choice":"Transformed","floor":25.0,"gold_loss":0.0,"damage_taken":0.0,"cards_obtained":["Heel Hook"]}],"is_beta":false,"boss_relics":[{"not_picked":["Busted Crown","Orrery"],"picked":"Pandora\u0027s Box"}],"items_purged_floors":[13],"is_endless":false,"potions_floor_spawned":[3,5,7,10,14,22],"killed_by":"Snake Plant","ascension_level":20}