{"gold_per_floor":[111,111,124,134,152,152,77,77,77,106,106,138,154,165,165,238,238,256,96,96,108,122,122,150,160,160,160,50,62,74,86,86,159,159,175,175,193,207,307,307,307],"floor_reached":41,"playtime":2465,"items_purged":[],"score":811,"play_id":"370eea36-0ec2-4592-8eea-0e9305e9637b","local_time":"20190411223451","is_ascension_mode":true,"campfire_choices":[{"data":"Clothesline","floor":6.0,"key":"SMITH"},{"data":"Disarm","floor":8.0,"key":"SMITH"},{"data":"Bash","floor":11.0,"key":"SMITH"},{"data":"Evolve","floor":15.0,"key":"SMITH"},{"data":"Whirlwind","floor":23.0,"key":"SMITH"},{"data":"Fiend Fire","floor":27.0,"key":"SMITH"},{"data":"Uppercut","floor":32.0,"key":"SMITH"},{"data":"Inflame","floor":40.0,"key":"SMITH"}],"neow_cost":"NONE","seed_source_timestamp":0,"circlet_count":0,"master_deck":["AscendersBane","Defend_R","Defend_R+1","Defend_R","Defend_R","Bash+1","Clothesline+1","Disarm+1","Disarm+1","Evolve+1","Fiend Fire+1","Double Tap+1","Wild Strike+1","Pummel+1","True Grit+1","Whirlwind+1","Flame Barrier+1","Second Wind+1","Inflame+1","Uppercut+1","Impervious+1","Enlightenment+1","Shrug It Off+1"],"special_seed":0,"relics":["Burning Blood","Pantograph","Toxic Egg 2","Omamori","Astrolabe","Anchor","Ancient Tea Set","Orichalcum","Velvet Choker","Unceasing Top"],"potions_floor_usage":[],"damage_taken":[{"damage":3.0,"enemies":"2 Louse","floor":1.0,"turns":4.0},{"damage":0.0,"enemies":"Cultist","floor":3.0,"turns":3.0},{"damage":4.0,"enemies":"Small Slimes","floor":4.0,"turns":4.0},{"damage":29.0,"enemies":"Gremlin Gang","floor":5.0,"turns":7.0},{"damage":42.0,"enemies":"Gremlin Nob","floor":10.0,"turns":5.0},{"damage":24.0,"enemies":"Lagavulin","floor":12.0,"turns":8.0},{"damage":8.0,"enemies":"2 Fungi Beasts","floor":13.0,"turns":6.0},{"damage":4.0,"enemies":"Blue Slaver","floor":14.0,"turns":5.0},{"damage":26.0,"enemies":"The Guardian","floor":16.0,"turns":16.0},{"damage":30.0,"enemies":"3 Byrds","floor":18.0,"turns":8.0},{"damage":2.0,"enemies":"Shell Parasite","floor":21.0,"turns":7.0},{"damage":12.0,"enemies":"Shelled Parasite and Fungi","floor":22.0,"turns":7.0},{"damage":16.0,"enemies":"Book of Stabbing","floor":24.0,"turns":8.0},{"damage":9.0,"enemies":"Centurion and Healer","floor":25.0,"turns":8.0},{"damage":14.0,"enemies":"3 Cultists","floor":29.0,"turns":5.0},{"damage":0.0,"enemies":"Cultist and Chosen","floor":30.0,"turns":11.0},{"damage":3.0,"enemies":"Centurion and Healer","floor":31.0,"turns":8.0},{"damage":87.0,"enemies":"Automaton","floor":33.0,"turns":15.0},{"damage":44.0,"enemies":"3 Darklings","floor":35.0,"turns":7.0},{"damage":0.0,"enemies":"Orb Walker","floor":37.0,"turns":2.0},{"damage":21.0,"enemies":"Spire Growth","floor":38.0,"turns":9.0},{"damage":0.0,"enemies":"Mind Bloom Boss Battle","floor":39.0,"turns":5.0},{"damage":49,"enemies":"Reptomancer","floor":41,"turns":3}],"seed_played":"-662382346726514123","potions_obtained":[{"floor":1.0,"key":"Weak Potion"},{"floor":3.0,"key":"BloodPotion"},{"floor":10.0,"key":"Energy Potion"},{"floor":14.0,"key":"EntropicBrew"},{"floor":16.0,"key":"Fire Potion"},{"floor":22.0,"key":"Swift Potion"},{"floor":29.0,"key":"FairyPotion"},{"floor":30.0,"key":"BloodPotion"},{"floor":31.0,"key":"Ancient Potion"},{"floor":33.0,"key":"Fire Potion"},{"floor":37.0,"key":"FearPotion"}],"is_trial":false,"path_per_floor":["M","?","M","M","M","R","$","R","T","E","R","E","M","M","R","B",null,"M","$","?","M","M","R","E","M","T","R","?","M","M","M","R","B",null,"M","?","M","M","?","R","E"],"character_chosen":"IRONCLAD","items_purchased":["Disarm","Anchor"],"campfire_rested":0,"item_purchase_floors":[7,19],"current_hp_per_floor":[78,78,82,82,59,59,59,59,59,31,31,13,11,13,13,18,66,42,42,42,46,40,40,30,27,27,27,27,19,25,36,36,14,65,27,27,33,18,49,49,0],"gold":307,"neow_bonus":"TEN_PERCENT_HP_BONUS","is_prod":false,"is_daily":false,"chose_seed":false,"campfire_upgraded":8,"win_rate":0,"timestamp":1555047291,"path_taken":["M","?","M","M","M","R","$","R","T","E","R","E","M","?","R","BOSS","M","$","?","?","M","R","E","M","T","R","?","?","M","?","R","BOSS","M","?","M","M","?","R","E"],"build_version":"2019-01-23","purchased_purges":0,"victory":false,"max_hp_per_floor":[82,82,82,82,82,82,82,82,82,82,82,82,82,82,82,82,82,82,82,82,82,82,82,82,82,82,82,82,82,82,82,82,82,82,82,82,82,82,82,82,82],"card_choices":[{"not_picked":["Ghostly Armor","True Grit"],"picked":"Clothesline","floor":1.0},{"not_picked":["Heavy Blade","Clash","Rupture"],"picked":"SKIP","floor":3.0},{"not_picked":["Twin Strike","Armaments","Flex"],"picked":"SKIP","floor":4.0},{"not_picked":["Fire Breathing","Rupture","Armaments"],"picked":"SKIP","floor":5.0},{"not_picked":["Corruption","Anger"],"picked":"Disarm","floor":10.0},{"not_picked":["Brutality","Pummel"],"picked":"Evolve","floor":12.0},{"not_picked":["Cleave","Sword Boomerang","Thunderclap"],"picked":"SKIP","floor":13.0},{"not_picked":["Pommel Strike","Seeing Red+1","Clothesline"],"picked":"SKIP","floor":14.0},{"not_picked":["Double Tap+1","Juggernaut"],"picked":"Fiend Fire","floor":16.0},{"not_picked":["Sword Boomerang","Warcry+1"],"picked":"True Grit+1","floor":18.0},{"not_picked":["Intimidate+1","Anger"],"picked":"Whirlwind","floor":21.0},{"not_picked":["Flex+1","Cleave","Pommel Strike"],"picked":"SKIP","floor":22.0},{"not_picked":["Perfected Strike","Entrench+1","Fire Breathing"],"picked":"SKIP","floor":24.0},{"not_picked":["Flex+1","Twin Strike"],"picked":"Flame Barrier+1","floor":25.0},{"not_picked":["Thunderclap","Anger"],"picked":"Second Wind+1","floor":29.0},{"not_picked":["Clash","Havoc+1"],"picked":"Inflame","floor":30.0},{"not_picked":["Dropkick","Reckless Charge+1"],"picked":"Uppercut","floor":31.0},{"not_picked":["Dark Embrace","Brutality"],"picked":"Impervious+1","floor":33.0},{"not_picked":["Havoc+1","Wild Strike","True Grit+1"],"picked":"SKIP","floor":35.0},{"not_picked":["Panacea+1","Blind+1"],"picked":"Enlightenment+1","floor":36.0},{"not_picked":["Headbutt","Body Slam","Sword Boomerang"],"picked":"SKIP","floor":37.0},{"not_picked":["Spot Weakness+1","Shockwave+1"],"picked":"Shrug It Off+1","floor":38.0}],"player_experience":530081,"relics_obtained":[{"floor":9.0,"key":"Pantograph"},{"floor":10.0,"key":"Toxic Egg 2"},{"floor":12.0,"key":"Omamori"},{"floor":24.0,"key":"Ancient Tea Set"},{"floor":26.0,"key":"Orichalcum"},{"floor":39.0,"key":"Unceasing Top"}],"event_choices":[{"cards_removed":["Strike_R"],"damage_healed":0.0,"max_hp_gain":0.0,"max_hp_loss":0.0,"gold_gain":0.0,"event_name":"Purifier","player_choice":"Purged","floor":2.0,"gold_loss":0.0,"damage_taken":0.0},{"damage_healed":0.0,"max_hp_gain":0.0,"max_hp_loss":0.0,"gold_gain":0.0,"event_name":"Match and Keep!","player_choice":"0 cards matched","floor":20.0,"gold_loss":0.0,"damage_taken":0.0,"cards_obtained":[]},{"cards_removed":["Strike_R"],"damage_healed":0.0,"max_hp_gain":0.0,"max_hp_loss":0.0,"gold_gain":0.0,"event_name":"Designer","player_choice":"Upgrade and Remove","floor":28.0,"gold_loss":110.0,"damage_taken":0.0,"cards_upgraded":["Defend_R"]},{"damage_healed":0.0,"max_hp_gain":0.0,"max_hp_loss":0.0,"gold_gain":0.0,"event_name":"SensoryStone","player_choice":"Memory 1","floor":36.0,"gold_loss":0.0,"damage_taken":0.0},{"damage_healed":0.0,"max_hp_gain":0.0,"max_hp_loss":0.0,"gold_gain":0.0,"event_name":"MindBloom","player_choice":"Fight","floor":39.0,"gold_loss":0.0,"damage_taken":0.0}],"is_beta":false,"boss_relics":[{"not_picked":["Lizard Tail","Pandora\u0027s Box"],"picked":"Astrolabe"},{"not_picked":["Philosopher\u0027s Stone","Runic Pyramid"],"picked":"Velvet Choker"}],"items_purged_floors":[],"is_endless":false,"potions_floor_spawned":[1,3,10,14,16,22,29,30,31,33,35,37],"killed_by":"Reptomancer","ascension_level":18}