{"gold_per_floor":[119,119,119,130,141,170,185,185,211,281,281,314,314,331,331,331],"floor_reached":16,"playtime":794,"items_purged":[],"score":187,"play_id":"cbd180a0-ad09-4023-a746-36f7fed50b89","local_time":"20180818001916","is_ascension_mode":true,"campfire_choices":[{"data":"Pommel Strike","floor":8,"key":"SMITH"},{"data":"Cleave","floor":11,"key":"SMITH"},{"data":"Metallicize","floor":15,"key":"SMITH"}],"neow_cost":"NONE","seed_source_timestamp":66409911874010,"circlet_count":0,"master_deck":["Strike_R","Strike_R","Strike_R","Strike_R","Defend_R","Defend_R","Defend_R","Defend_R","Bash+1","AscendersBane","Pommel Strike+1","Feel No Pain","Headbutt","Ghostly Armor","Cleave+1","Metallicize+1","Armaments+1"],"relics":["Burning Blood","Pen Nib","Bronze Scales","Bag of Preparation","Toxic Egg 2","Red Skull"],"potions_floor_usage":[6,16,16],"damage_taken":[{"damage":10,"enemies":"2 Louse","floor":1,"turns":3},{"damage":9,"enemies":"Jaw Worm","floor":4,"turns":5},{"damage":10,"enemies":"Small Slimes","floor":5,"turns":3},{"damage":25,"enemies":"Lagavulin","floor":6,"turns":6},{"damage":8,"enemies":"Blue Slaver","floor":7,"turns":3},{"damage":13,"enemies":"Gremlin Nob","floor":12,"turns":3},{"damage":12,"enemies":"Large Slime","floor":14,"turns":4},{"damage":19,"enemies":"Hexaghost","floor":16,"turns":7}],"seed_played":"-3273109536750317293","potions_obtained":[{"floor":5,"key":"PowerPotion"},{"floor":6,"key":"Strength Potion"},{"floor":12,"key":"Fire Potion"}],"is_trial":false,"path_per_floor":["M","?","?","M","M","E","M","R","T","T","R","E","?","M","R"],"character_chosen":"IRONCLAD","items_purchased":[],"campfire_rested":0,"item_purchase_floors":[],"current_hp_per_floor":[71,71,64,61,57,38,36,36,36,36,36,29,22,16,16,0],"gold":331,"neow_bonus":"TEN_PERCENT_HP_BONUS","is_prod":false,"is_daily":false,"chose_seed":false,"campfire_upgraded":3,"win_rate":0,"timestamp":1534576756,"path_taken":["M","?","?","M","M","E","M","R","T","?","R","E","?","M","R","BOSS"],"build_version":"2018-08-16","purchased_purges":0,"victory":false,"max_hp_per_floor":[82,82,82,82,82,82,82,82,82,82,82,82,82,82,82,82],"card_choices":[{"not_picked":["Shrug It Off","Bloodletting"],"picked":"Pommel Strike","floor":1},{"not_picked":["Second Wind","Iron Wave"],"picked":"Feel No Pain","floor":4},{"not_picked":["Hemokinesis","Exhume"],"picked":"Headbutt","floor":5},{"not_picked":["Searing Blow","Bloodletting"],"picked":"Ghostly Armor","floor":6},{"not_picked":["Headbutt","Searing Blow"],"picked":"Cleave","floor":7},{"not_picked":["Havoc+1","Feel No Pain"],"picked":"Metallicize","floor":12},{"not_picked":["Perfected Strike","Carnage"],"picked":"Armaments+1","floor":14}],"player_experience":505943,"relics_obtained":[{"floor":6,"key":"Bronze Scales"},{"floor":9,"key":"Bag of Preparation"},{"floor":10,"key":"Toxic Egg 2"},{"floor":12,"key":"Red Skull"}],"event_choices":[{"event_name":"Living Wall","player_choice":"Grow","floor":2,"damage_taken":0},{"event_name":"Scrap Ooze","player_choice":"success","floor":3,"damage_taken":7},{"event_name":"Golden Wing","player_choice":"Card Removal","floor":13,"damage_taken":0}],"is_beta":false,"boss_relics":[],"items_purged_floors":[],"is_endless":false,"potions_floor_spawned":[5,6,12],"killed_by":"Hexaghost","ascension_level":14}