{"gold_per_floor":[15,15,15,29,29,62,62,75,75,75,109,74,74,21,21,21],"floor_reached":16,"playtime":2528,"items_purged":[],"score":133,"play_id":"fdb0b2d3-6745-433b-8582-a08e81deb8c8","local_time":"20190120205627","is_ascension_mode":true,"campfire_choices":[{"floor":7,"key":"REST"},{"floor":10,"key":"REST"},{"data":"Accuracy","floor":13,"key":"SMITH"},{"data":"All Out Attack","floor":15,"key":"SMITH"}],"neow_cost":"NO_GOLD","seed_source_timestamp":191833943397230,"circlet_count":0,"master_deck":["Defend_G","Defend_G","Defend_G","Defend_G","Defend_G","Strike_G","Strike_G","Strike_G","Strike_G","Survivor","Neutralize","Skewer","Backflip","All Out Attack+1","Prepared","Malaise","Accuracy+1","Blade Dance","Dagger Spray","Burst"],"relics":["Ring of the Snake","Prayer Wheel","CultistMask","Bottled Flame","Bottled Lightning","Oddly Smooth Stone","Turnip"],"potions_floor_usage":[],"damage_taken":[{"damage":6,"enemies":"2 Louse","floor":1,"turns":4},{"damage":4,"enemies":"Cultist","floor":4,"turns":6},{"damage":43,"enemies":"Lagavulin","floor":6,"turns":11},{"damage":2,"enemies":"Small Slimes","floor":8,"turns":3},{"damage":30,"enemies":"3 Sentries","floor":11,"turns":6},{"damage":44,"enemies":"Slime Boss","floor":16,"turns":6}],"seed_played":"7824565600134941087","potions_obtained":[{"floor":6,"key":"FearPotion"},{"floor":8,"key":"Strength Potion"}],"is_trial":false,"path_per_floor":["M","?","$","M","?","E","R","M","T","R","E","?","R","?","R","B"],"character_chosen":"THE_SILENT","items_purchased":[],"campfire_rested":2,"item_purchase_floors":[],"current_hp_per_floor":[64,64,64,60,60,17,38,36,36,57,27,44,44,44,44,0],"gold":21,"neow_bonus":"ONE_RARE_RELIC","is_prod":false,"is_daily":false,"chose_seed":false,"campfire_upgraded":2,"win_rate":0,"timestamp":1548039387,"path_taken":["M","?","?","M","?","E","R","M","T","R","E","?","R","?","R","BOSS"],"build_version":"2019-01-17v2","purchased_purges":0,"victory":false,"max_hp_per_floor":[70,70,70,70,70,70,70,70,70,70,70,70,70,70,70,70],"card_choices":[{"not_picked":["Prepared","Concentrate"],"picked":"Skewer","floor":1},{"not_picked":["Catalyst","Expertise"],"picked":"Backflip","floor":1},{"not_picked":["Acrobatics","Outmaneuver"],"picked":"All Out Attack","floor":4},{"not_picked":["Calculated Gamble","Flying Knee"],"picked":"Prepared","floor":4},{"not_picked":["Dagger Throw","Dash"],"picked":"Accuracy","floor":6},{"not_picked":["Underhanded Strike","Dodge and Roll"],"picked":"Blade Dance","floor":8},{"not_picked":["Underhanded Strike","Heel Hook"],"picked":"Dagger Spray","floor":8},{"not_picked":["Outmaneuver","Flying Knee"],"picked":"Burst","floor":11}],"player_experience":709858,"relics_obtained":[{"floor":6,"key":"Bottled Flame"},{"floor":9,"key":"Bottled Lightning"},{"floor":11,"key":"Oddly Smooth Stone"}],"event_choices":[{"damage_healed":0,"gold_gain":0,"player_choice":"Trade","damage_taken":0,"relics_obtained":["CultistMask"],"max_hp_gain":0,"max_hp_loss":0,"event_name":"FaceTrader","floor":2,"gold_loss":0},{"damage_healed":0,"gold_gain":0,"cards_transformed":["Strike_G"],"player_choice":"Change","damage_taken":0,"max_hp_gain":0,"max_hp_loss":0,"event_name":"Living Wall","floor":5,"gold_loss":0,"cards_obtained":["Malaise"]},{"damage_healed":17,"gold_gain":0,"player_choice":"Healed","damage_taken":0,"max_hp_gain":0,"max_hp_loss":0,"event_name":"The Cleric","floor":12,"gold_loss":35},{"damage_healed":0,"gold_gain":0,"player_choice":"Paid Gold","damage_taken":0,"relics_obtained":["Turnip"],"max_hp_gain":0,"max_hp_loss":0,"event_name":"WeMeetAgain","floor":14,"gold_loss":53}],"is_beta":false,"boss_relics":[],"items_purged_floors":[],"is_endless":false,"potions_floor_spawned":[6,8],"killed_by":"Slime Boss","ascension_level":5}