{"gold_per_floor":[118,118,128,146,146,146,172,172,224,224,242,577,69,144,144,243,243,262,262,262,12,27,55,55,55],"floor_reached":25,"playtime":1755,"items_purged":["Strike_B","Strike_B"],"score":275,"play_id":"650f2dea-569c-40e8-b437-e5f4ca2cba56","local_time":"20180722063806","is_ascension_mode":true,"campfire_choices":[{"data":"Zap","floor":6,"key":"SMITH"},{"data":"Ball Lightning","floor":8,"key":"SMITH"},{"data":"Streamline","floor":10,"key":"SMITH"},{"floor":15,"key":"REST"},{"data":"Redo","floor":24,"key":"SMITH"}],"neow_cost":"","seed_source_timestamp":539908443543397,"circlet_count":0,"master_deck":["Strike_B","Strike_B","Defend_B","Defend_B","Defend_B","Zap+1","Dualcast","Streamline+1","Streamline","Thunder Strike","Ball Lightning+1","Conserve Battery","FTL","Bandage Up","Redo+1","All For One","Streamline","Ghostly","Ghostly","Ghostly","Ghostly","Ghostly","Ball Lightning","Rebound+1"],"relics":["Cracked Core","Centennial Puzzle","Regal Pillow","Oddly Smooth Stone","Old Coin","Nunchaku","Eternal Feather","Blood Vial","Molten Egg 2"],"potions_floor_usage":[7,16],"damage_taken":[{"damage":2,"enemies":"Jaw Worm","floor":1,"turns":4},{"damage":0,"enemies":"Cultist","floor":3,"turns":3},{"damage":2,"enemies":"2 Louse","floor":4,"turns":2},{"damage":11,"enemies":"3 Sentries","floor":7,"turns":4},{"damage":16,"enemies":"Exordium Thugs","floor":11,"turns":3},{"damage":16,"enemies":"Lagavulin","floor":12,"turns":5},{"damage":30,"enemies":"Hexaghost","floor":16,"turns":7},{"damage":31,"enemies":"2 Thieves","floor":18,"turns":4},{"damage":2,"enemies":"Chosen","floor":22,"turns":4},{"damage":27,"enemies":"Book of Stabbing","floor":23,"turns":6},{"damage":35,"enemies":"Gremlin Leader","floor":25,"turns":5}],"seed_played":"-4883692031082363804","potions_obtained":[{"floor":3,"key":"Regen Potion"},{"floor":12,"key":"EssenceOfSteel"},{"floor":16,"key":"FocusPotion"},{"floor":18,"key":"GamblersBrew"}],"is_trial":false,"path_per_floor":["M","?","M","M","?","R","E","R","T","R","M","E","$","?","R","B",null,"M","?","?","$","M","E","R"],"character_chosen":"DEFECT","items_purchased":["Bandage Up","Nunchaku","Redo","Blood Vial"],"campfire_rested":1,"item_purchase_floors":[13,13,13,21],"current_hp_per_floor":[73,66,66,64,61,61,59,59,59,59,43,27,27,16,53,27,75,48,37,37,37,37,12,24,0],"gold":55,"neow_bonus":"","is_prod":false,"is_daily":false,"chose_seed":false,"campfire_upgraded":4,"win_rate":0,"timestamp":1532266686,"path_taken":["M","?","?","M","?","R","E","R","T","R","M","E","$","?","R","BOSS","M","?","?","?","M","E","R","E"],"build_version":"2018-07-19v2","purchased_purges":2,"victory":false,"max_hp_per_floor":[75,75,75,75,75,75,75,75,75,75,75,75,75,75,75,75,75,75,37,37,37,37,37,37,37],"card_choices":[{"not_picked":["Steam","Turbo"],"picked":"Streamline","floor":1},{"not_picked":["Hologram","Coolheaded"],"picked":"Streamline","floor":3},{"not_picked":["Consume","Redo"],"picked":"Thunder Strike","floor":4},{"not_picked":["Double Energy","All For One"],"picked":"Ball Lightning","floor":7},{"not_picked":["Leap","Steam"],"picked":"Conserve Battery","floor":11},{"not_picked":["Glacier","Barrage"],"picked":"FTL","floor":12},{"not_picked":["Core Surge","Biased Cognition"],"picked":"All For One","floor":16},{"not_picked":["Heatsinks","Leap+1"],"picked":"Streamline","floor":18},{"not_picked":["Barrage+1","Leap+1","Go for the Eyes"],"picked":"SKIP","floor":22},{"not_picked":["Aggregate","Cold Snap+1"],"picked":"Rebound","floor":23}],"player_experience":105618,"relics_obtained":[{"floor":7,"key":"Regal Pillow"},{"floor":9,"key":"Oddly Smooth Stone"},{"floor":12,"key":"Old Coin"},{"floor":23,"key":"Molten Egg 2"}],"event_choices":[{"event_name":"Golden Wing","player_choice":"Card Removal","floor":2,"damage_taken":0},{"event_name":"Scrap Ooze","player_choice":"success","floor":5,"damage_taken":3},{"event_name":"World of Goop","player_choice":"Gather Gold","floor":14,"damage_taken":0},{"event_name":"Ghosts","player_choice":"Became a Ghost","floor":19,"damage_taken":0},{"event_name":"The Library","player_choice":"Read","floor":20,"damage_taken":0}],"is_beta":false,"boss_relics":[{"not_picked":["Fusion Hammer","Runic Dome"],"picked":"Eternal Feather"}],"items_purged_floors":[13,21],"is_endless":false,"potions_floor_spawned":[3,12,16,18],"killed_by":"Gremlin Leader","ascension_level":2}