{"gold_per_floor":[111,111,7,7,18,46,56,82,108,108,183,183,202,162,162,238,238,212,226,55,55,72,103,103,134,157,157,184,184,184,204,204,204],"floor_reached":33,"playtime":1685,"items_purged":[],"score":672,"play_id":"52cabbd1-8e78-4a1c-b28e-69a29c3642b8","local_time":"20190405015347","is_ascension_mode":true,"campfire_choices":[{"data":"Bash","floor":10,"key":"SMITH"},{"data":"Armaments","floor":12,"key":"SMITH"},{"data":"Bludgeon","floor":15,"key":"SMITH"},{"data":"Barricade","floor":24,"key":"SMITH"},{"data":"Flame Barrier","floor":27,"key":"SMITH"},{"floor":30,"key":"REST"},{"floor":32,"key":"REST"}],"neow_cost":"NONE","seed_source_timestamp":3390958190100,"circlet_count":0,"master_deck":["AscendersBane","Bash+1","Perfected Strike","Iron Wave","Spot Weakness","Armaments+1","Pommel Strike","Flame Barrier+1","Bludgeon+1","Barricade+1","Evolve","Wild Strike","Seeing Red","Impervious","Flex","Anger","Flame Barrier","Twin Strike","Pommel Strike","Second Wind","Pommel Strike","Sword Boomerang","Sword Boomerang","Limit Break","RitualDagger","Uppercut"],"relics":["Burning Blood","NeowsBlessing","Shuriken","Champion Belt","Mango","Potion Belt","Pandora\u0027s Box","Red Skull","MutagenicStrength","Centennial Puzzle","PreservedInsect","Blood Vial","Happy Flower"],"potions_floor_usage":[8,13,16,16,23,23,23,23,23,28,33,33,33,33],"damage_taken":[{"damage":0,"enemies":"Small Slimes","floor":1,"turns":1},{"damage":0,"enemies":"Cultist","floor":5,"turns":1},{"damage":0,"enemies":"Gremlin Nob","floor":6,"turns":1},{"damage":2,"enemies":"Jaw Worm","floor":7,"turns":4},{"damage":30,"enemies":"Lagavulin","floor":8,"turns":6},{"damage":8,"enemies":"Lots of Slimes","floor":13,"turns":5},{"damage":48,"enemies":"Slime Boss","floor":16,"turns":10},{"damage":1,"enemies":"2 Thieves","floor":18,"turns":4},{"damage":13,"enemies":"3 Byrds","floor":19,"turns":3},{"damage":15,"enemies":"3 Cultists","floor":22,"turns":6},{"damage":8,"enemies":"Slavers","floor":23,"turns":5},{"damage":29,"enemies":"Book of Stabbing","floor":25,"turns":4},{"damage":28,"enemies":"Slavers","floor":28,"turns":5},{"damage":0,"enemies":"Snake Plant","floor":31,"turns":2},{"damage":102,"enemies":"Collector","floor":33,"turns":9}],"seed_played":"-716211687783242842","potions_obtained":[{"floor":2,"key":"Regen Potion"},{"floor":2,"key":"FairyPotion"},{"floor":5,"key":"PowerPotion"},{"floor":8,"key":"AttackPotion"},{"floor":13,"key":"Dexterity Potion"},{"floor":14,"key":"EntropicBrew"},{"floor":14,"key":"Fire Potion"},{"floor":22,"key":"Ancient Potion"},{"floor":31,"key":"EntropicBrew"}],"is_trial":false,"path_per_floor":["M","?","$","T","M","E","M","E","T","R","?","R","M","?","R","B",null,"M","M","$","?","M","E","R","E","T","R","E","?","R","M","R","B"],"character_chosen":"IRONCLAD","items_purchased":["Iron Wave","Spot Weakness","Red Skull"],"campfire_rested":2,"item_purchase_floors":[3,3,20],"current_hp_per_floor":[74,74,74,74,75,75,75,65,65,65,54,54,66,66,66,24,73,78,71,71,71,62,60,60,37,37,37,17,11,37,45,71,0],"gold":204,"neow_bonus":"THREE_ENEMY_KILL","is_prod":false,"is_daily":false,"chose_seed":false,"campfire_upgraded":5,"win_rate":0,"timestamp":1554443627,"path_taken":["M","?","?","?","?","E","?","E","T","R","?","R","M","?","R","BOSS","M","?","$","?","M","E","R","E","T","R","E","?","R","M","R","BOSS"],"build_version":"2019-01-23","purchased_purges":0,"victory":false,"max_hp_per_floor":[75,75,75,75,75,75,75,89,89,89,89,89,89,89,89,89,89,89,89,89,89,89,89,89,89,89,89,89,89,89,89,89,89],"card_choices":[{"not_picked":["Clash","Warcry"],"picked":"Perfected Strike","floor":1},{"not_picked":["Sever Soul","Fire Breathing","Body Slam"],"picked":"SKIP","floor":5},{"not_picked":["Pummel","Perfected Strike"],"picked":"Armaments","floor":6},{"not_picked":["Sever Soul","Warcry"],"picked":"Pommel Strike","floor":7},{"not_picked":["Intimidate","Warcry"],"picked":"Flame Barrier","floor":8},{"not_picked":["Fire Breathing","Armaments"],"picked":"Bludgeon","floor":13},{"not_picked":["Iron Wave","Body Slam"],"picked":"Pommel Strike","floor":18},{"not_picked":["Pommel Strike","Clothesline"],"picked":"Second Wind","floor":19},{"not_picked":["Wild Strike","Rupture+1"],"picked":"Pommel Strike","floor":22},{"not_picked":["Warcry","Iron Wave"],"picked":"Sword Boomerang","floor":23},{"not_picked":["Wild Strike","Clash"],"picked":"Sword Boomerang","floor":25},{"not_picked":["Dark Embrace","Sword Boomerang"],"picked":"Limit Break","floor":28},{"not_picked":["Wild Strike","Sentinel"],"picked":"Uppercut","floor":31}],"player_experience":806528,"relics_obtained":[{"floor":4,"key":"Shuriken"},{"floor":6,"key":"Champion Belt"},{"floor":8,"key":"Mango"},{"floor":9,"key":"Potion Belt"},{"floor":23,"key":"Centennial Puzzle"},{"floor":25,"key":"PreservedInsect"},{"floor":26,"key":"Blood Vial"},{"floor":28,"key":"Happy Flower"}],"event_choices":[{"damage_healed":0,"gold_gain":0,"player_choice":"Got Potions","damage_taken":0,"max_hp_gain":0,"max_hp_loss":0,"event_name":"Lab","floor":2,"gold_loss":0},{"damage_healed":0,"gold_gain":75,"player_choice":"Gather Gold","damage_taken":11,"max_hp_gain":0,"max_hp_loss":0,"event_name":"World of Goop","floor":11,"gold_loss":0},{"damage_healed":0,"gold_gain":0,"player_choice":"Bought 3 Potions","damage_taken":0,"max_hp_gain":0,"max_hp_loss":0,"event_name":"The Woman in Blue","floor":14,"gold_loss":0},{"damage_healed":0,"gold_gain":0,"player_choice":"Inject Mutagens","damage_taken":0,"relics_obtained":["MutagenicStrength"],"max_hp_gain":0,"max_hp_loss":0,"event_name":"Drug Dealer","floor":21,"gold_loss":0},{"damage_healed":0,"gold_gain":0,"player_choice":"Joined the Cult","damage_taken":6,"max_hp_gain":0,"max_hp_loss":0,"event_name":"Nest","floor":29,"gold_loss":0,"cards_obtained":["RitualDagger"]}],"is_beta":false,"boss_relics":[{"not_picked":["White Beast Statue","Runic Cube"],"picked":"Pandora\u0027s Box"}],"items_purged_floors":[],"is_endless":false,"potions_floor_spawned":[5,6,8,13,22,31],"killed_by":"Collector","ascension_level":20}