{"gold_per_floor":[113,113,136,98,110,154,180,219,256,0,27,83,83,93,93,191,191,206,121,121,46,46,46,81,99,99,131,131,143,174,191,191,294,294,306,306,126,126,142,168,184,201,226,245,272,290,305,338,338,338],"floor_reached":51,"playtime":7495,"items_purged":["Strike_R","Strike_R"],"score":1087,"play_id":"c8eae2ff-10eb-4970-9545-740510053104","local_time":"20180721182222","is_ascension_mode":true,"campfire_choices":[{"data":"Demon Form","floor":13,"key":"SMITH"},{"data":"Metallicize","floor":15,"key":"SMITH"},{"data":"Brutality","floor":23,"key":"SMITH"},{"data":"True Grit","floor":28,"key":"SMITH"},{"data":"Pommel Strike","floor":32,"key":"SMITH"},{"data":"Barricade","floor":49,"key":"SMITH"}],"neow_cost":"FIFTY_PERCENT_DAMAGE","seed_source_timestamp":490011925372957,"circlet_count":0,"master_deck":["Strike_R+1","Strike_R+1","Defend_R","Defend_R","Defend_R","Pommel Strike+1","Shrug It Off","Shrug It Off","Metallicize+1","Feel No Pain","Demon Form+1","Spot Weakness","Juggernaut","Infernal Blade","Brutality+1","True Grit+1","Heavy Blade+1","Ghostly Armor","Sword Boomerang+1","Reaper+1","Barricade+1","Sword Boomerang+1","Metallicize","Body Slam+1","Body Slam+1","Pommel Strike+1","Sentinel","Infernal Blade+1","Fire Breathing+1"],"relics":["Burning Blood","Thread and Needle","MawBank","Dream Catcher","Mummified Hand","Orichalcum","Vajra","Lantern","Tiny Chest","Coffee Dripper","Bag of Preparation","Pen Nib","Kunai","Blood Vial","Molten Egg 2","Prayer Wheel","Lizard Tail","Pear","Juzu Bracelet","Strawberry","Whetstone","Ancient Tea Set"],"potions_floor_usage":[8,50,50,50],"damage_taken":[{"damage":0,"enemies":"2 Louse","floor":1,"turns":3},{"damage":3,"enemies":"Small Slimes","floor":3,"turns":4},{"damage":3,"enemies":"3 Sentries","floor":6,"turns":13},{"damage":0,"enemies":"Jaw Worm","floor":7,"turns":4},{"damage":10,"enemies":"Lagavulin","floor":8,"turns":9},{"damage":10,"enemies":"Gremlin Nob","floor":11,"turns":4},{"damage":0,"enemies":"Gremlin Gang","floor":14,"turns":5},{"damage":0,"enemies":"Slime Boss","floor":16,"turns":6},{"damage":3,"enemies":"Shell Parasite","floor":18,"turns":3},{"damage":8,"enemies":"Gremlin Leader","floor":24,"turns":4},{"damage":1,"enemies":"2 Thieves","floor":25,"turns":2},{"damage":4,"enemies":"Slavers","floor":27,"turns":5},{"damage":2,"enemies":"Sentry and Sphere","floor":29,"turns":3},{"damage":4,"enemies":"Book of Stabbing","floor":30,"turns":5},{"damage":2,"enemies":"Chosen and Byrds","floor":31,"turns":3},{"damage":6,"enemies":"Champ","floor":33,"turns":7},{"damage":2,"enemies":"Orb Walker","floor":35,"turns":3},{"damage":51,"enemies":"Flame Bruiser 1 Orb","floor":39,"turns":6},{"damage":7,"enemies":"2 Orb Walkers","floor":40,"turns":4},{"damage":16,"enemies":"Maw","floor":41,"turns":5},{"damage":2,"enemies":"Sphere and 2 Shapes","floor":42,"turns":3},{"damage":7,"enemies":"Flame Bruiser 2 Orb","floor":44,"turns":5},{"damage":3,"enemies":"Nemesis","floor":45,"turns":4},{"damage":15,"enemies":"Spire Growth","floor":46,"turns":4},{"damage":2,"enemies":"Sphere and 2 Shapes","floor":47,"turns":3},{"damage":48,"enemies":"2 Orb Walkers","floor":48,"turns":5},{"damage":16,"enemies":"Donu and Deca","floor":50,"turns":8}],"seed_played":"-4764038863247923212","potions_obtained":[{"floor":3,"key":"Fire Potion"},{"floor":7,"key":"Poison Potion"},{"floor":14,"key":"GamblersBrew"},{"floor":24,"key":"FairyPotion"},{"floor":27,"key":"Poison Potion"},{"floor":35,"key":"EssenceOfSteel"}],"is_trial":false,"path_per_floor":["M","?","M","?","?","E","M","E","T","$","E","T","R","M","R","B",null,"M","?","?","?","$","R","E","M","T","E","R","M","E","M","R","B",null,"M","?","$","T","M","E","M","M","T","M","E","M","M","E","R","B"],"character_chosen":"IRONCLAD","items_purchased":["Vajra","Spot Weakness","Metallicize"],"campfire_rested":0,"item_purchase_floors":[10,10,37],"current_hp_per_floor":[46,46,49,49,49,52,58,54,54,54,50,50,50,56,56,62,80,80,80,80,80,80,80,78,80,80,80,80,80,80,80,80,80,80,80,80,80,90,81,90,80,90,97,96,97,88,94,63,63,73],"gold":338,"neow_bonus":"ONE_RARE_RELIC","is_prod":false,"is_daily":false,"chose_seed":false,"campfire_upgraded":6,"win_rate":0,"timestamp":1532222542,"path_taken":["M","?","M","?","?","E","M","E","T","?","E","?","R","?","R","BOSS","M","?","?","?","$","R","E","M","T","E","R","M","E","M","R","BOSS","M","?","?","?","M","E","M","M","T","M","E","M","M","E","R","BOSS"],"build_version":"2018-07-19v2","purchased_purges":2,"victory":true,"max_hp_per_floor":[80,80,80,80,80,80,80,80,80,80,80,80,80,80,80,80,80,80,80,80,80,80,80,80,80,80,80,80,80,80,80,80,80,80,80,80,80,90,90,90,90,90,97,97,97,97,97,97,97,97],"card_choices":[{"not_picked":["Thunderclap","Clothesline"],"picked":"Pommel Strike","floor":1},{"not_picked":["Pommel Strike","Anger"],"picked":"Shrug It Off","floor":3},{"not_picked":["Whirlwind","Cleave"],"picked":"Metallicize","floor":6},{"not_picked":["Intimidate","Clothesline"],"picked":"Feel No Pain","floor":7},{"not_picked":["Twin Strike","Headbutt"],"picked":"Demon Form","floor":8},{"not_picked":["Body Slam","Heavy Blade"],"picked":"Juggernaut","floor":11},{"not_picked":["Blood for Blood","Clothesline"],"picked":"Infernal Blade","floor":14},{"not_picked":["Reaper","Exhume"],"picked":"Brutality","floor":16},{"not_picked":["Disarm","Pommel Strike"],"picked":"True Grit","floor":18},{"not_picked":["Headbutt+1","Power Through"],"picked":"Heavy Blade+1","floor":24},{"not_picked":["Dropkick","True Grit"],"picked":"Ghostly Armor","floor":25},{"not_picked":["Thunderclap","Dual Wield"],"picked":"Sword Boomerang","floor":27},{"not_picked":["Heavy Blade+1","Armaments","Reckless Charge+1"],"picked":"SKIP","floor":29},{"not_picked":["Spot Weakness","Pommel Strike+1"],"picked":"Reaper+1","floor":30},{"not_picked":["Clothesline+1","Twin Strike+1","Heavy Blade+1"],"picked":"SKIP","floor":31},{"not_picked":["Flex","Anger+1","Havoc"],"picked":"SKIP","floor":31},{"not_picked":["Immolate+1","Berserk"],"picked":"Barricade","floor":33},{"not_picked":["Carnage+1","Thunderclap+1"],"picked":"Sword Boomerang+1","floor":35},{"not_picked":["Shrug It Off","Iron Wave+1","Shockwave"],"picked":"SKIP","floor":35},{"not_picked":["True Grit+1","Armaments+1"],"picked":"Body Slam+1","floor":39},{"not_picked":["Blood for Blood+1","Hemokinesis+1","Infernal Blade"],"picked":"SKIP","floor":39},{"not_picked":["Sword Boomerang+1","Reckless Charge+1"],"picked":"Body Slam+1","floor":40},{"not_picked":["Cleave+1","Sever Soul+1","Iron Wave+1"],"picked":"SKIP","floor":41},{"not_picked":["Clash+1","Havoc","Spot Weakness"],"picked":"SKIP","floor":41},{"not_picked":["Blood for Blood+1","Spot Weakness+1","Headbutt+1"],"picked":"SKIP","floor":42},{"not_picked":["Havoc+1","Iron Wave+1","Shockwave+1"],"picked":"SKIP","floor":42},{"not_picked":["Sword Boomerang+1","Bludgeon+1"],"picked":"Pommel Strike+1","floor":44},{"not_picked":["Thunderclap+1","Wild Strike+1","Rupture+1"],"picked":"SKIP","floor":44},{"not_picked":["Bloodletting","Warcry"],"picked":"Sentinel","floor":45},{"not_picked":["Twin Strike+1","Spot Weakness+1"],"picked":"Infernal Blade+1","floor":46},{"not_picked":["Clothesline+1","Searing Blow+1"],"picked":"Fire Breathing+1","floor":46},{"not_picked":["Body Slam+1","Wild Strike+1","Thunderclap+1"],"picked":"SKIP","floor":47},{"not_picked":["Armaments+1","Clash+1","Heavy Blade+1"],"picked":"SKIP","floor":47},{"not_picked":["Iron Wave+1","Headbutt+1","Sword Boomerang+1"],"picked":"SKIP","floor":48}],"player_experience":71555,"relics_obtained":[{"floor":6,"key":"Dream Catcher"},{"floor":8,"key":"Mummified Hand"},{"floor":9,"key":"Orichalcum"},{"floor":11,"key":"Lantern"},{"floor":12,"key":"Tiny Chest"},{"floor":24,"key":"Kunai"},{"floor":26,"key":"Blood Vial"},{"floor":27,"key":"Molten Egg 2"},{"floor":30,"key":"Prayer Wheel"},{"floor":38,"key":"Pear"},{"floor":40,"key":"Juzu Bracelet"},{"floor":43,"key":"Strawberry"},{"floor":45,"key":"Whetstone"},{"floor":48,"key":"Ancient Tea Set"}],"event_choices":[{"event_name":"Big Fish","player_choice":"Box","floor":2,"damage_taken":0},{"event_name":"The Cleric","player_choice":"Card Removal","floor":4,"damage_taken":0},{"event_name":"Living Wall","player_choice":"Change","floor":5,"damage_taken":0},{"event_name":"Addict","player_choice":"Obtained Relic","floor":19,"damage_taken":0},{"event_name":"The Mausoleum","player_choice":"Yes","floor":20,"damage_taken":0},{"event_name":"Beggar","player_choice":"Gave Gold","floor":21,"damage_taken":0},{"event_name":"Falling","player_choice":"Removed Attack","floor":36,"damage_taken":0}],"is_beta":false,"boss_relics":[{"not_picked":["Runic Pyramid","Velvet Choker"],"picked":"Coffee Dripper"},{"not_picked":["Eternal Feather","Calling Bell"],"picked":"Lizard Tail"}],"items_purged_floors":[10,37],"is_endless":false,"potions_floor_spawned":[3,7,14,24,27,31,35,40,41,47],"ascension_level":2}