{"gold_per_floor":[110,7,19,31,5,5,34,34,34,45,57,84,99,115,115,186,186,202,202,38,54,54,54,54,54,54,86,105,130,130,140,140,217,217,232,124,124,143,155,155,25,58,128,128,128,158,158,169,169,169],"floor_reached":51,"playtime":3764,"items_purged":[],"score":1437,"play_id":"295a9392-0fb6-492e-b60d-2a915118da20","local_time":"20181225223217","is_ascension_mode":true,"campfire_choices":[{"data":"Poisoned Stab","floor":6.0,"key":"SMITH"},{"data":"Leg Sweep","floor":8.0,"key":"SMITH"},{"floor":15.0,"key":"REST"},{"data":"RitualDagger","floor":23.0,"key":"SMITH"},{"data":"Infinite Blades","floor":25.0,"key":"SMITH"},{"floor":30.0,"key":"REST"},{"floor":32.0,"key":"REST"},{"floor":40.0,"key":"REST"},{"floor":44.0,"key":"REST"},{"floor":47,"key":"REST"},{"floor":49,"key":"REST"}],"neow_cost":"NONE","seed_source_timestamp":142869275861973,"circlet_count":0,"master_deck":["AscendersBane","Defend_G","Defend_G","Defend_G","Defend_G","Defend_G","Strike_G","Strike_G","Strike_G","Strike_G+1","Survivor+1","Neutralize+1","Dodge and Roll","Leg Sweep+1","Slice","Poisoned Stab+1","Masterful Stab","Dodge and Roll+1","Cloak And Dagger+1","Dagger Spray","Leg Sweep+1","Crippling Poison+1","Masterful Stab","Dagger Spray","Corpse Explosion+1","RitualDagger+1","PiercingWail+1","Infinite Blades+1","Deflect+1","Deflect+1","Cloak And Dagger+1","Caltrops+1","Glass Knife","Bouncing Flask+1","Footwork","Dagger Spray","Dodge and Roll+1","Dodge and Roll+1","Footwork","Malaise+1","Caltrops+1","Catalyst+1"],"special_seed":0,"relics":["Ring of the Snake","Whetstone","Toxic Egg 2","Paper Crane","War Paint","Philosopher\u0027s Stone","Vajra","Ninja Scroll","Shuriken","Blue Candle","White Beast Statue","GremlinMask","Potion Belt","Mercury Hourglass","Girya"],"potions_floor_usage":[46,50,50,50,50],"damage_taken":[{"damage":0.0,"enemies":"Cultist","floor":1.0,"turns":3.0},{"damage":0.0,"enemies":"Jaw Worm","floor":3.0,"turns":5.0},{"damage":7.0,"enemies":"2 Louse","floor":4.0,"turns":3.0},{"damage":15.0,"enemies":"Lagavulin","floor":7.0,"turns":8.0},{"damage":5.0,"enemies":"Large Slime","floor":10.0,"turns":6.0},{"damage":5.0,"enemies":"Gremlin Gang","floor":11.0,"turns":5.0},{"damage":18.0,"enemies":"3 Sentries","floor":12.0,"turns":11.0},{"damage":0.0,"enemies":"3 Louse","floor":13.0,"turns":3.0},{"damage":11.0,"enemies":"Large Slime","floor":14.0,"turns":8.0},{"damage":17.0,"enemies":"Slime Boss","floor":16.0,"turns":20.0},{"damage":3.0,"enemies":"Chosen","floor":18.0,"turns":4.0},{"damage":11.0,"enemies":"Spheric Guardian","floor":21.0,"turns":5.0},{"damage":10.0,"enemies":"Book of Stabbing","floor":27.0,"turns":5.0},{"damage":0.0,"enemies":"Centurion and Healer","floor":28.0,"turns":3.0},{"damage":3.0,"enemies":"Gremlin Leader","floor":29.0,"turns":4.0},{"damage":0.0,"enemies":"Cultist and Chosen","floor":31.0,"turns":3.0},{"damage":53.0,"enemies":"Champ","floor":33.0,"turns":11.0},{"damage":5.0,"enemies":"3 Darklings","floor":35.0,"turns":6.0},{"damage":13.0,"enemies":"3 Shapes","floor":38.0,"turns":4.0},{"damage":12.0,"enemies":"Writhing Mass","floor":39.0,"turns":6.0},{"damage":33.0,"enemies":"Giant Head","floor":42.0,"turns":9.0},{"damage":6,"enemies":"Reptomancer","floor":46,"turns":8},{"damage":0,"enemies":"Maw","floor":48,"turns":8},{"damage":57,"enemies":"Donu and Deca","floor":50,"turns":8}],"seed_played":"-1920286178409362928","potions_obtained":[{"floor":1.0,"key":"Regen Potion"},{"floor":4.0,"key":"Swift Potion"},{"floor":11.0,"key":"GhostInAJar"},{"floor":12.0,"key":"Swift Potion"},{"floor":13.0,"key":"Ancient Potion"},{"floor":16.0,"key":"Ancient Potion"},{"floor":28.0,"key":"PowerPotion"},{"floor":29.0,"key":"Strength Potion"},{"floor":35.0,"key":"EntropicBrew"},{"floor":38.0,"key":"GamblersBrew"},{"floor":39.0,"key":"Ancient Potion"},{"floor":42.0,"key":"Poison Potion"},{"floor":46,"key":"Weak Potion"},{"floor":48,"key":"Dexterity Potion"}],"is_trial":false,"path_per_floor":["M","$","M","M","$","R","E","R","T","M","M","E","M","M","R","B",null,"M","?","$","M","?","R","?","R","T","E","M","E","R","M","R","B",null,"M","$","?","M","M","R","$","E","T","R","?","E","R","M","R","B",null],"character_chosen":"THE_SILENT","items_purchased":["Leg Sweep","Slice","Dodge and Roll","Vajra","Footwork","Dagger Spray","Dodge and Roll+1","Footwork"],"campfire_rested":7,"item_purchase_floors":[2,2,5,20,36,36,41,41],"current_hp_per_floor":[59,59,59,52,52,52,52,52,52,47,42,24,24,13,32,15,53,50,44,44,33,33,33,33,33,33,23,23,20,39,39,58,5,51,46,46,46,33,21,40,40,7,7,26,26,20,39,39,58,1],"gold":169,"neow_bonus":"RANDOM_COMMON_RELIC","is_prod":false,"is_daily":false,"chose_seed":false,"campfire_upgraded":4,"win_rate":0,"timestamp":1545805937,"path_taken":["M","?","?","M","$","R","E","R","T","M","M","E","M","M","R","BOSS","M","?","$","M","?","R","?","R","T","E","?","E","R","M","R","BOSS","M","$","?","?","M","R","$","E","T","R","?","E","R","M","R","BOSS"],"build_version":"2018-12-20","purchased_purges":0,"victory":true,"max_hp_per_floor":[66,66,66,66,66,66,66,66,66,66,66,66,66,66,66,66,66,66,66,66,66,66,66,66,66,66,66,66,66,66,66,66,66,66,66,66,66,66,66,66,66,66,66,66,66,66,66,66,66,66],"card_choices":[{"not_picked":["Escape Plan","Deflect"],"picked":"Dodge and Roll","floor":1.0},{"not_picked":["Sucker Punch","Dodge and Roll"],"picked":"Poisoned Stab","floor":3.0},{"not_picked":["Sucker Punch","Backflip"],"picked":"Masterful Stab","floor":4.0},{"not_picked":["Outmaneuver","Corpse Explosion"],"picked":"Cloak And Dagger","floor":7.0},{"not_picked":["Calculated Gamble+1","Concentrate+1"],"picked":"Dagger Spray","floor":10.0},{"not_picked":["Sucker Punch","PiercingWail+1"],"picked":"Leg Sweep+1","floor":11.0},{"not_picked":["Dagger Throw","Phantasmal Killer+1"],"picked":"Crippling Poison+1","floor":12.0},{"not_picked":["Deflect+1","Underhanded Strike"],"picked":"Masterful Stab","floor":13.0},{"not_picked":["Blade Dance+1","Catalyst+1"],"picked":"Dagger Spray","floor":14.0},{"not_picked":["Malaise+1","Envenom"],"picked":"Corpse Explosion+1","floor":16.0},{"not_picked":["Quick Slash","Flechettes"],"picked":"Poisoned Stab","floor":18.0},{"not_picked":["Setup+1","Poisoned Stab"],"picked":"PiercingWail+1","floor":21.0},{"not_picked":["Grand Finale","Reflex+1"],"picked":"Deflect+1","floor":27.0},{"not_picked":["Dagger Throw","Poisoned Stab"],"picked":"Deflect+1","floor":28.0},{"not_picked":["Deflect+1","Bane"],"picked":"Cloak And Dagger+1","floor":29.0},{"not_picked":["Finisher","Setup+1"],"picked":"Caltrops+1","floor":31.0},{"not_picked":["Unload","Venomology+1"],"picked":"Glass Knife","floor":33.0},{"not_picked":["Prepared+1","Dagger Throw"],"picked":"Bouncing Flask+1","floor":35.0},{"not_picked":["Infinite Blades+1","PiercingWail+1"],"picked":"Dodge and Roll+1","floor":38.0},{"not_picked":["Underhanded Strike+1","Outmaneuver+1","Concentrate+1"],"picked":"SKIP","floor":39.0},{"not_picked":["Poisoned Stab+1","Blade Dance+1"],"picked":"Malaise+1","floor":42.0},{"not_picked":["Expertise+1","Underhanded Strike"],"picked":"Caltrops+1","floor":46},{"not_picked":["Eviscerate","Choke+1"],"picked":"Catalyst+1","floor":48}],"player_experience":707174,"relics_obtained":[{"floor":7.0,"key":"Toxic Egg 2"},{"floor":9.0,"key":"Paper Crane"},{"floor":12.0,"key":"War Paint"},{"floor":26.0,"key":"Ninja Scroll"},{"floor":27.0,"key":"Shuriken"},{"floor":29.0,"key":"Blue Candle"},{"floor":42.0,"key":"Potion Belt"},{"floor":43.0,"key":"Mercury Hourglass"},{"floor":46,"key":"Girya"}],"event_choices":[{"damage_healed":0.0,"max_hp_gain":0.0,"max_hp_loss":0.0,"gold_gain":0.0,"event_name":"Nest","player_choice":"Joined the Cult","floor":19.0,"gold_loss":0.0,"damage_taken":6.0,"cards_obtained":["RitualDagger"]},{"damage_healed":0.0,"max_hp_gain":0.0,"max_hp_loss":0.0,"gold_gain":0.0,"event_name":"Beggar","player_choice":"Ignored","floor":22.0,"gold_loss":0.0,"damage_taken":0.0},{"damage_healed":0.0,"max_hp_gain":0.0,"max_hp_loss":0.0,"gold_gain":0.0,"cards_transformed":["Strike_G"],"event_name":"Transmorgrifier","player_choice":"Transformed","floor":24.0,"gold_loss":0.0,"damage_taken":0.0,"cards_obtained":["Infinite Blades"]},{"damage_healed":0.0,"max_hp_gain":0.0,"max_hp_loss":0.0,"gold_gain":0.0,"event_name":"FaceTrader","player_choice":"Trade","floor":37.0,"gold_loss":0.0,"damage_taken":0.0,"relics_obtained":["GremlinMask"]},{"cards_removed":["Poisoned Stab"],"damage_healed":0.0,"max_hp_gain":0.0,"max_hp_loss":0.0,"gold_gain":0.0,"event_name":"Falling","player_choice":"Removed Attack","floor":45.0,"gold_loss":0.0,"damage_taken":0.0}],"is_beta":false,"boss_relics":[{"not_picked":["Ring of the Serpent","Velvet Choker"],"picked":"Philosopher\u0027s Stone"},{"not_picked":["Astrolabe","Fusion Hammer"],"picked":"White Beast Statue"}],"items_purged_floors":[],"is_endless":false,"potions_floor_spawned":[1,4,11,12,13,16,28,29,35,38,39,42,46,48],"ascension_level":18}