{"gold_per_floor":[10,10,30,30,41,71,71,106,183,201,201,214,249,262,262,341,341,341],"floor_reached":18,"playtime":1331,"items_purged":[],"score":353,"play_id":"ea8c732c-2c71-416d-bb39-2a72eeec92ff","local_time":"20180821212003","is_ascension_mode":true,"campfire_choices":[{"data":"Bash","floor":7,"key":"SMITH"},{"data":"Perfected Strike","floor":11,"key":"SMITH"},{"floor":15,"key":"REST"}],"neow_cost":"NO_GOLD","seed_source_timestamp":400711835236410,"circlet_count":0,"master_deck":["Strike_R","Strike_R","Strike_R","Strike_R","Strike_R","Defend_R","Defend_R","Defend_R","Defend_R","Bash+1","AscendersBane","Twin Strike","Metallicize","Perfected Strike+1","Feel No Pain","Sentinel+1","Spot Weakness+1","Clothesline","Fiend Fire","Iron Wave","Impervious+1","True Grit+1","Shrug It Off+1","Uppercut","Inflame"],"relics":["Burning Blood","Mango","CultistMask","Prayer Wheel","Strawberry","Toxic Egg 2","Peace Pipe","Orrery"],"potions_floor_usage":[6,12,13,14,16],"damage_taken":[{"damage":6,"enemies":"Cultist","floor":1,"turns":4},{"damage":0,"enemies":"Small Slimes","floor":3,"turns":4},{"damage":12,"enemies":"2 Louse","floor":5,"turns":4},{"damage":45,"enemies":"Lagavulin","floor":6,"turns":13},{"damage":29,"enemies":"Gremlin Nob","floor":8,"turns":4},{"damage":0,"enemies":"Large Slime","floor":10,"turns":5},{"damage":26,"enemies":"Gremlin Gang","floor":12,"turns":5},{"damage":8,"enemies":"Lagavulin","floor":13,"turns":7},{"damage":11,"enemies":"Lots of Slimes","floor":14,"turns":5},{"damage":37,"enemies":"Slime Boss","floor":16,"turns":9},{"damage":78,"enemies":"3 Byrds","floor":18,"turns":7}],"seed_played":"8319558556831005570","potions_obtained":[{"floor":1,"key":"SkillPotion"},{"floor":3,"key":"BloodPotion"},{"floor":10,"key":"Strength Potion"},{"floor":13,"key":"SkillPotion"},{"floor":14,"key":"Fire Potion"},{"floor":16,"key":"SteroidPotion"}],"is_trial":false,"path_per_floor":["M","?","M","?","M","E","R","E","T","M","R","M","E","M","R","B",null],"character_chosen":"IRONCLAD","items_purchased":[],"campfire_rested":1,"item_purchase_floors":[],"current_hp_per_floor":[82,82,88,88,82,43,43,27,27,33,33,22,20,15,43,12,75,0],"gold":341,"neow_bonus":"ONE_RARE_RELIC","is_prod":false,"is_daily":false,"chose_seed":false,"campfire_upgraded":2,"win_rate":0,"timestamp":1534911603,"path_taken":["M","?","M","?","M","E","R","E","T","M","R","M","E","M","R","BOSS","M"],"build_version":"2018-08-16","purchased_purges":0,"victory":false,"max_hp_per_floor":[89,89,89,89,89,89,89,96,96,96,96,96,96,96,96,96,96,96],"card_choices":[{"not_picked":["Rupture","Sentinel"],"picked":"Twin Strike","floor":1},{"not_picked":["True Grit","Fire Breathing"],"picked":"Metallicize","floor":3},{"not_picked":["Thunderclap","Wild Strike","Evolve"],"picked":"SKIP","floor":5},{"not_picked":["Rupture","True Grit"],"picked":"Perfected Strike","floor":6},{"not_picked":["Inflame","Exhume"],"picked":"Feel No Pain","floor":8},{"not_picked":["Heavy Blade","Fire Breathing"],"picked":"Sentinel+1","floor":10},{"not_picked":["Flex+1","Heavy Blade","Sword Boomerang"],"picked":"SKIP","floor":10},{"not_picked":["Power Through+1","Wild Strike"],"picked":"Spot Weakness+1","floor":12},{"not_picked":["Battle Trance+1","Sword Boomerang"],"picked":"Clothesline","floor":12},{"not_picked":["Feel No Pain","Sentinel+1"],"picked":"Fiend Fire","floor":13},{"not_picked":["Evolve","Second Wind+1"],"picked":"Iron Wave","floor":14},{"not_picked":["Second Wind+1","Corruption","Entrench+1"],"picked":"SKIP","floor":14},{"not_picked":["Offering+1","Dark Embrace"],"picked":"Impervious+1","floor":16},{"not_picked":["Wild Strike","Body Slam"],"picked":"True Grit+1","floor":17},{"not_picked":["Offering+1","Rampage"],"picked":"Shrug It Off+1","floor":17},{"not_picked":["Heavy Blade","Clash"],"picked":"Uppercut","floor":17},{"not_picked":["Heavy Blade","Carnage"],"picked":"Inflame","floor":17}],"player_experience":566461,"relics_obtained":[{"floor":6,"key":"Prayer Wheel"},{"floor":8,"key":"Strawberry"},{"floor":9,"key":"Toxic Egg 2"},{"floor":13,"key":"Peace Pipe"}],"event_choices":[{"event_name":"The Cleric","player_choice":"Leave","floor":2,"damage_taken":0},{"event_name":"FaceTrader","player_choice":"Trade","floor":4,"damage_taken":0}],"is_beta":false,"boss_relics":[{"not_picked":["Calling Bell","Black Star"],"picked":"Orrery"}],"items_purged_floors":[],"is_endless":false,"potions_floor_spawned":[1,3,10,13,14,16],"killed_by":"3 Byrds","ascension_level":16}