{"gold_per_floor":[109,109,120,120,134,134,19,58,82,105,121,121,121,121],"floor_reached":14,"playtime":690,"items_purged":["Strike_G"],"score":153,"play_id":"6f4fb5ef-6779-4088-9d86-5aa713079b66","local_time":"20180819000007","is_ascension_mode":true,"campfire_choices":[{"data":"Neutralize","floor":6,"key":"SMITH"},{"data":"Sucker Punch","floor":13,"key":"SMITH"}],"neow_cost":"NONE","seed_source_timestamp":151765128727652,"circlet_count":0,"master_deck":["Defend_G","Defend_G","Defend_G","Defend_G","Defend_G","Strike_G","Strike_G","Strike_G","Strike_G","Survivor","Neutralize+1","AscendersBane","Sucker Punch+1","Sucker Punch+1","Footwork","Caltrops","Dagger Throw","Pain","Dagger Spray"],"relics":["Cursed Key","Art of War","Golden Idol","Dream Catcher","Oddly Smooth Stone"],"potions_floor_usage":[8,8],"damage_taken":[{"damage":4,"enemies":"Small Slimes","floor":1,"turns":5},{"damage":0,"enemies":"2 Louse","floor":3,"turns":3},{"damage":0,"enemies":"Jaw Worm","floor":5,"turns":5},{"damage":7,"enemies":"Gremlin Nob","floor":8,"turns":4},{"damage":7,"enemies":"Large Slime","floor":10,"turns":8},{"damage":9,"enemies":"3 Louse","floor":11,"turns":4},{"damage":23,"enemies":"3 Sentries","floor":14,"turns":5}],"seed_played":"5275272512933258803","potions_obtained":[{"floor":3,"key":"Poison Potion"},{"floor":5,"key":"SkillPotion"}],"is_trial":false,"path_per_floor":["M","?","M","?","M","R","$","E","T","M","M","?","R"],"character_chosen":"THE_SILENT","items_purchased":["Caltrops"],"campfire_rested":0,"item_purchase_floors":[7],"current_hp_per_floor":[55,48,48,48,48,48,48,41,41,34,25,25,25,2],"gold":121,"neow_bonus":"BOSS_RELIC","is_prod":false,"is_daily":false,"chose_seed":false,"campfire_upgraded":2,"win_rate":0,"timestamp":1534662007,"path_taken":["M","?","M","?","M","R","?","E","T","M","M","?","R","E"],"build_version":"2018-08-16","purchased_purges":1,"victory":false,"max_hp_per_floor":[66,66,66,61,61,61,61,61,61,61,61,61,61,61],"card_choices":[{"not_picked":["Poisoned Stab","Riddle With Holes"],"picked":"Sucker Punch","floor":1},{"not_picked":["Deflect","Masterful Stab"],"picked":"Sucker Punch","floor":3},{"not_picked":["Backflip","Poisoned Stab"],"picked":"Footwork","floor":5},{"not_picked":["Storm of Steel","PiercingWail"],"picked":"Dagger Throw","floor":8},{"not_picked":["Caltrops","Storm of Steel"],"picked":"Dagger Spray","floor":10},{"not_picked":["Sucker Punch","Blade Dance","Poisoned Stab"],"picked":"SKIP","floor":11}],"player_experience":520773,"relics_obtained":[{"floor":8,"key":"Dream Catcher"},{"floor":9,"key":"Oddly Smooth Stone"}],"event_choices":[{"event_name":"Scrap Ooze","player_choice":"success","floor":2,"damage_taken":7},{"event_name":"Golden Idol","player_choice":"Lose Max HP","floor":4,"damage_taken":0},{"event_name":"Living Wall","player_choice":"Grow","floor":12,"damage_taken":0}],"is_beta":false,"boss_relics":[],"items_purged_floors":[7],"is_endless":false,"potions_floor_spawned":[3,5],"killed_by":"3 Sentries","ascension_level":14}