{"gold_per_floor":[109,109,126,136,86,86,112,112,112,131,131],"floor_reached":11,"playtime":877,"items_purged":[],"score":84,"play_id":"3f0f1d88-a2fc-43ac-963c-5705882438b1","local_time":"20180826174611","is_ascension_mode":true,"campfire_choices":[{"data":"Flying Knee","floor":6,"key":"SMITH"},{"data":"Sucker Punch","floor":8,"key":"SMITH"}],"neow_cost":"PERCENT_DAMAGE","seed_source_timestamp":1044534716639774,"circlet_count":0,"master_deck":["Defend_G","Defend_G","Defend_G","Defend_G","Strike_G","Strike_G","Survivor","Neutralize","Acrobatics","Terror","Sucker Punch+1","Outmaneuver","Flying Knee+1","Sucker Punch"],"relics":["Ring of the Snake","Singing Bowl","Kunai"],"potions_floor_usage":[11],"damage_taken":[{"damage":0,"enemies":"2 Louse","floor":1,"turns":3},{"damage":0,"enemies":"Cultist","floor":3,"turns":5},{"damage":0,"enemies":"Jaw Worm","floor":4,"turns":5},{"damage":23,"enemies":"Lagavulin","floor":7,"turns":6},{"damage":7,"enemies":"Exordium Wildlife","floor":10,"turns":6},{"damage":27,"enemies":"3 Sentries","floor":11,"turns":5}],"seed_played":"636361784786686529","potions_obtained":[{"floor":3,"key":"Explosive Potion"}],"is_trial":false,"path_per_floor":["M","?","M","M","?","R","E","R","T","M"],"character_chosen":"THE_SILENT","items_purchased":[],"campfire_rested":0,"item_purchase_floors":[],"current_hp_per_floor":[49,49,49,49,49,49,28,28,28,21,0],"gold":131,"neow_bonus":"TRANSFORM_TWO_CARDS","is_prod":false,"is_daily":false,"chose_seed":false,"campfire_upgraded":2,"win_rate":0,"timestamp":1535323571,"path_taken":["M","?","M","M","?","R","E","R","T","?","E"],"build_version":"2018-08-23v2","purchased_purges":0,"victory":false,"max_hp_per_floor":[70,70,70,70,70,70,72,72,72,72,72],"card_choices":[{"not_picked":["PiercingWail","Bane"],"picked":"Sucker Punch","floor":1},{"not_picked":["Deflect","Dodge and Roll"],"picked":"Outmaneuver","floor":3},{"not_picked":["Dagger Throw","Concentrate"],"picked":"Flying Knee","floor":4},{"not_picked":["Backflip","Night Terror","Concentrate"],"picked":"Singing Bowl","floor":7},{"not_picked":["Masterful Stab","Bane"],"picked":"Sucker Punch","floor":10}],"player_experience":283929,"relics_obtained":[{"floor":7,"key":"Singing Bowl"},{"floor":9,"key":"Kunai"}],"event_choices":[{"event_name":"Purifier","player_choice":"One Purge","floor":2,"damage_taken":0},{"event_name":"The Cleric","player_choice":"Card Removal","floor":5,"damage_taken":0}],"is_beta":false,"boss_relics":[],"items_purged_floors":[],"is_endless":false,"potions_floor_spawned":[3],"killed_by":"3 Sentries","ascension_level":3}