{"gold_per_floor":[118,118,118,4,14,41,41,72,72,30,30,48,48,67,67,171,171,183,203,238,75,75],"floor_reached":22,"playtime":983,"items_purged":["Regret","Strike_R"],"score":240,"play_id":"cd6476c4-182f-4651-a943-39408278d653","local_time":"20180726184528","is_ascension_mode":true,"campfire_choices":[{"floor":7,"key":"REST"},{"floor":11,"key":"REST"},{"data":"Demon Form","floor":13,"key":"SMITH"},{"data":"True Grit","floor":15,"key":"SMITH"}],"neow_cost":"","seed_source_timestamp":283569055941992,"circlet_count":0,"master_deck":["Strike_R","Strike_R","Defend_R","Defend_R","Defend_R","Defend_R","Bash","Pummel","Inflame","Spot Weakness","Iron Wave+1","Twin Strike+1","True Grit+1","Demon Form+1","True Grit","Reaper+1","Sword Boomerang+1","Clothesline+1","Sword Boomerang+1","Inflame","Cleave+1"],"relics":["Burning Blood","Mummified Hand","Molten Egg 2","The Courier","Ancient Tea Set","Matryoshka","Empty Cage","Red Mask"],"potions_floor_usage":[6,18,18,18,20,22],"damage_taken":[{"damage":0,"enemies":"2 Louse","floor":1,"turns":3},{"damage":0,"enemies":"Small Slimes","floor":5,"turns":3},{"damage":35,"enemies":"Lagavulin","floor":6,"turns":5},{"damage":24,"enemies":"Gremlin Nob","floor":8,"turns":4},{"damage":5,"enemies":"Jaw Worm","floor":12,"turns":2},{"damage":0,"enemies":"3 Louse","floor":14,"turns":2},{"damage":21,"enemies":"The Guardian","floor":16,"turns":8},{"damage":6,"enemies":"2 Thieves","floor":18,"turns":2},{"damage":40,"enemies":"Spheric Guardian","floor":19,"turns":6},{"damage":59,"floor":20,"turns":5},{"damage":26,"enemies":"3 Cultists","floor":22,"turns":4}],"seed_played":"-1163379786736291405","potions_obtained":[{"floor":5,"key":"SteroidPotion"},{"floor":8,"key":"Explosive Potion"},{"floor":12,"key":"SteroidPotion"},{"floor":14,"key":"Fire Potion"},{"floor":18,"key":"Swift Potion"},{"floor":19,"key":"FearPotion"}],"is_trial":false,"path_per_floor":["M","?","?","$","M","E","R","E","T","$","R","M","R","M","R","B",null,"M","M","?","$"],"character_chosen":"IRONCLAD","items_purchased":["Inflame","True Grit","Inflame","Cleave+1"],"campfire_rested":2,"item_purchase_floors":[4,10,21,21],"current_hp_per_floor":[80,55,55,55,61,32,56,38,38,38,62,63,63,69,69,54,74,74,40,7,7,0],"gold":75,"neow_bonus":"","is_prod":false,"is_daily":false,"chose_seed":false,"campfire_upgraded":2,"win_rate":0,"timestamp":1532655928,"path_taken":["M","?","?","?","?","E","R","E","T","?","R","M","R","M","R","BOSS","M","M","?","$","M"],"build_version":"2018-07-19v2","purchased_purges":2,"victory":false,"max_hp_per_floor":[80,80,80,80,80,80,80,80,80,80,80,80,80,80,80,80,80,80,80,80,80,80],"card_choices":[{"not_picked":["Armaments","Wild Strike"],"picked":"Pummel","floor":1},{"not_picked":["Clash+1","Entrench"],"picked":"Spot Weakness","floor":5},{"not_picked":["Sever Soul+1","Havoc"],"picked":"Iron Wave+1","floor":6},{"not_picked":["Fire Breathing","Cleave+1"],"picked":"Twin Strike+1","floor":8},{"not_picked":["Thunderclap+1","Reckless Charge+1"],"picked":"Demon Form","floor":12},{"not_picked":["Perfected Strike+1","Armaments"],"picked":"True Grit","floor":14},{"not_picked":["Berserk","Brutality"],"picked":"Reaper+1","floor":16},{"not_picked":["Wild Strike+1","Sentinel"],"picked":"Sword Boomerang+1","floor":18},{"not_picked":["Searing Blow+1","Blood for Blood+1"],"picked":"Clothesline+1","floor":19},{"not_picked":["Twin Strike+1","Intimidate"],"picked":"Sword Boomerang+1","floor":20}],"player_experience":202929,"relics_obtained":[{"floor":6,"key":"The Courier"},{"floor":8,"key":"Ancient Tea Set"},{"floor":9,"key":"Matryoshka"},{"floor":20,"key":"Red Mask"}],"event_choices":[{"event_name":"Scrap Ooze","player_choice":"success","floor":2,"damage_taken":25},{"event_name":"Big Fish","player_choice":"Box","floor":3,"damage_taken":0}],"is_beta":false,"boss_relics":[{"not_picked":["Eternal Feather","Ectoplasm"],"picked":"Empty Cage"}],"items_purged_floors":[4,21],"is_endless":false,"potions_floor_spawned":[5,8,12,14,18,19],"killed_by":"3 Cultists","ascension_level":5}