{"gold_per_floor":[112,131,131,131,146,178,178,208,208,234,36,36,36,52,52,177,177,201,201,44,44,44,44,60,94,94,94,117,140,163,163],"floor_reached":31,"playtime":4411,"items_purged":["Strike_G"],"score":485,"play_id":"17bdb90e-0d95-4417-8b4c-0fdfadb87257","local_time":"20180808200948","is_ascension_mode":true,"campfire_choices":[{"floor":7,"key":"REST"},{"data":"Noxious Fumes","floor":13,"key":"SMITH"},{"data":"All Out Attack","floor":15,"key":"SMITH"},{"data":"Backstab","floor":23,"key":"SMITH"},{"data":"All Out Attack","floor":27,"key":"SMITH"}],"neow_cost":"NONE","seed_source_timestamp":1408411165456788,"circlet_count":0,"master_deck":["Defend_G","Defend_G+1","Defend_G","Defend_G","Defend_G","Strike_G","Strike_G","Strike_G","Strike_G","Survivor+1","Neutralize+1","AscendersBane","All Out Attack+1","Slice","Noxious Fumes+1","Well Laid Plans+1","Footwork+1","All Out Attack+1","Deflect","Footwork+1","Backstab+1","Finesse","Necronomicurse","RitualDagger","Footwork+1","Cloak And Dagger+1","Deflect","Dodge and Roll","Backflip+1"],"relics":["Ring of the Snake","War Paint","Frozen Egg 2","Art of War","Juzu Bracelet","Vajra","Golden Idol","Coffee Dripper","Necronomicon","Mummified Hand","Dodecahedron"],"potions_floor_usage":[6,8,10,16,28,28,29],"damage_taken":[{"damage":0,"enemies":"2 Louse","floor":1,"turns":5},{"damage":9,"enemies":"Cultist","floor":2,"turns":5},{"damage":0,"enemies":"Jaw Worm","floor":5,"turns":4},{"damage":11,"enemies":"3 Sentries","floor":6,"turns":6},{"damage":18,"enemies":"Gremlin Nob","floor":8,"turns":6},{"damage":5,"enemies":"Lagavulin","floor":10,"turns":9},{"damage":0,"enemies":"Blue Slaver","floor":14,"turns":3},{"damage":0,"enemies":"Hexaghost","floor":16,"turns":9},{"damage":0,"enemies":"Chosen","floor":18,"turns":5},{"damage":3,"enemies":"2 Thieves","floor":24,"turns":3},{"damage":2,"enemies":"Gremlin Leader","floor":25,"turns":9},{"damage":1,"enemies":"Snecko","floor":28,"turns":5},{"damage":4,"enemies":"Snake Plant","floor":29,"turns":5},{"damage":1,"enemies":"Cultist and Chosen","floor":30,"turns":9},{"damage":26,"enemies":"Book of Stabbing","floor":31,"turns":4}],"seed_played":"-6668182940173087717","potions_obtained":[{"floor":1,"key":"EssenceOfSteel"},{"floor":10,"key":"GhostInAJar"},{"floor":18,"key":"Block Potion"},{"floor":28,"key":"EssenceOfSteel"},{"floor":30,"key":"FearPotion"}],"is_trial":false,"path_per_floor":["M","M","?","T","M","E","R","E","T","E","$","?","R","M","R","B",null,"M","?","$","?","?","R","M","E","T","R","M","M","M"],"character_chosen":"THE_SILENT","items_purchased":["LiquidBronze","Fire Potion","Backstab","Finesse"],"campfire_rested":1,"item_purchase_floors":[11,11,20,20],"current_hp_per_floor":[63,54,54,54,54,43,64,46,46,41,41,41,41,41,41,41,59,59,59,59,43,37,37,34,32,32,32,31,27,26,0],"gold":163,"neow_bonus":"THREE_SMALL_POTIONS","is_prod":false,"is_daily":false,"chose_seed":false,"campfire_upgraded":4,"win_rate":0,"timestamp":1533784188,"path_taken":["M","M","?","?","M","E","R","E","T","E","$","?","R","M","R","BOSS","M","?","$","?","?","R","M","E","T","R","M","M","M","E"],"build_version":"2018-08-02","purchased_purges":1,"victory":false,"max_hp_per_floor":[70,70,70,70,70,70,70,70,70,70,70,65,65,65,65,65,65,65,65,65,65,65,65,65,65,65,65,65,65,65,65],"card_choices":[{"not_picked":["Prepared","Blur"],"picked":"All Out Attack","floor":1},{"not_picked":["Acrobatics","Outmaneuver"],"picked":"Slice","floor":2},{"not_picked":["Leg Sweep","Crippling Poison"],"picked":"Noxious Fumes","floor":5},{"not_picked":["Blade Dance","Bane"],"picked":"Well Laid Plans","floor":6},{"not_picked":["PiercingWail","Poisoned Stab"],"picked":"Footwork+1","floor":8},{"not_picked":["Bouncing Flask","Blade Dance"],"picked":"All Out Attack","floor":10},{"not_picked":["Phantasmal Killer","Poisoned Stab","Bane"],"picked":"SKIP","floor":14},{"not_picked":["Acrobatics","Outmaneuver"],"picked":"Deflect","floor":18},{"not_picked":["Flying Knee+1","Heel Hook"],"picked":"Footwork+1","floor":24},{"not_picked":["Deflect","Underhanded Strike"],"picked":"Cloak And Dagger+1","floor":25},{"not_picked":["Distraction+1","Dagger Throw+1"],"picked":"Deflect","floor":28},{"not_picked":["Deadly Poison","Catalyst"],"picked":"Dodge and Roll","floor":29},{"not_picked":["Storm of Steel","Flechettes+1"],"picked":"Backflip+1","floor":30}],"player_experience":375543,"relics_obtained":[{"floor":4,"key":"War Paint"},{"floor":6,"key":"Frozen Egg 2"},{"floor":8,"key":"Art of War"},{"floor":9,"key":"Juzu Bracelet"},{"floor":10,"key":"Vajra"},{"floor":21,"key":"Necronomicon"},{"floor":25,"key":"Mummified Hand"},{"floor":26,"key":"Dodecahedron"}],"event_choices":[{"event_name":"Living Wall","player_choice":"Grow","floor":3,"damage_taken":0},{"event_name":"Golden Idol","player_choice":"Lose Max HP","floor":12,"damage_taken":0},{"event_name":"The Library","player_choice":"Read","floor":19,"damage_taken":0},{"event_name":"Cursed Tome","player_choice":"Obtained Book","floor":21,"damage_taken":0},{"event_name":"Nest","player_choice":"Joined the Cult","floor":22,"damage_taken":0}],"is_beta":false,"boss_relics":[{"not_picked":["Velvet Choker","Ring of the Serpent"],"picked":"Coffee Dripper"}],"items_purged_floors":[11],"is_endless":false,"potions_floor_spawned":[1,2,10,18,28,30],"killed_by":"Book of Stabbing","ascension_level":10}