{"gold_per_floor":[111,130,205,205,205,205,246,269,296,337,357,401,430,468,468,468],"floor_reached":16,"playtime":1183,"items_purged":[],"score":147,"play_id":"2a716011-c6c2-4280-8bdc-b7d7213de295","local_time":"20180722220857","is_ascension_mode":true,"campfire_choices":[{"data":"Clothesline","floor":6,"key":"SMITH"},{"floor":15,"key":"REST"}],"neow_cost":"","seed_source_timestamp":596330874442470,"circlet_count":0,"master_deck":["Strike_R","Strike_R","Strike_R","Strike_R","Strike_R","Defend_R","Defend_R","Defend_R","Bash","Clothesline+1","Clash","Power Through","Spot Weakness","Anger","Hemokinesis","Reckless Charge","Blood for Blood","Pommel Strike"],"relics":["Burning Blood","Golden Idol","Dream Catcher","Art of War","Bronze Scales","Anchor","Odd Mushroom","Paper Frog"],"potions_floor_usage":[10,14,14,16],"damage_taken":[{"damage":8,"enemies":"2 Louse","floor":1,"turns":4},{"damage":12,"enemies":"Jaw Worm","floor":2,"turns":5},{"damage":21,"enemies":"Lagavulin","floor":7,"turns":8},{"damage":0,"enemies":"Small Slimes","floor":8,"turns":2},{"damage":16,"enemies":"Gremlin Nob","floor":10,"turns":3},{"damage":8,"enemies":"Exordium Wildlife","floor":11,"turns":5},{"damage":17,"enemies":"3 Sentries","floor":12,"turns":6},{"damage":13,"floor":13,"turns":4},{"damage":6,"enemies":"Gremlin Nob","floor":14,"turns":4},{"damage":46,"enemies":"The Guardian","floor":16,"turns":6}],"seed_played":"-6653964033918020862","potions_obtained":[{"floor":8,"key":"Strength Potion"},{"floor":10,"key":"Weak Potion"},{"floor":11,"key":"Dexterity Potion"},{"floor":14,"key":"Swift Potion"}],"is_trial":false,"path_per_floor":["M","M","?","?","?","R","E","M","T","E","M","E","?","E","R"],"character_chosen":"IRONCLAD","items_purchased":[],"campfire_rested":1,"item_purchase_floors":[],"current_hp_per_floor":[78,72,61,61,61,61,46,52,52,42,40,29,22,22,44,0],"gold":468,"neow_bonus":"","is_prod":false,"is_daily":false,"chose_seed":false,"campfire_upgraded":1,"win_rate":0,"timestamp":1532322537,"path_taken":["M","M","?","?","?","R","E","M","T","E","M","E","?","E","R","BOSS"],"build_version":"2018-07-19v2","purchased_purges":0,"victory":false,"max_hp_per_floor":[80,80,80,80,74,74,74,74,74,74,74,74,74,74,74,74],"card_choices":[{"not_picked":["Thunderclap","Reckless Charge"],"picked":"Clothesline","floor":1},{"not_picked":["Pummel","Rage"],"picked":"Clash","floor":2},{"not_picked":["Heavy Blade","Reckless Charge","Havoc"],"picked":"SKIP","floor":7},{"not_picked":["Havoc","Anger","Iron Wave"],"picked":"SKIP","floor":8},{"not_picked":["Bloodletting","Reckless Charge"],"picked":"Spot Weakness","floor":10},{"not_picked":["Double Tap","Armaments"],"picked":"Anger","floor":11},{"not_picked":["Bloodletting","Anger"],"picked":"Hemokinesis","floor":12},{"not_picked":["Fire Breathing","Feel No Pain"],"picked":"Reckless Charge","floor":13},{"not_picked":["Demon Form","Metallicize"],"picked":"Blood for Blood","floor":14},{"not_picked":["Clash","Havoc"],"picked":"Pommel Strike","floor":15}],"player_experience":127760,"relics_obtained":[{"floor":7,"key":"Dream Catcher"},{"floor":9,"key":"Art of War"},{"floor":10,"key":"Bronze Scales"},{"floor":12,"key":"Anchor"},{"floor":13,"key":"Odd Mushroom"},{"floor":14,"key":"Paper Frog"}],"event_choices":[{"event_name":"World of Goop","player_choice":"Gather Gold","floor":3,"damage_taken":0},{"event_name":"Living Wall","player_choice":"Change","floor":4,"damage_taken":0},{"event_name":"Golden Idol","player_choice":"Lose Max HP","floor":5,"damage_taken":0},{"event_name":"Mushrooms","player_choice":"Fought Mushrooms","floor":13,"damage_taken":0}],"is_beta":false,"boss_relics":[],"items_purged_floors":[],"is_endless":false,"potions_floor_spawned":[8,10,11,14],"killed_by":"The Guardian","ascension_level":3}