{"gold_per_floor":[113,113,38,49,65,65,91,61,114,128,128,128,28,48,48,152,152,169,179,54,69,20,20,20],"floor_reached":24,"playtime":1614,"items_purged":["Strike_G","Strike_G","Strike_G"],"score":276,"play_id":"c5dd483d-475d-4d09-b7d6-a21c5fed5e9e","local_time":"20190128192741","is_ascension_mode":true,"campfire_choices":[{"data":"Prepared","floor":6,"key":"SMITH"},{"data":"Footwork","floor":12,"key":"SMITH"},{"data":"Grand Finale","floor":15,"key":"SMITH"},{"floor":23,"key":"REST"}],"neow_cost":"NONE","seed_source_timestamp":447391570238827,"circlet_count":0,"master_deck":["Defend_G","Defend_G","Defend_G","Defend_G","Strike_G","Survivor","Neutralize","Grand Finale+1","Quick Slash","Blur","Prepared+1","Footwork+1","Dagger Throw","Backflip","Doppelganger","Footwork","Footwork"],"relics":["Ring of the Snake","Blood Vial","Vajra","Snake Skull","Empty Cage"],"potions_floor_usage":[10,19,24,24],"damage_taken":[{"damage":0,"enemies":"Cultist","floor":1,"turns":5},{"damage":2,"enemies":"2 Louse","floor":4,"turns":3},{"damage":22,"enemies":"Jaw Worm","floor":5,"turns":8},{"damage":0,"enemies":"3 Sentries","floor":7,"turns":2},{"damage":10,"enemies":"Lots of Slimes","floor":10,"turns":5},{"damage":0,"enemies":"3 Louse","floor":14,"turns":7},{"damage":33,"enemies":"The Guardian","floor":16,"turns":14},{"damage":0,"enemies":"Shell Parasite","floor":18,"turns":9},{"damage":24,"enemies":"3 Byrds","floor":19,"turns":6},{"damage":22,"enemies":"Sentry and Sphere","floor":21,"turns":13},{"damage":48,"enemies":"Chosen and Byrds","floor":24,"turns":12}],"seed_played":"-7848437980238036963","potions_obtained":[{"floor":7,"key":"Energy Potion"},{"floor":8,"key":"LiquidBronze"},{"floor":8,"key":"Regen Potion"},{"floor":18,"key":"PowerPotion"},{"floor":21,"key":"Strength Potion"}],"is_trial":false,"path_per_floor":["M","?","$","M","M","R","E","?","T","M","?","R","$","M","R","B",null,"M","M","$","M","$","R","M"],"character_chosen":"THE_SILENT","items_purchased":["SkillPotion"],"campfire_rested":1,"item_purchase_floors":[22],"current_hp_per_floor":[70,70,70,68,46,46,46,46,46,38,38,38,38,40,40,9,55,57,35,35,15,15,36,0],"gold":20,"neow_bonus":"ONE_RANDOM_RARE_CARD","is_prod":false,"is_daily":false,"chose_seed":false,"campfire_upgraded":3,"win_rate":0,"timestamp":1548725261,"path_taken":["M","?","$","M","?","R","E","?","T","?","?","R","$","M","R","BOSS","M","M","$","M","$","R","M"],"build_version":"2019-01-23","purchased_purges":3,"victory":false,"max_hp_per_floor":[70,70,70,70,70,70,70,70,70,70,70,70,70,70,70,70,70,70,70,70,70,70,70,70],"card_choices":[{"not_picked":["Leg Sweep","Cloak And Dagger"],"picked":"Quick Slash","floor":1},{"not_picked":["Quick Slash","Flechettes"],"picked":"Blur","floor":4},{"not_picked":["Quick Slash","Accuracy"],"picked":"Prepared","floor":5},{"not_picked":["PiercingWail","Outmaneuver"],"picked":"Footwork","floor":7},{"not_picked":["Heel Hook","Outmaneuver"],"picked":"Dagger Throw","floor":10},{"not_picked":["Corpse Explosion","Finisher"],"picked":"Backflip","floor":14},{"not_picked":["A Thousand Cuts","Malaise"],"picked":"Doppelganger","floor":16},{"not_picked":["Deadly Poison","Backflip+1"],"picked":"Footwork","floor":18},{"not_picked":["Blade Dance","Underhanded Strike","PiercingWail"],"picked":"SKIP","floor":19},{"not_picked":["Blade Dance","Cloak And Dagger+1"],"picked":"Footwork","floor":21}],"player_experience":739304,"relics_obtained":[{"floor":7,"key":"Blood Vial"},{"floor":9,"key":"Vajra"}],"event_choices":[{"damage_healed":0,"gold_gain":0,"player_choice":"0 cards matched","damage_taken":0,"max_hp_gain":0,"max_hp_loss":0,"event_name":"Match and Keep!","floor":2,"gold_loss":0,"cards_obtained":[]},{"damage_healed":0,"gold_gain":0,"player_choice":"Bought 2 Potions","damage_taken":0,"max_hp_gain":0,"max_hp_loss":0,"event_name":"The Woman in Blue","floor":8,"gold_loss":0},{"damage_healed":0,"gold_gain":0,"player_choice":"Gave Potion","damage_taken":0,"relics_obtained":["Snake Skull"],"max_hp_gain":0,"max_hp_loss":0,"event_name":"WeMeetAgain","floor":11,"gold_loss":0}],"is_beta":false,"boss_relics":[{"not_picked":["Tiny House","Coffee Dripper"],"picked":"Empty Cage"}],"items_purged_floors":[3,13,20],"is_endless":false,"potions_floor_spawned":[7,18,21],"killed_by":"Chosen and Byrds","ascension_level":5}