{"gold_per_floor":[118,130,130,142,142,172,172,192,192,192,192,223,193],"floor_reached":13,"playtime":486,"items_purged":[],"score":149,"play_id":"530fa628-b1bc-42f8-bf62-02a80f3c459f","local_time":"20180810230955","is_ascension_mode":true,"campfire_choices":[{"data":"Consume","floor":7,"key":"SMITH"},{"floor":10,"key":"REST"}],"neow_cost":"NONE","seed_source_timestamp":1595948397268619,"circlet_count":0,"master_deck":["Strike_B","Strike_B","Strike_B","Defend_B","Defend_B","Defend_B","Defend_B","Zap","Dualcast","AscendersBane","Compile Driver","Consume+1","Compile Driver","Fission","Machine Learning"],"relics":["Cracked Core","NeowsBlessing","Nunchaku","StoneCalendar","Dead Branch"],"potions_floor_usage":[],"damage_taken":[{"damage":0,"enemies":"Cultist","floor":1,"turns":1},{"damage":0,"enemies":"Small Slimes","floor":2,"turns":1},{"damage":0,"enemies":"Jaw Worm","floor":4,"turns":1},{"damage":36,"enemies":"Lagavulin","floor":6,"turns":7},{"damage":9,"enemies":"3 Louse","floor":8,"turns":3},{"damage":45,"enemies":"3 Sentries","floor":12,"turns":7},{"damage":12,"enemies":"Looter","floor":13,"turns":2}],"seed_played":"-5438670236216124886","potions_obtained":[{"floor":6,"key":"GamblersBrew"},{"floor":12,"key":"Explosive Potion"}],"is_trial":false,"path_per_floor":["M","M","?","M","?","E","R","M","T","R","?","E"],"character_chosen":"DEFECT","items_purchased":[],"campfire_rested":1,"item_purchase_floors":[],"current_hp_per_floor":[68,68,68,68,73,37,37,28,28,52,52,7,0],"gold":193,"neow_bonus":"THREE_ENEMY_KILL","is_prod":false,"is_daily":false,"chose_seed":false,"campfire_upgraded":1,"win_rate":0,"timestamp":1533967795,"path_taken":["M","?","?","M","?","E","R","?","T","R","?","E","M"],"build_version":"2018-08-09","purchased_purges":0,"victory":false,"max_hp_per_floor":[75,75,75,75,80,80,80,80,80,80,80,80,80],"card_choices":[{"not_picked":["Barrage","Streamline"],"picked":"Compile Driver","floor":1},{"not_picked":["Steam","Redo"],"picked":"Consume","floor":2},{"not_picked":["Rebound","Undo"],"picked":"Compile Driver","floor":4},{"not_picked":["Barrage","Streamline","Scrape"],"picked":"SKIP","floor":6},{"not_picked":["Stack","Storm"],"picked":"Fission","floor":8},{"not_picked":["Barrage","Turbo"],"picked":"Machine Learning","floor":12}],"player_experience":430716,"relics_obtained":[{"floor":6,"key":"Nunchaku"},{"floor":9,"key":"StoneCalendar"},{"floor":12,"key":"Dead Branch"}],"event_choices":[{"event_name":"Liars Game","player_choice":"disagreed","floor":3,"damage_taken":0},{"event_name":"Big Fish","player_choice":"Donut","floor":5,"damage_taken":0},{"event_name":"Wheel of Change","player_choice":"Card Removal","floor":11,"damage_taken":0}],"is_beta":false,"boss_relics":[],"items_purged_floors":[],"is_endless":false,"potions_floor_spawned":[6,12],"killed_by":"Looter","ascension_level":12}