{"gold_per_floor":[113,188,188,8,24,24,54,54,79,112,122,138,150,183,183,280,280,296,21,32,32,45,77,77,105,179,179,32,32,82,93,93,196,196,209,259,270,320,370,370,370],"floor_reached":41,"playtime":1944,"items_purged":["Normality"],"score":715,"play_id":"904337ed-7a1c-4c38-ad9c-b3ce8009fb5c","local_time":"20180810172009","is_ascension_mode":true,"campfire_choices":[{"floor":6.0,"key":"REST"},{"floor":8.0,"key":"REST"},{"data":"Defragment","floor":15,"key":"SMITH"},{"floor":24,"key":"REST"},{"floor":29,"key":"REST"},{"floor":32,"key":"REST"},{"floor":40,"key":"REST"}],"neow_cost":"NONE","seed_source_timestamp":1573488011555964,"circlet_count":0,"master_deck":["Zap+1","Dualcast","AscendersBane","Ball Lightning","Cold Snap","Ball Lightning","Doom and Gloom","Defragment+1","BootSequence","Conserve Battery","Ball Lightning","Conserve Battery","Seek","FTL","Capacitor","Loop","Bandage Up","Echo Form","Sweeping Beam","Beam Cell","Double Energy","Go for the Eyes","Gash","Lockon","Capacitor","Hologram","Stack+1"],"special_seed":0,"relics":["Cracked Core","Potion Belt","Vajra","Omamori","Juzu Bracelet","Cables","Nuclear Battery","Singing Bowl","Letter Opener","Ginger","Dodecahedron","SsserpentHead","Kunai","Pandora\u0027s Box"],"potions_floor_usage":[16,20,23,23,33,33,33],"damage_taken":[{"damage":7.0,"enemies":"Small Slimes","floor":1.0,"turns":3.0},{"damage":2.0,"enemies":"Jaw Worm","floor":5.0,"turns":3.0},{"damage":29.0,"enemies":"Lagavulin","floor":7.0,"turns":7.0},{"damage":6.0,"enemies":"Gremlin Nob","floor":10.0,"turns":3.0},{"damage":0.0,"enemies":"2 Louse","floor":11.0,"turns":2.0},{"damage":10.0,"enemies":"Blue Slaver","floor":12.0,"turns":3.0},{"damage":4.0,"enemies":"Lots of Slimes","floor":13.0,"turns":3.0},{"damage":10.0,"enemies":"3 Sentries","floor":14.0,"turns":4.0},{"damage":32,"enemies":"The Guardian","floor":16,"turns":8},{"damage":6,"enemies":"2 Thieves","floor":18,"turns":3},{"damage":0,"enemies":"3 Byrds","floor":20,"turns":3},{"damage":20,"enemies":"Sentry and Sphere","floor":22,"turns":4},{"damage":42,"enemies":"Slavers","floor":23,"turns":6},{"damage":49,"enemies":"Book of Stabbing","floor":25,"turns":5},{"damage":14,"enemies":"Centurion and Healer","floor":31,"turns":5},{"damage":73,"enemies":"Automaton","floor":33,"turns":8},{"damage":23,"enemies":"3 Shapes","floor":35,"turns":4},{"damage":16,"enemies":"Orb Walker","floor":37,"turns":4},{"damage":62,"enemies":"Nemesis","floor":41,"turns":6}],"seed_played":"-5397613298805946687","potions_obtained":[{"floor":11.0,"key":"Swift Potion"},{"floor":12.0,"key":"Regen Potion"},{"floor":13.0,"key":"Ancient Potion"},{"floor":16,"key":"AttackPotion"},{"floor":18,"key":"Regen Potion"},{"floor":22,"key":"FairyPotion"},{"floor":25,"key":"LiquidBronze"},{"floor":31,"key":"LiquidBronze"},{"floor":33,"key":"Ancient Potion"}],"is_trial":false,"path_per_floor":["M","?","?","$","M","R","E","R","T","E","M","M","M","E","R","B",null,"M","$","M","?","M","E","R","E","T","?","$","R","T","M","R","B",null,"M","?","M","?","?","R"],"character_chosen":"DEFECT","items_purchased":["Cold Snap","Block Potion","Singing Bowl","FTL","Bandage Up","Fire Potion"],"campfire_rested":6,"item_purchase_floors":[4,4,19,19,28,28],"current_hp_per_floor":[61,50,50,50,48,70,41,63,63,57,57,47,43,42,42,10,59,53,53,53,75,55,30,53,6,6,6,6,29,29,21,45,8,63,46,46,34,34,34,58,0],"gold":370,"neow_bonus":"UPGRADE_CARD","is_prod":false,"is_daily":false,"chose_seed":false,"campfire_upgraded":1,"win_rate":0,"timestamp":1533946809,"path_taken":["M","?","?","$","?","R","E","R","T","E","M","M","M","E","R","BOSS","M","?","M","?","M","E","R","E","T","?","$","R","?","M","R","BOSS","M","?","M","?","?","R","E"],"build_version":"2018-08-09","purchased_purges":1,"victory":false,"max_hp_per_floor":[75,75,75,75,75,75,75,75,75,75,75,75,75,75,75,75,75,75,75,75,75,75,77,77,79,79,79,79,79,79,81,81,81,81,83,83,83,83,83,83,83],"card_choices":[{"not_picked":["Storm","Conserve Battery"],"picked":"Ball Lightning","floor":1.0},{"not_picked":["Chaos","Turbo"],"picked":"Ball Lightning","floor":5.0},{"not_picked":["Coolheaded","Sweeping Beam"],"picked":"Doom and Gloom","floor":7.0},{"not_picked":["Compile Driver","Heatsinks"],"picked":"Defragment","floor":10.0},{"not_picked":["Machine Learning","Steam"],"picked":"BootSequence","floor":11.0},{"not_picked":["Coolheaded","Fusion"],"picked":"Conserve Battery","floor":12.0},{"not_picked":["Rebound","Doom and Gloom"],"picked":"Ball Lightning","floor":13.0},{"not_picked":["Multi-Cast","Redo"],"picked":"Conserve Battery","floor":14.0},{"not_picked":["Machine Learning","Creative AI"],"picked":"Seek","floor":16},{"not_picked":["Heatsinks+1","Streamline","Redo+1"],"picked":"SKIP","floor":18},{"not_picked":["Sweeping Beam","Redo"],"picked":"Capacitor","floor":20},{"not_picked":["Beam Cell","Conserve Battery"],"picked":"Loop","floor":22},{"not_picked":["Consume","Beam Cell","Cold Snap"],"picked":"Singing Bowl","floor":23},{"not_picked":["Sweeping Beam","Gash","Blizzard"],"picked":"Singing Bowl","floor":25},{"not_picked":["Reprogram","Hologram","Leap"],"picked":"Singing Bowl","floor":31},{"not_picked":["Multi-Cast","All For One"],"picked":"Echo Form","floor":33},{"not_picked":["Beam Cell","Barrage","Doom and Gloom"],"picked":"Singing Bowl","floor":35},{"not_picked":["Redo","Coolheaded"],"picked":"Stack+1","floor":37}],"player_experience":422550,"relics_obtained":[{"floor":7.0,"key":"Vajra"},{"floor":9.0,"key":"Omamori"},{"floor":10.0,"key":"Juzu Bracelet"},{"floor":14.0,"key":"Cables"},{"floor":23,"key":"Letter Opener"},{"floor":25,"key":"Ginger"},{"floor":26,"key":"Dodecahedron"},{"floor":30,"key":"Kunai"}],"event_choices":[{"event_name":"World of Goop","player_choice":"Gather Gold","floor":2.0,"damage_taken":0.0},{"event_name":"Accursed Blacksmith","player_choice":"Rummage","floor":3.0,"damage_taken":0.0},{"event_name":"The Library","player_choice":"Heal","floor":21,"damage_taken":0},{"event_name":"FaceTrader","player_choice":"Trade","floor":27,"damage_taken":0},{"event_name":"Mysterious Sphere","player_choice":"Ignore","floor":36,"damage_taken":0},{"event_name":"Tomb of Lord Red Mask","player_choice":"Ignored","floor":38,"damage_taken":0},{"event_name":"SecretPortal","player_choice":"Rejected Portal.","floor":39,"damage_taken":0}],"is_beta":false,"boss_relics":[{"not_picked":["Lizard Tail","Eternal Feather"],"picked":"Nuclear Battery"},{"not_picked":["Tiny House","Snecko Eye"],"picked":"Pandora\u0027s Box"}],"items_purged_floors":[4],"is_endless":false,"potions_floor_spawned":[11,12,13,16,18,22,25,31,33],"killed_by":"Nemesis","ascension_level":12}