{"gold_per_floor":[113,21,41,68,87,419,419,445,445,445,476,489,489,164,164,269,269,279,204,220,231,38,66,66,93,93,8,43,43,73,88,88,193,243,262,0,10,27,46,78,78,112,112,112,112,44,61,92,92,92],"floor_reached":51,"playtime":3743,"items_purged":["Strike_G","Burst+1"],"score":1253,"play_id":"b8cc4f12-8b50-4341-81e9-337a7ad824d9","local_time":"20180803173739","is_ascension_mode":true,"campfire_choices":[{"data":"Neutralize","floor":7.0,"key":"SMITH"},{"data":"Bouncing Flask","floor":10.0,"key":"SMITH"},{"floor":15.0,"key":"REST"},{"data":"Calculated Gamble","floor":24,"key":"SMITH"},{"data":"Well Laid Plans","floor":29,"key":"SMITH"},{"data":"Backstab","floor":32,"key":"SMITH"},{"data":"Survivor","floor":41,"key":"SMITH"},{"floor":44,"key":"REST"},{"data":"Defend_G","floor":49,"key":"SMITH"}],"neow_cost":"NONE","seed_source_timestamp":0,"circlet_count":0,"master_deck":["Defend_G","Defend_G","Defend_G+1","Defend_G","Defend_G+1","Survivor+1","Neutralize+1","Calculated Gamble+1","Dagger Throw","Bouncing Flask+1","Bouncing Flask+1","Backflip+1","Adrenaline+1","All Out Attack+1","Envenom+1","Backstab+1","Reflex+1","Well Laid Plans+1","Dodge and Roll+1","Leg Sweep+1","PiercingWail+1","Catalyst+1","Venomology+1","Backflip+1","Adrenaline+1","PiercingWail+1","Caltrops+1","Writhe","Footwork+1","Dodge and Roll+1"],"special_seed":0,"relics":["Velvet Choker","Tingsha","Snake Skull","Old Coin","Pen Nib","Toxic Egg 2","Letter Opener","Bottled Lightning","Astrolabe","Ninja Scroll","Darkstone Periapt","The Specimen","Singing Bowl","Frozen Egg 2","Lantern","Tiny House","Red Mask","Boot","Pantograph","Pear","Bottled Tornado"],"potions_floor_usage":[30,30,37,38,40,47,48,50,50,50,50],"damage_taken":[{"damage":1.0,"enemies":"Jaw Worm","floor":1.0,"turns":5.0},{"damage":0.0,"enemies":"Cultist","floor":3.0,"turns":4.0},{"damage":0.0,"enemies":"Small Slimes","floor":5.0,"turns":3.0},{"damage":21.0,"enemies":"Gremlin Nob","floor":6.0,"turns":4.0},{"damage":8.0,"enemies":"Lagavulin","floor":8.0,"turns":7.0},{"damage":16.0,"enemies":"Gremlin Nob","floor":11.0,"turns":4.0},{"damage":5.0,"enemies":"Exordium Thugs","floor":12.0,"turns":3.0},{"damage":10.0,"enemies":"Hexaghost","floor":16.0,"turns":5.0},{"damage":0.0,"enemies":"Shell Parasite","floor":18.0,"turns":3.0},{"damage":1.0,"enemies":"2 Thieves","floor":20.0,"turns":3.0},{"damage":4.0,"enemies":"Centurion and Healer","floor":21.0,"turns":4.0},{"damage":2,"enemies":"Gremlin Leader","floor":23,"turns":5},{"damage":7,"enemies":"Slavers","floor":25,"turns":3},{"damage":0,"enemies":"Gremlin Leader","floor":28,"turns":5},{"damage":0,"enemies":"Book of Stabbing","floor":30,"turns":4},{"damage":4,"enemies":"Snake Plant","floor":31,"turns":3},{"damage":0,"enemies":"Collector","floor":33,"turns":5},{"damage":12,"enemies":"3 Shapes","floor":35,"turns":4},{"damage":2,"enemies":"3 Darklings","floor":37,"turns":4},{"damage":0,"enemies":"Sphere and 2 Shapes","floor":38,"turns":3},{"damage":1,"enemies":"4 Shapes","floor":39,"turns":4},{"damage":23,"enemies":"Giant Head","floor":40,"turns":6},{"damage":27,"enemies":"2 Orb Walkers","floor":42,"turns":5},{"damage":0,"enemies":"3 Darklings","floor":47,"turns":4},{"damage":22,"enemies":"Giant Head","floor":48,"turns":8},{"damage":23,"enemies":"Time Eater","floor":50,"turns":10}],"seed_played":"8519045058175047029","potions_obtained":[{"floor":3.0,"key":"Block Potion"},{"floor":8.0,"key":"Energy Potion"},{"floor":12.0,"key":"Weak Potion"},{"floor":20.0,"key":"SkillPotion"},{"floor":28,"key":"SkillPotion"},{"floor":30,"key":"SkillPotion"},{"floor":33,"key":"Block Potion"},{"floor":34,"key":"Ancient Potion"},{"floor":48,"key":"EssenceOfSteel"}],"is_trial":false,"path_per_floor":["M","?","M","T","M","E","R","E","T","R","E","M","?","$","R","B",null,"M","?","M","M","$","E","R","E","T","?","E","R","E","M","R","B",null,"M","?","M","M","M","E","R","E","T","R","?","$","M","E","R","B"],"character_chosen":"THE_SILENT","items_purchased":["Bottled Lightning","Well Laid Plans","Dodge and Roll+1","Footwork+1"],"campfire_rested":2,"item_purchase_floors":[14,22,22,46],"current_hp_per_floor":[62,62,62,62,62,41,41,33,33,33,17,12,12,12,33,23,58,58,58,57,53,53,51,51,44,44,44,46,46,48,44,44,44,72,60,60,60,62,61,55,55,28,38,66,96,96,96,76,76,78],"gold":92,"neow_bonus":"BOSS_RELIC","is_prod":false,"is_daily":false,"chose_seed":false,"campfire_upgraded":7,"win_rate":0,"timestamp":1533343059,"path_taken":["M","?","M","?","M","E","R","E","T","R","E","M","?","$","R","BOSS","M","?","M","M","$","E","R","E","T","?","E","R","E","?","R","BOSS","M","?","M","M","M","E","R","E","T","R","?","$","M","E","R","BOSS"],"build_version":"2018-08-02","purchased_purges":2,"victory":true,"max_hp_per_floor":[70,70,70,70,70,70,70,70,70,70,70,70,70,70,70,70,70,70,70,70,70,70,70,70,70,70,70,72,72,74,74,74,74,79,79,79,81,83,83,85,85,85,95,95,101,101,101,103,103,103],"card_choices":[{"not_picked":["Underhanded Strike","Expertise","Prepared"],"picked":"SKIP","floor":1.0},{"not_picked":["Quick Slash","Underhanded Strike"],"picked":"Calculated Gamble","floor":3.0},{"not_picked":["Slice","Choke"],"picked":"Dagger Throw","floor":5.0},{"not_picked":["Riddle With Holes","Quick Slash"],"picked":"Infinite Blades","floor":6.0},{"not_picked":["Dagger Spray","Acrobatics"],"picked":"Bouncing Flask","floor":8.0},{"not_picked":["Underhanded Strike","Quick Slash"],"picked":"Bouncing Flask+1","floor":11.0},{"not_picked":["Deadly Poison+1","Distraction+1"],"picked":"Backflip+1","floor":12.0},{"not_picked":["Grand Finale","Night Terror+1"],"picked":"Adrenaline+1","floor":16.0},{"not_picked":["Acrobatics+1","Slice","Quick Slash"],"picked":"SKIP","floor":18.0},{"not_picked":["Cloak And Dagger+1","Choke"],"picked":"Backstab","floor":20.0},{"not_picked":["Quick Slash","Blade Dance+1"],"picked":"Reflex+1","floor":21.0},{"not_picked":["Venomology+1","Terror+1"],"picked":"Leg Sweep+1","floor":23},{"not_picked":["Night Terror+1","Deflect+1"],"picked":"PiercingWail+1","floor":25},{"not_picked":["Deadly Poison+1","Cloak And Dagger+1","Concentrate+1"],"picked":"Singing Bowl","floor":28},{"not_picked":["Dagger Spray","Infinite Blades+1","Quick Slash"],"picked":"Singing Bowl","floor":30},{"not_picked":["Noxious Fumes+1","Prepared+1"],"picked":"Catalyst+1","floor":31},{"not_picked":["Grand Finale","Doppelganger+1"],"picked":"Venomology+1","floor":33},{"not_picked":["Acrobatics+1","Blade Dance+1"],"picked":"Backflip+1","floor":34},{"not_picked":["Sucker Punch","Cloak And Dagger+1"],"picked":"Adrenaline+1","floor":35},{"not_picked":["Blade Dance+1","Terror+1","Quick Slash+1"],"picked":"Singing Bowl","floor":37},{"not_picked":["Outmaneuver+1","Acrobatics+1","Poisoned Stab"],"picked":"Singing Bowl","floor":38},{"not_picked":["Eviscerate","Blade Dance+1"],"picked":"PiercingWail+1","floor":39},{"not_picked":["Masterful Stab+1","Flying Knee","Riddle With Holes+1"],"picked":"Singing Bowl","floor":40},{"not_picked":["Phantasmal Killer+1","Expertise+1"],"picked":"Caltrops+1","floor":42},{"not_picked":["Slice+1","Calculated Gamble+1"],"picked":"Dodge and Roll+1","floor":47},{"not_picked":["Cloak And Dagger+1","Crippling Poison+1","Setup+1"],"picked":"Singing Bowl","floor":48}],"player_experience":271025,"relics_obtained":[{"floor":4.0,"key":"Snake Skull"},{"floor":6.0,"key":"Old Coin"},{"floor":8.0,"key":"Pen Nib"},{"floor":9.0,"key":"Toxic Egg 2"},{"floor":11.0,"key":"Letter Opener"},{"floor":23,"key":"Ninja Scroll"},{"floor":25,"key":"Darkstone Periapt"},{"floor":26,"key":"The Specimen"},{"floor":28,"key":"Frozen Egg 2"},{"floor":30,"key":"Lantern"},{"floor":40,"key":"Boot"},{"floor":42,"key":"Pantograph"},{"floor":43,"key":"Pear"},{"floor":48,"key":"Bottled Tornado"}],"event_choices":[{"event_name":"WeMeetAgain","player_choice":"Gold","floor":2.0,"damage_taken":0.0},{"event_name":"Bonfire Elementals","player_choice":"BASIC","floor":13.0,"damage_taken":0.0},{"event_name":"Beggar","player_choice":"Gave Gold","floor":19.0,"damage_taken":0.0},{"event_name":"Addict","player_choice":"Obtained Relic","floor":27,"damage_taken":0},{"event_name":"Tomb of Lord Red Mask","player_choice":"Paid","floor":36,"damage_taken":0},{"event_name":"Winding Halls","player_choice":"Writhe","floor":45,"damage_taken":0}],"is_beta":false,"boss_relics":[{"not_picked":["Sozu","Fusion Hammer"],"picked":"Astrolabe"},{"not_picked":["Lizard Tail","Runic Dome"],"picked":"Tiny House"}],"items_purged_floors":[14,22],"is_endless":false,"potions_floor_spawned":[3,8,12,20,28,30,33,35,40,48],"ascension_level":6}