{"gold_per_floor":[111,130,143,143,143,172,172,198,198,214,246,266,301,319,319,396,396,415,415,440,440,420,420,439,439,439,439,450,450,450],"floor_reached":30,"playtime":2405,"items_purged":[],"score":467,"play_id":"266916ae-fc9e-44b3-af9f-30e5f422351d","local_time":"20180816230454","is_ascension_mode":true,"campfire_choices":[{"data":"Wild Strike","floor":7,"key":"SMITH"},{"data":"Immolate","floor":15,"key":"SMITH"},{"data":"Barricade","floor":23,"key":"SMITH"},{"data":"Inflame","floor":27,"key":"SMITH"},{"data":"Clothesline","floor":29,"key":"SMITH"}],"neow_cost":"NONE","seed_source_timestamp":2112145877387311,"circlet_count":0,"master_deck":["Defend_R","Defend_R","Defend_R","Defend_R","Bash+1","AscendersBane","Shrug It Off","Iron Wave","Wild Strike+1","Impervious","Immolate+1","True Grit","Anger","Reaper","Anger","Barricade+1","True Grit","Bite","Bite","Bite","Bite","Bite","Clothesline+1","Inflame+1"],"relics":["Burning Blood","Shuriken","Question Card","Singing Bowl","Regal Pillow","Meat on the Bone","Empty Cage","Nilry\u0027s Codex","Dream Catcher","Dodecahedron"],"potions_floor_usage":[6,13,16,18,18,28,30],"damage_taken":[{"damage":1,"enemies":"Cultist","floor":1,"turns":3},{"damage":2,"enemies":"Jaw Worm","floor":2,"turns":4},{"damage":7,"enemies":"Small Slimes","floor":3,"turns":4},{"damage":42,"enemies":"3 Sentries","floor":6,"turns":14},{"damage":25,"enemies":"Lagavulin","floor":8,"turns":8},{"damage":1,"enemies":"Exordium Thugs","floor":10,"turns":4},{"damage":10,"enemies":"3 Sentries","floor":11,"turns":7},{"damage":1,"enemies":"2 Fungi Beasts","floor":12,"turns":3},{"damage":9,"enemies":"Gremlin Nob","floor":13,"turns":4},{"damage":13,"enemies":"Exordium Wildlife","floor":14,"turns":4},{"damage":35,"enemies":"Slime Boss","floor":16,"turns":9},{"damage":7,"enemies":"Spheric Guardian","floor":18,"turns":6},{"damage":22,"enemies":"2 Thieves","floor":22,"turns":4},{"damage":32,"enemies":"3 Cultists","floor":24,"turns":5},{"damage":40,"enemies":"Shelled Parasite and Fungi","floor":28,"turns":23},{"damage":45,"enemies":"Book of Stabbing","floor":30,"turns":4}],"seed_played":"-4241138145879357624","potions_obtained":[{"floor":3,"key":"Regen Potion"},{"floor":8,"key":"EssenceOfSteel"},{"floor":12,"key":"Swift Potion"},{"floor":13,"key":"SpeedPotion"},{"floor":14,"key":"Block Potion"},{"floor":16,"key":"SpeedPotion"},{"floor":18,"key":"Regen Potion"},{"floor":22,"key":"Swift Potion"}],"is_trial":false,"path_per_floor":["M","M","M","T","?","E","R","E","T","M","E","M","E","M","R","B",null,"M","?","T","?","M","R","M","?","T","R","M","R"],"character_chosen":"IRONCLAD","items_purchased":[],"campfire_rested":0,"item_purchase_floors":[],"current_hp_per_floor":[73,75,74,74,74,53,53,34,34,41,37,42,39,50,50,33,66,65,49,49,49,39,39,33,25,25,25,42,42,0],"gold":450,"neow_bonus":"UPGRADE_CARD","is_prod":false,"is_daily":false,"chose_seed":false,"campfire_upgraded":5,"win_rate":0,"timestamp":1534485894,"path_taken":["M","M","M","?","?","E","R","E","T","?","E","M","E","M","R","BOSS","M","?","?","?","M","R","M","?","T","R","M","R","E"],"build_version":"2018-08-16","purchased_purges":0,"victory":false,"max_hp_per_floor":[75,75,75,75,75,75,75,75,75,77,77,77,77,77,77,77,77,77,77,77,53,53,53,53,58,58,58,63,63,63],"card_choices":[{"not_picked":["Fire Breathing","Wild Strike"],"picked":"Shrug It Off","floor":1},{"not_picked":["Blood for Blood","Shrug It Off"],"picked":"Iron Wave","floor":2},{"not_picked":["Combust","Bloodletting"],"picked":"Wild Strike","floor":3},{"not_picked":["Pommel Strike","Twin Strike"],"picked":"Impervious","floor":6},{"not_picked":["Inflame","Flex","Heavy Blade"],"picked":"Immolate","floor":8},{"not_picked":["Perfected Strike","Twin Strike","Seeing Red","Pommel Strike"],"picked":"Singing Bowl","floor":10},{"not_picked":["Rupture","Second Wind","Warcry"],"picked":"True Grit","floor":11},{"not_picked":["Battle Trance","Sword Boomerang","Warcry"],"picked":"Anger","floor":12},{"not_picked":["Perfected Strike","Armaments","Immolate"],"picked":"Reaper","floor":13},{"not_picked":["Warcry","Twin Strike","Second Wind"],"picked":"Anger","floor":14},{"not_picked":["Bludgeon","Brutality","Exhume"],"picked":"Barricade","floor":16},{"not_picked":["Headbutt","Wild Strike","Heavy Blade"],"picked":"True Grit","floor":18},{"not_picked":["Perfected Strike","Cleave","Headbutt"],"picked":"Clothesline","floor":22},{"not_picked":["Shockwave","Pummel","Thunderclap"],"picked":"Inflame","floor":24},{"not_picked":["Sentinel","Clash+1","Armaments","Sword Boomerang"],"picked":"Singing Bowl","floor":28}],"player_experience":481171,"relics_obtained":[{"floor":4,"key":"Shuriken"},{"floor":6,"key":"Question Card"},{"floor":9,"key":"Singing Bowl"},{"floor":11,"key":"Regal Pillow"},{"floor":13,"key":"Meat on the Bone"},{"floor":19,"key":"Nilry\u0027s Codex"},{"floor":20,"key":"Dream Catcher"},{"floor":26,"key":"Dodecahedron"}],"event_choices":[{"event_name":"Liars Game","player_choice":"disagreed","floor":5,"damage_taken":0},{"event_name":"Cursed Tome","player_choice":"Obtained Book","floor":19,"damage_taken":0},{"event_name":"Vampires","player_choice":"Became a vampire","floor":21,"damage_taken":0},{"event_name":"Forgotten Altar","player_choice":"Shed Blood","floor":25,"damage_taken":0}],"is_beta":false,"boss_relics":[{"not_picked":["Lizard Tail","White Beast Statue"],"picked":"Empty Cage"}],"items_purged_floors":[],"is_endless":false,"potions_floor_spawned":[3,8,12,13,14,16,18,22],"killed_by":"Book of Stabbing","ascension_level":14}