{"gold_per_floor":[10,10,28,28,44,44,57,57,80,80,80,153,153,153,153,246,246,259,33,33,48,72,162,175,175,201,201,244,259,259,280,280,376,376,395,1394,1354,475,488,488,528,528,608,158,192,204,37,58,58,58],"floor_reached":51,"playtime":3583,"items_purged":["Normality","Normality"],"score":1581,"play_id":"a2636d20-4e0d-4780-8f98-d415311bacc1","local_time":"20190331042928","is_ascension_mode":true,"campfire_choices":[{"data":"Neutralize","floor":6.0,"key":"SMITH"},{"data":"Blade Dance","floor":8.0,"key":"SMITH"},{"data":"Dagger Spray","floor":11.0,"key":"SMITH"},{"data":"Leg Sweep","floor":13.0,"key":"SMITH"},{"data":"Well Laid Plans","floor":15.0,"key":"SMITH"},{"data":"Burst","floor":27.0,"key":"SMITH"},{"data":"Skewer","floor":30.0,"key":"SMITH"},{"floor":32.0,"key":"REST"},{"floor":40.0,"key":"REST"},{"floor":42.0,"key":"REST"},{"floor":46.0,"key":"REST"},{"floor":49.0,"key":"REST"}],"neow_cost":"NO_GOLD","seed_source_timestamp":1460772865044100,"circlet_count":0,"master_deck":["AscendersBane","Defend_G","Defend_G","Defend_G","Defend_G+1","Defend_G","Strike_G","Strike_G","Strike_G","Strike_G","Strike_G","Survivor","Neutralize+1","Well Laid Plans+1","Injury","Deflect+1","Dagger Spray+1","Blade Dance+1","Leg Sweep+1","Burst+1","Blade Dance","Shame","All Out Attack+1","Dash","Dagger Spray","RitualDagger","Injury","Skewer+1","Backstab","Die Die Die","Decay","Decay","Shame","Crippling Poison+1","PiercingWail+1","A Thousand Cuts+1","Acrobatics+1","Dagger Spray","Shame","Footwork+1","Deflect+1","Slice","Swift Strike","Blur+1","Prepared+1","Well Laid Plans+1","Backstab","Riddle With Holes"],"special_seed":0,"relics":["Ring of the Snake","Du-Vu Doll","Golden Idol","Snake Skull","Tiny Chest","Boot","Cursed Key","Sling","Dodecahedron","Happy Flower","Oddly Smooth Stone","Calling Bell","Potion Belt","Toxic Egg 2","Shovel","Turnip","Frozen Egg 2","Pocketwatch","Ornamental Fan","MawBank"],"potions_floor_usage":[50,50,50,50],"damage_taken":[{"damage":0.0,"enemies":"2 Louse","floor":1.0,"turns":3.0},{"damage":0.0,"enemies":"Jaw Worm","floor":3.0,"turns":4.0},{"damage":0.0,"enemies":"Small Slimes","floor":5.0,"turns":4.0},{"damage":3.0,"enemies":"Looter","floor":7.0,"turns":3.0},{"damage":12.0,"enemies":"3 Sentries","floor":12.0,"turns":7.0},{"damage":0.0,"enemies":"Hexaghost","floor":16.0,"turns":9.0},{"damage":0.0,"enemies":"3 Byrds","floor":18.0,"turns":5.0},{"damage":0.0,"enemies":"Chosen","floor":21.0,"turns":3.0},{"damage":8.0,"enemies":"Snecko","floor":22.0,"turns":7.0},{"damage":2.0,"enemies":"Chosen and Byrds","floor":24.0,"turns":7.0},{"damage":2.0,"enemies":"Slavers","floor":28.0,"turns":3.0},{"damage":0.0,"enemies":"Centurion and Healer","floor":29.0,"turns":6.0},{"damage":0.0,"enemies":"Cultist and Chosen","floor":31.0,"turns":6.0},{"damage":51.0,"enemies":"Automaton","floor":33.0,"turns":10.0},{"damage":13.0,"enemies":"3 Shapes","floor":35.0,"turns":3.0},{"damage":8.0,"enemies":"3 Darklings","floor":39.0,"turns":3.0},{"damage":28.0,"enemies":"Nemesis","floor":41.0,"turns":5.0},{"damage":37.0,"enemies":"Giant Head","floor":45.0,"turns":6.0},{"damage":0.0,"enemies":"Jaw Worm Horde","floor":48.0,"turns":3.0},{"damage":15,"enemies":"Time Eater","floor":50,"turns":11}],"seed_played":"-4247130169396826217","potions_obtained":[{"floor":1.0,"key":"PowerPotion"},{"floor":3.0,"key":"Weak Potion"},{"floor":16.0,"key":"FearPotion"},{"floor":21.0,"key":"Regen Potion"},{"floor":22.0,"key":"GhostInAJar"},{"floor":24.0,"key":"Ancient Potion"},{"floor":33.0,"key":"Swift Potion"},{"floor":37.0,"key":"Weak Potion"},{"floor":37.0,"key":"SmokeBomb"},{"floor":37.0,"key":"Weak Potion"},{"floor":39.0,"key":"Block Potion"},{"floor":41.0,"key":"SteroidPotion"},{"floor":45.0,"key":"Block Potion"}],"is_trial":false,"path_per_floor":["M","?","M","?","M","R","M","R","T","?","R","E","R","T","R","B",null,"M","$","T","M","M","?","M","?","T","R","E","M","R","M","R","B",null,"M","?","?","$","M","R","E","R","T","$","E","R","$","M","R","B",null],"character_chosen":"THE_SILENT","items_purchased":["Sling","Turnip","Frozen Egg 2","PiercingWail+1","A Thousand Cuts+1","Footwork+1","Deflect+1","Slice","Swift Strike","Dexterity Potion","Prepared+1","Well Laid Plans+1","Backstab"],"campfire_rested":5,"item_purchase_floors":[19,38,38,38,38,44,44,44,44,44,47,47,47],"current_hp_per_floor":[59,59,59,59,59,59,56,56,56,36,36,24,24,24,24,24,56,56,56,56,56,58,46,44,38,38,38,36,36,36,36,55,4,51,38,38,38,38,30,49,21,40,40,40,3,22,22,22,41,26],"gold":58,"neow_bonus":"ONE_RARE_RELIC","is_prod":false,"is_daily":false,"chose_seed":false,"campfire_upgraded":7,"win_rate":0,"timestamp":1554020968,"path_taken":["M","?","M","?","M","R","M","R","T","?","R","E","R","?","R","BOSS","M","$","?","M","M","?","?","?","T","R","E","M","R","M","R","BOSS","M","?","?","$","?","R","E","R","T","$","E","R","?","M","R","BOSS"],"build_version":"2019-01-23","purchased_purges":2,"victory":true,"max_hp_per_floor":[66,66,66,66,66,66,66,66,66,66,66,66,66,66,66,66,66,66,66,66,66,66,66,66,66,66,66,66,66,66,66,66,66,66,66,66,66,66,66,66,66,66,66,66,66,66,66,66,66,66],"card_choices":[{"not_picked":["Bane","Eviscerate"],"picked":"Well Laid Plans","floor":1.0},{"not_picked":["Bane","Prepared"],"picked":"Deflect","floor":3.0},{"not_picked":["Outmaneuver","Prepared"],"picked":"Dagger Spray","floor":5.0},{"not_picked":["Outmaneuver","Night Terror"],"picked":"Blade Dance","floor":7.0},{"not_picked":["Blade Dance","Concentrate"],"picked":"Leg Sweep","floor":12.0},{"not_picked":["Doppelganger","Unload"],"picked":"Burst","floor":16.0},{"not_picked":["Flying Knee","Well Laid Plans"],"picked":"Blade Dance","floor":18.0},{"not_picked":["Prepared","Masterful Stab"],"picked":"All Out Attack+1","floor":21.0},{"not_picked":["Terror","PiercingWail"],"picked":"Dash","floor":22.0},{"not_picked":["Bane","Prepared"],"picked":"Dagger Spray","floor":24.0},{"not_picked":["Reflex+1","Tactician","Phantasmal Killer"],"picked":"SKIP","floor":28.0},{"not_picked":["Flying Knee","Outmaneuver"],"picked":"Skewer","floor":29.0},{"not_picked":["Blade Dance","Flying Knee"],"picked":"Backstab","floor":31.0},{"not_picked":["Bullet Time","Night Terror"],"picked":"Die Die Die","floor":33.0},{"not_picked":["Setup+1","Outmaneuver+1"],"picked":"Crippling Poison+1","floor":35.0},{"not_picked":["Bane+1","Setup+1"],"picked":"Acrobatics+1","floor":39.0},{"not_picked":["All Out Attack","Distraction+1"],"picked":"Dagger Spray","floor":41.0},{"not_picked":["Dagger Throw+1","Finisher"],"picked":"Blur+1","floor":45.0},{"not_picked":["Concentrate+1","Setup+1"],"picked":"Riddle With Holes","floor":48.0}],"player_experience":771444,"relics_obtained":[{"floor":9.0,"key":"Snake Skull"},{"floor":12.0,"key":"Tiny Chest"},{"floor":14.0,"key":"Boot"},{"floor":20.0,"key":"Dodecahedron"},{"floor":26.0,"key":"Happy Flower"},{"floor":28.0,"key":"Oddly Smooth Stone"},{"floor":34.0,"key":"Potion Belt"},{"floor":34.0,"key":"Toxic Egg 2"},{"floor":34.0,"key":"Shovel"},{"floor":41.0,"key":"Pocketwatch"},{"floor":43.0,"key":"Ornamental Fan"},{"floor":45.0,"key":"MawBank"}],"event_choices":[{"damage_healed":0.0,"max_hp_gain":0.0,"max_hp_loss":0.0,"gold_gain":0.0,"event_name":"Golden Idol","player_choice":"Take Wound","floor":2.0,"gold_loss":0.0,"damage_taken":0.0,"relics_obtained":["Golden Idol"],"cards_obtained":["Injury"]},{"damage_healed":0.0,"max_hp_gain":0.0,"max_hp_loss":0.0,"gold_gain":0.0,"event_name":"The Cleric","player_choice":"Leave","floor":4.0,"gold_loss":0.0,"damage_taken":0.0},{"damage_healed":0.0,"max_hp_gain":0.0,"max_hp_loss":0.0,"gold_gain":0.0,"event_name":"Shining Light","player_choice":"Entered Light","floor":10.0,"gold_loss":0.0,"damage_taken":20.0,"cards_upgraded":["Deflect","Defend_G"]},{"damage_healed":0.0,"max_hp_gain":0.0,"max_hp_loss":0.0,"gold_gain":90.0,"event_name":"Knowing Skull","player_choice":"GOLD ","floor":23.0,"potions_obtained":[],"gold_loss":0.0,"damage_taken":12.0,"cards_obtained":[]},{"damage_healed":0.0,"max_hp_gain":0.0,"max_hp_loss":0.0,"gold_gain":0.0,"event_name":"Nest","player_choice":"Joined the Cult","floor":25.0,"gold_loss":0.0,"damage_taken":6.0,"cards_obtained":["RitualDagger"]},{"damage_healed":0.0,"max_hp_gain":0.0,"max_hp_loss":0.0,"gold_gain":999.0,"event_name":"MindBloom","player_choice":"Gold","floor":36.0,"gold_loss":0.0,"damage_taken":0.0,"cards_obtained":["Normality","Normality"]},{"damage_healed":0.0,"max_hp_gain":0.0,"max_hp_loss":0.0,"gold_gain":0.0,"event_name":"The Woman in Blue","player_choice":"Bought 3 Potions","floor":37.0,"gold_loss":0.0,"damage_taken":0.0}],"is_beta":false,"boss_relics":[{"not_picked":["Runic Pyramid","Astrolabe"],"picked":"Cursed Key"},{"not_picked":["Pandora\u0027s Box","Busted Crown"],"picked":"Calling Bell"}],"items_purged_floors":[38,44],"is_endless":false,"potions_floor_spawned":[1,3,5,12,16,18,21,22,24,33,39,41,45],"ascension_level":19}