{"gold_per_floor":[366,24,24,70,86,86,105,131,158,158,186,198,242,254],"floor_reached":14,"playtime":805,"items_purged":["Strike_R"],"score":175,"play_id":"4afacdd3-d620-4f9f-a5ff-8a40af468591","local_time":"20190331202116","is_ascension_mode":true,"campfire_choices":[{"data":"Bash","floor":6.0,"key":"SMITH"}],"neow_cost":"TEN_PERCENT_HP_LOSS","seed_source_timestamp":0,"circlet_count":0,"master_deck":["AscendersBane","Strike_R","Strike_R","Strike_R","Strike_R","Defend_R","Defend_R","Defend_R","Defend_R","Bash+1","True Grit","Hemokinesis","Pommel Strike","Offering","Combust","Rupture","Sword Boomerang","Reaper"],"special_seed":0,"relics":["Burning Blood","Pen Nib","Art of War","Potion Belt","MawBank","Lantern"],"potions_floor_usage":[13,14],"damage_taken":[{"damage":0.0,"enemies":"Jaw Worm","floor":1.0,"turns":5.0},{"damage":9.0,"enemies":"2 Louse","floor":5.0,"turns":2.0},{"damage":3.0,"enemies":"Cultist","floor":7.0,"turns":4.0},{"damage":36.0,"enemies":"Gremlin Nob","floor":8.0,"turns":4.0},{"damage":35.0,"enemies":"3 Sentries","floor":11.0,"turns":5.0},{"damage":24,"enemies":"Lagavulin","floor":13,"turns":3},{"damage":31,"enemies":"Exordium Thugs","floor":14,"turns":3}],"seed_played":"-1074078434547797274","potions_obtained":[{"floor":5.0,"key":"Regen Potion"},{"floor":7.0,"key":"Regen Potion"},{"floor":11.0,"key":"FearPotion"},{"floor":13,"key":"Weak Potion"}],"is_trial":false,"path_per_floor":["M","$","?","T","M","R","M","E","T","?","E","$","E","M"],"character_chosen":"IRONCLAD","items_purchased":["Hemokinesis","Pommel Strike","Offering","Combust"],"campfire_rested":0,"item_purchase_floors":[2,2,2,2],"current_hp_per_floor":[72,72,72,72,69,69,72,42,42,42,27,27,19,0],"gold":254,"neow_bonus":"TWO_FIFTY_GOLD","is_prod":false,"is_daily":false,"chose_seed":false,"campfire_upgraded":1,"win_rate":0,"timestamp":1554078076,"path_taken":["M","$","?","?","M","R","M","E","T","?","E","$","E","M"],"build_version":"2019-01-23","purchased_purges":1,"victory":false,"max_hp_per_floor":[72,72,72,72,72,72,72,72,72,72,72,72,72,72],"card_choices":[{"not_picked":["Uppercut","Dual Wield"],"picked":"True Grit","floor":1.0},{"not_picked":["Twin Strike","True Grit","Fire Breathing"],"picked":"SKIP","floor":5.0},{"not_picked":["Rage","Combust"],"picked":"Rupture","floor":7.0},{"not_picked":["Armaments","Infernal Blade"],"picked":"Sword Boomerang","floor":8.0},{"not_picked":["Rage","Bloodletting"],"picked":"Reaper","floor":11.0},{"not_picked":["True Grit","Armaments","Iron Wave"],"picked":"SKIP","floor":13}],"player_experience":2056733,"relics_obtained":[{"floor":8.0,"key":"Pen Nib"},{"floor":9.0,"key":"Art of War"},{"floor":11.0,"key":"MawBank"},{"floor":13,"key":"Lantern"}],"event_choices":[{"damage_healed":0.0,"max_hp_gain":0.0,"max_hp_loss":0.0,"gold_gain":0.0,"event_name":"Liars Game","player_choice":"Ignored","floor":3.0,"gold_loss":0.0,"damage_taken":0.0},{"damage_healed":0.0,"max_hp_gain":0.0,"max_hp_loss":0.0,"gold_gain":0.0,"event_name":"WeMeetAgain","player_choice":"Gave Potion","floor":10.0,"gold_loss":0.0,"damage_taken":0.0,"relics_obtained":["Potion Belt"]}],"is_beta":false,"boss_relics":[],"items_purged_floors":[2],"is_endless":false,"potions_floor_spawned":[5,7,11,13],"killed_by":"Exordium Thugs","ascension_level":13}