{"gold_per_floor":[117,130,146,19,19,19,44,44,126,139,63,63,94,94,94,169,169,181,181,208,227,244,244],"floor_reached":23,"playtime":1556,"items_purged":["Writhe"],"score":461,"play_id":"e0ce78fc-42ad-4c37-ad3c-4c58d71c26fe","local_time":"20181222203542","is_ascension_mode":true,"campfire_choices":[{"data":"Electrodynamics","floor":6,"key":"SMITH"},{"data":"Go for the Eyes","floor":8,"key":"SMITH"},{"data":"Dualcast","floor":12,"key":"SMITH"},{"data":"Cold Snap","floor":15,"key":"SMITH"}],"neow_cost":"CURSE","seed_source_timestamp":122843411039583,"circlet_count":0,"master_deck":["AscendersBane","Strike_B+1","Strike_B+1","Strike_B+1","Defend_B+1","Defend_B+1","Defend_B+1","Defend_B+1","Zap+1","Dualcast+1","Electrodynamics+1","Cold Snap+1","Barrage+1","Conserve Battery","Cold Snap+1","Go for the Eyes+1","Undo","Self Repair+1","BootSequence","Core Surge","Auto Shields","Go for the Eyes","Genetic Algorithm","Conserve Battery"],"relics":["Cracked Core","Whetstone","Frozen Egg 2","Smiling Mask","Cursed Key","Red Mask"],"potions_floor_usage":[16,16,20],"damage_taken":[{"damage":1,"enemies":"2 Louse","floor":1,"turns":2},{"damage":0,"enemies":"Cultist","floor":2,"turns":4},{"damage":5,"enemies":"Small Slimes","floor":3,"turns":3},{"damage":24,"enemies":"Gremlin Nob","floor":7,"turns":4},{"damage":1,"enemies":"Looter","floor":10,"turns":2},{"damage":6,"enemies":"Lagavulin","floor":13,"turns":6},{"damage":0,"enemies":"Hexaghost","floor":16,"turns":10},{"damage":8,"enemies":"Shell Parasite","floor":18,"turns":5},{"damage":6,"enemies":"Masked Bandits","floor":20,"turns":3},{"damage":0,"enemies":"3 Byrds","floor":21,"turns":3},{"damage":0,"enemies":"Centurion and Healer","floor":22,"turns":7},{"damage":88,"enemies":"Gremlin Leader","floor":23,"turns":6}],"seed_played":"-3175559321716085189","potions_obtained":[{"floor":1,"key":"FocusPotion"},{"floor":10,"key":"Weak Potion"},{"floor":16,"key":"Fire Potion"},{"floor":22,"key":"Energy Potion"}],"is_trial":false,"path_per_floor":["M","M","M","$","?","R","E","R","T","M","$","R","E","?","R","B",null,"M","?","?","M","M","E"],"character_chosen":"DEFECT","items_purchased":["Cold Snap","Self Repair+1"],"campfire_rested":0,"item_purchase_floors":[4,11],"current_hp_per_floor":[63,63,58,58,58,58,34,34,34,33,33,33,37,30,30,40,63,65,65,59,69,71,0],"gold":244,"neow_bonus":"THREE_RARE_CARDS","is_prod":false,"is_daily":false,"chose_seed":false,"campfire_upgraded":4,"win_rate":0,"timestamp":1545539742,"path_taken":["M","M","M","$","?","R","E","R","T","M","?","R","E","?","R","BOSS","M","?","?","M","M","E"],"build_version":"2018-12-20","purchased_purges":1,"victory":false,"max_hp_per_floor":[71,71,71,71,71,71,71,71,71,71,71,71,71,71,71,71,71,71,71,71,71,71,71],"card_choices":[{"not_picked":["Echo Form","Rainbow"],"picked":"Electrodynamics","floor":0},{"not_picked":["Darkness","Rebound"],"picked":"Cold Snap","floor":1},{"not_picked":["Rebound","Beam Cell"],"picked":"Barrage","floor":2},{"not_picked":["Thunder Strike","Recycle"],"picked":"Conserve Battery","floor":3},{"not_picked":["Double Energy","Leap"],"picked":"Go for the Eyes","floor":7},{"not_picked":["Rebound","Steam Power"],"picked":"Undo","floor":10},{"not_picked":["Sweeping Beam","Cold Snap"],"picked":"BootSequence","floor":13},{"not_picked":["Fission","Biased Cognition+1"],"picked":"Core Surge","floor":16},{"not_picked":["Fusion","Coolheaded"],"picked":"Auto Shields","floor":18},{"not_picked":["Leap","Streamline"],"picked":"Go for the Eyes","floor":20},{"not_picked":["FTL","Compile Driver"],"picked":"Genetic Algorithm","floor":21},{"not_picked":["Reprogram","Beam Cell"],"picked":"Conserve Battery","floor":22}],"player_experience":653015,"relics_obtained":[{"floor":7,"key":"Whetstone"},{"floor":9,"key":"Frozen Egg 2"},{"floor":13,"key":"Smiling Mask"},{"floor":20,"key":"Red Mask"}],"event_choices":[{"damage_healed":0,"gold_gain":0,"player_choice":"Forge","damage_taken":0,"max_hp_gain":0,"max_hp_loss":0,"event_name":"Accursed Blacksmith","floor":5,"gold_loss":0,"cards_upgraded":["Zap"]},{"cards_removed":["Strike_B"],"damage_healed":0,"gold_gain":0,"player_choice":"Card Removal","damage_taken":7,"max_hp_gain":0,"max_hp_loss":0,"event_name":"Golden Wing","floor":14,"gold_loss":0},{"damage_healed":0,"gold_gain":0,"player_choice":"Simplicity","damage_taken":0,"max_hp_gain":0,"max_hp_loss":0,"event_name":"Back to Basics","floor":19,"gold_loss":0,"cards_upgraded":["Strike_B","Strike_B","Strike_B","Defend_B","Defend_B","Defend_B","Defend_B"]},{"damage_healed":0,"gold_gain":0,"player_choice":"Fought Bandits","damage_taken":0,"max_hp_gain":0,"max_hp_loss":0,"event_name":"Masked Bandits","floor":20,"gold_loss":0}],"is_beta":false,"boss_relics":[{"not_picked":["Snecko Eye","Runic Pyramid"],"picked":"Cursed Key"}],"items_purged_floors":[4],"is_endless":false,"potions_floor_spawned":[1,10,13,16,22],"killed_by":"Gremlin Leader","ascension_level":17}