{"gold_per_floor":[109,25,25,25,25,51,51,80,156,169,185,185,205,230,230,230],"floor_reached":16,"playtime":961,"items_purged":[],"score":255,"play_id":"3d134179-59ce-459c-b98e-8c6b4f434b2a","local_time":"20190401155049","is_ascension_mode":true,"campfire_choices":[{"data":"Zap","floor":7,"key":"SMITH"},{"floor":12,"key":"REST"},{"data":"Defragment","floor":15,"key":"SMITH"}],"neow_cost":"NONE","seed_source_timestamp":1594473778442200,"circlet_count":0,"master_deck":["AscendersBane","Strike_B","Strike_B","Strike_B","Defend_B+1","Defend_B","Defend_B","Defend_B","Zap+1","Dualcast+1","Streamline","Melter","Biased Cognition","Defragment+1","Sunder","Sweeping Beam","Conserve Battery","Steam"],"relics":["Cracked Core","Pear","War Paint","Tiny Chest","Ancient Tea Set"],"potions_floor_usage":[8,14,16,16],"damage_taken":[{"damage":0,"enemies":"2 Louse","floor":1,"turns":2},{"damage":50,"enemies":"3 Sentries","floor":6,"turns":8},{"damage":15,"enemies":"Lagavulin","floor":8,"turns":3},{"damage":0,"enemies":"Cultist","floor":10,"turns":2},{"damage":3,"enemies":"Small Slimes","floor":11,"turns":2},{"damage":15,"enemies":"Exordium Wildlife","floor":13,"turns":4},{"damage":17,"enemies":"3 Sentries","floor":14,"turns":7},{"damage":15,"enemies":"The Guardian","floor":16,"turns":8}],"seed_played":"-2292662495036882604","potions_obtained":[{"floor":1,"key":"SpeedPotion"},{"floor":6,"key":"PowerPotion"},{"floor":13,"key":"Block Potion"},{"floor":14,"key":"AttackPotion"}],"is_trial":false,"path_per_floor":["M","$","?","?","?","E","R","E","T","M","M","R","M","E","R","B"],"character_chosen":"DEFECT","items_purchased":["Melter"],"campfire_rested":1,"item_purchase_floors":[2],"current_hp_per_floor":[71,71,76,76,76,36,36,21,21,21,18,45,30,13,13,0],"gold":230,"neow_bonus":"TEN_PERCENT_HP_BONUS","is_prod":false,"is_daily":false,"chose_seed":false,"campfire_upgraded":2,"win_rate":0,"timestamp":1554151849,"path_taken":["M","$","?","?","?","E","R","E","T","M","M","R","M","E","R","BOSS"],"build_version":"2019-01-23","purchased_purges":0,"victory":false,"max_hp_per_floor":[78,78,83,83,83,93,93,93,93,93,93,93,93,93,93,93],"card_choices":[{"not_picked":["Barrage","Blizzard"],"picked":"Streamline","floor":1},{"not_picked":["Streamline","Loop"],"picked":"Defragment","floor":6},{"not_picked":["Sweeping Beam","Double Energy"],"picked":"Sunder","floor":8},{"not_picked":["Coolheaded","Static Discharge"],"picked":"Sweeping Beam","floor":10},{"not_picked":["Gash","Turbo","Beam Cell"],"picked":"SKIP","floor":11},{"not_picked":["Steam Power","Blizzard"],"picked":"Conserve Battery","floor":13},{"not_picked":["Rebound","Hyperbeam"],"picked":"Steam","floor":14}],"player_experience":775027,"relics_obtained":[{"floor":6,"key":"Pear"},{"floor":8,"key":"War Paint"},{"floor":9,"key":"Tiny Chest"},{"floor":14,"key":"Ancient Tea Set"}],"event_choices":[{"damage_healed":0,"gold_gain":0,"player_choice":"Donut","damage_taken":0,"max_hp_gain":5,"max_hp_loss":0,"event_name":"Big Fish","floor":3,"gold_loss":0},{"damage_healed":0,"gold_gain":0,"player_choice":"Leave","damage_taken":0,"max_hp_gain":0,"max_hp_loss":0,"event_name":"The Cleric","floor":4,"gold_loss":0},{"damage_healed":0,"gold_gain":0,"cards_transformed":["Strike_B"],"player_choice":"Transformed","damage_taken":0,"max_hp_gain":0,"max_hp_loss":0,"event_name":"Transmorgrifier","floor":5,"gold_loss":0,"cards_obtained":["Biased Cognition"]}],"is_beta":false,"boss_relics":[],"items_purged_floors":[],"is_endless":false,"potions_floor_spawned":[1,6,13,14],"killed_by":"The Guardian","ascension_level":19}