{"gold_per_floor":[118,118,118,118,138,138,169,169,169,195,212,212,232,243,243,243],"floor_reached":16,"playtime":769,"items_purged":[],"score":209,"play_id":"56ddd538-2bb9-4610-8144-ee44a043027e","local_time":"20181224011618","is_ascension_mode":true,"campfire_choices":[{"data":"Bash","floor":6,"key":"SMITH"},{"data":"Anger","floor":8,"key":"SMITH"},{"data":"Pummel","floor":12,"key":"SMITH"},{"data":"Seeing Red","floor":15,"key":"SMITH"}],"neow_cost":"NONE","seed_source_timestamp":226892396410081,"circlet_count":0,"master_deck":["AscendersBane","Strike_R","Strike_R","Strike_R","Strike_R","Defend_R","Defend_R","Defend_R","Defend_R","Bash+1","Anger+1","Pummel+1","Impervious","Intimidate","Seeing Red+1","Dropkick","Sword Boomerang"],"relics":["Burning Blood","Boot","Unceasing Top","Happy Flower","Letter Opener","Ginger"],"potions_floor_usage":[],"damage_taken":[{"damage":1,"enemies":"Cultist","floor":1,"turns":3},{"damage":9,"enemies":"Small Slimes","floor":5,"turns":4},{"damage":30,"enemies":"Lagavulin","floor":7,"turns":6},{"damage":27,"enemies":"Gremlin Nob","floor":10,"turns":4},{"damage":0,"enemies":"2 Louse","floor":11,"turns":2},{"damage":0,"enemies":"Looter","floor":13,"turns":3},{"damage":19,"enemies":"Gremlin Gang","floor":14,"turns":4},{"damage":24,"enemies":"Hexaghost","floor":16,"turns":7}],"seed_played":"5905475744503101882","potions_obtained":[{"floor":5,"key":"Explosive Potion"},{"floor":10,"key":"Ancient Potion"}],"is_trial":false,"path_per_floor":["M","$","T","?","M","R","E","R","T","E","M","R","M","M","R","B"],"character_chosen":"IRONCLAD","items_purchased":[],"campfire_rested":0,"item_purchase_floors":[],"current_hp_per_floor":[73,73,73,66,63,63,39,39,39,18,24,24,30,17,17,0],"gold":243,"neow_bonus":"RANDOM_COMMON_RELIC","is_prod":false,"is_daily":false,"chose_seed":false,"campfire_upgraded":4,"win_rate":0,"timestamp":1545642978,"path_taken":["M","?","?","?","M","R","E","R","T","E","M","R","M","M","R","BOSS"],"build_version":"2018-12-20","purchased_purges":0,"victory":false,"max_hp_per_floor":[75,75,75,75,75,75,75,75,75,75,75,75,75,75,75,75],"card_choices":[{"not_picked":["Wild Strike","Twin Strike"],"picked":"Anger","floor":1},{"not_picked":["Shrug It Off","Warcry"],"picked":"Pummel","floor":5},{"not_picked":["Immolate","Carnage"],"picked":"Impervious","floor":7},{"not_picked":["Clothesline","Second Wind"],"picked":"Intimidate","floor":10},{"not_picked":["Clothesline","Cleave"],"picked":"Seeing Red","floor":11},{"not_picked":["Twin Strike","Shrug It Off"],"picked":"Dropkick","floor":13},{"not_picked":["Corruption","Entrench"],"picked":"Sword Boomerang","floor":14}],"player_experience":677396,"relics_obtained":[{"floor":3,"key":"Unceasing Top"},{"floor":7,"key":"Happy Flower"},{"floor":9,"key":"Letter Opener"},{"floor":10,"key":"Ginger"}],"event_choices":[{"cards_removed":["Strike_R"],"damage_healed":0,"gold_gain":0,"player_choice":"Card Removal","damage_taken":7,"max_hp_gain":0,"max_hp_loss":0,"event_name":"Golden Wing","floor":4,"gold_loss":0}],"is_beta":false,"boss_relics":[],"items_purged_floors":[],"is_endless":false,"potions_floor_spawned":[5,10,14],"killed_by":"Hexaghost","ascension_level":18}