{"gold_per_floor":[114,114,114,134,59,93,42,42,42,42,42,63,88,122,122,122],"floor_reached":16,"playtime":570,"items_purged":["Injury"],"score":124,"play_id":"3f470987-5c05-45cc-9998-15e957381e93","local_time":"20180822221246","is_ascension_mode":true,"campfire_choices":[{"floor":8,"key":"REST"},{"floor":10,"key":"REST"},{"floor":15,"key":"REST"}],"neow_cost":"NONE","seed_source_timestamp":883001223529997,"circlet_count":0,"master_deck":["Defend_G","Defend_G","Defend_G","Defend_G","Defend_G","Strike_G","Strike_G","Strike_G","Strike_G","Strike_G","Survivor","Neutralize","Adrenaline","All Out Attack","Tactician","Blade Dance","Cloak And Dagger","All Out Attack"],"relics":["Ring of the Snake","Boot","Golden Idol","Letter Opener","Dodecahedron","Singing Bowl","Sundial"],"potions_floor_usage":[12,16],"damage_taken":[{"damage":1,"enemies":"2 Louse","floor":1,"turns":4},{"damage":0,"enemies":"Small Slimes","floor":4,"turns":3},{"damage":39,"enemies":"3 Sentries","floor":6,"turns":11},{"damage":0,"enemies":"Cultist","floor":12,"turns":2},{"damage":0,"enemies":"3 Louse","floor":13,"turns":2},{"damage":34,"enemies":"Gremlin Nob","floor":14,"turns":5},{"damage":65,"enemies":"Slime Boss","floor":16,"turns":6}],"seed_played":"2437604591365115564","potions_obtained":[{"floor":1,"key":"Dexterity Potion"},{"floor":12,"key":"Fruit Juice"}],"is_trial":false,"path_per_floor":["M","?","?","M","$","E","$","R","T","R","?","M","M","E","R"],"character_chosen":"THE_SILENT","items_purchased":["Cloak And Dagger"],"campfire_rested":3,"item_purchase_floors":[7],"current_hp_per_floor":[69,62,62,62,62,23,23,44,44,65,65,70,72,40,63,0],"gold":122,"neow_bonus":"ONE_RANDOM_RARE_CARD","is_prod":false,"is_daily":false,"chose_seed":false,"campfire_upgraded":0,"win_rate":0,"timestamp":1534993966,"path_taken":["M","?","?","M","$","E","$","R","T","R","?","M","M","E","R","BOSS"],"build_version":"2018-08-16","purchased_purges":1,"victory":false,"max_hp_per_floor":[70,70,70,70,70,70,70,70,70,70,70,75,77,79,79,79],"card_choices":[{"not_picked":["Heel Hook","Outmaneuver"],"picked":"All Out Attack","floor":1},{"not_picked":["Terror","Expertise"],"picked":"Tactician","floor":4},{"not_picked":["Expertise","Backstab"],"picked":"Blade Dance","floor":6},{"not_picked":["Catalyst","Blur"],"picked":"All Out Attack","floor":12},{"not_picked":["Dagger Spray","Slice","Deadly Poison"],"picked":"Singing Bowl","floor":13},{"not_picked":["Outmaneuver","Blade Dance","Flying Knee"],"picked":"Singing Bowl","floor":14}],"player_experience":271999,"relics_obtained":[{"floor":6,"key":"Letter Opener"},{"floor":9,"key":"Dodecahedron"},{"floor":14,"key":"Sundial"}],"event_choices":[{"event_name":"Scrap Ooze","player_choice":"success","floor":2,"damage_taken":7},{"event_name":"Golden Idol","player_choice":"Take Wound","floor":3,"damage_taken":0},{"event_name":"Dead Adventurer","player_choice":"Searched \u00271\u0027 times","floor":11,"damage_taken":0}],"is_beta":false,"boss_relics":[],"items_purged_floors":[5],"is_endless":false,"potions_floor_spawned":[1,12],"killed_by":"Slime Boss","ascension_level":3}