{"gold_per_floor":[110,122,139,35,51,77,77,77,77,90,40,70,85,85,85,85],"floor_reached":16,"playtime":843,"items_purged":[],"score":128,"play_id":"07f7151c-6186-455d-9db9-cdf1faf036db","local_time":"20190128194200","is_ascension_mode":true,"campfire_choices":[{"floor":7,"key":"REST"},{"data":"Concentrate","floor":15,"key":"SMITH"}],"neow_cost":"NONE","seed_source_timestamp":449022643542692,"circlet_count":0,"master_deck":["Defend_G","Defend_G","Defend_G","Defend_G","Defend_G","Strike_G","Strike_G","Strike_G","Survivor","Neutralize","Malaise","Dagger Throw","Riddle With Holes","Underhanded Strike","Acrobatics","Concentrate+1","Underhanded Strike","Prepared","Slice","Cloak And Dagger","Prepared","Backflip"],"relics":["Ring of the Snake","Shuriken","Gremlin Horn","Blue Candle"],"potions_floor_usage":[13],"damage_taken":[{"damage":0,"enemies":"Small Slimes","floor":1,"turns":7},{"damage":0,"enemies":"Cultist","floor":2,"turns":4},{"damage":3,"enemies":"2 Louse","floor":3,"turns":3},{"damage":9,"enemies":"Blue Slaver","floor":5,"turns":4},{"damage":28,"enemies":"Gremlin Nob","floor":6,"turns":4},{"damage":1,"enemies":"Looter","floor":10,"turns":3},{"damage":5,"enemies":"Gremlin Gang","floor":13,"turns":4},{"damage":49,"enemies":"Slime Boss","floor":16,"turns":7}],"seed_played":"2571949729623486086","potions_obtained":[{"floor":5,"key":"Dexterity Potion"},{"floor":6,"key":"Swift Potion"},{"floor":10,"key":"Poison Potion"},{"floor":13,"key":"Weak Potion"}],"is_trial":false,"path_per_floor":["M","M","M","$","M","E","R","?","T","M","$","?","M","?","R","B"],"character_chosen":"THE_SILENT","items_purchased":["Acrobatics","Concentrate","Prepared"],"campfire_rested":1,"item_purchase_floors":[4,4,11],"current_hp_per_floor":[70,70,67,67,58,30,51,51,51,50,50,50,45,45,45,0],"gold":85,"neow_bonus":"ONE_RANDOM_RARE_CARD","is_prod":false,"is_daily":false,"chose_seed":false,"campfire_upgraded":1,"win_rate":0,"timestamp":1548726120,"path_taken":["M","M","M","$","M","E","R","?","T","M","$","?","M","?","R","BOSS"],"build_version":"2019-01-23","purchased_purges":0,"victory":false,"max_hp_per_floor":[70,70,70,70,70,70,70,70,70,70,70,70,70,70,70,70],"card_choices":[{"not_picked":["Quick Slash","Sucker Punch"],"picked":"Dagger Throw","floor":1},{"not_picked":["Bouncing Flask","Calculated Gamble"],"picked":"Riddle With Holes","floor":2},{"not_picked":["Catalyst","Dagger Throw"],"picked":"Underhanded Strike","floor":3},{"not_picked":["Slice","Dodge and Roll"],"picked":"Underhanded Strike","floor":5},{"not_picked":["Acrobatics","Backflip"],"picked":"Prepared","floor":6},{"not_picked":["Flechettes","Dagger Spray"],"picked":"Cloak And Dagger","floor":10},{"not_picked":["Slice","Leg Sweep"],"picked":"Backflip","floor":13}],"player_experience":740918,"relics_obtained":[{"floor":6,"key":"Shuriken"},{"floor":9,"key":"Gremlin Horn"}],"event_choices":[{"damage_healed":0,"gold_gain":0,"cards_transformed":["Strike_G"],"player_choice":"Change","damage_taken":0,"max_hp_gain":0,"max_hp_loss":0,"event_name":"Living Wall","floor":8,"gold_loss":0,"cards_obtained":["Slice"]},{"damage_healed":0,"gold_gain":30,"player_choice":"Searched \u00272\u0027 times","damage_taken":0,"relics_obtained":["Blue Candle"],"max_hp_gain":0,"max_hp_loss":0,"event_name":"Dead Adventurer","floor":12,"gold_loss":0},{"cards_removed":["Strike_G"],"damage_healed":0,"gold_gain":0,"player_choice":"Purged","damage_taken":0,"max_hp_gain":0,"max_hp_loss":0,"event_name":"Purifier","floor":14,"gold_loss":0}],"is_beta":false,"boss_relics":[],"items_purged_floors":[],"is_endless":false,"potions_floor_spawned":[5,6,10,13],"killed_by":"Slime Boss","ascension_level":5}