{"gold_per_floor":[111,2,15,33,8,37,37,63,63,63,76,76,102,119,119,190,190,205,175,189,11,22,22,51,51,51,51,71,71],"floor_reached":29,"playtime":1984,"items_purged":[],"score":530,"play_id":"141833ba-d847-49bc-af73-982ffaf947a8","local_time":"20190414000826","is_ascension_mode":true,"campfire_choices":[{"floor":7,"key":"REST"},{"data":"Bash","floor":10,"key":"SMITH"},{"floor":12,"key":"REST"},{"data":"Armaments","floor":15,"key":"SMITH"},{"data":"Armaments","floor":23,"key":"SMITH"},{"floor":25,"key":"REST"}],"neow_cost":"NONE","seed_source_timestamp":323970522237100,"circlet_count":0,"master_deck":["AscendersBane","Strike_R","Strike_R","Strike_R","Strike_R","Strike_R","Defend_R","Defend_R","Defend_R","Defend_R","Bash+1","Ghostly Armor","Iron Wave","Feel No Pain","Armaments+1","Juggernaut","Twin Strike","Iron Wave","Disarm","Flame Barrier","Spot Weakness","Armaments+1","Feel No Pain+1","Feed","Heavy Blade","Carnage","Barricade+1","Flame Barrier","Metallicize+1","Feel No Pain+1"],"relics":["Burning Blood","Question Card","Bottled Flame","Frozen Egg 2","Art of War","Snecko Eye","Mercury Hourglass","Gremlin Horn"],"potions_floor_usage":[13,13,16,19,22,24,28],"damage_taken":[{"damage":0,"enemies":"Cultist","floor":1,"turns":3},{"damage":2,"enemies":"Jaw Worm","floor":3,"turns":6},{"damage":0,"enemies":"Small Slimes","floor":4,"turns":5},{"damage":53,"enemies":"Gremlin Nob","floor":6,"turns":6},{"damage":16,"enemies":"3 Sentries","floor":8,"turns":8},{"damage":9,"enemies":"Blue Slaver","floor":11,"turns":7},{"damage":3,"enemies":"Lagavulin","floor":13,"turns":8},{"damage":16,"enemies":"Large Slime","floor":14,"turns":6},{"damage":33,"enemies":"Slime Boss","floor":16,"turns":10},{"damage":9,"enemies":"3 Byrds","floor":18,"turns":8},{"damage":11,"enemies":"2 Thieves","floor":19,"turns":4},{"damage":21,"enemies":"Cultist and Chosen","floor":20,"turns":6},{"damage":11,"enemies":"Snecko","floor":22,"turns":4},{"damage":55,"enemies":"Gremlin Leader","floor":24,"turns":12},{"damage":18,"enemies":"Centurion and Healer","floor":28,"turns":11},{"damage":31,"enemies":"Shelled Parasite and Fungi","floor":29,"turns":2}],"seed_played":"-8265225489075102677","potions_obtained":[{"floor":6,"key":"AttackPotion"},{"floor":8,"key":"Block Potion"},{"floor":14,"key":"Fire Potion"},{"floor":16,"key":"Regen Potion"},{"floor":19,"key":"Strength Potion"},{"floor":20,"key":"Swift Potion"},{"floor":22,"key":"SkillPotion"}],"is_trial":false,"path_per_floor":["M","$","M","M","$","E","R","E","T","R","M","R","E","M","R","B",null,"M","M","M","$","M","R","E","R","T","?","M","M"],"character_chosen":"IRONCLAD","items_purchased":["Feel No Pain","Armaments","Iron Wave","Barricade+1"],"campfire_rested":3,"item_purchase_floors":[2,2,5,21],"current_hp_per_floor":[74,74,75,75,75,28,50,40,40,40,37,59,62,52,52,25,63,63,76,64,64,62,62,13,39,39,39,30,0],"gold":71,"neow_bonus":"THREE_CARDS","is_prod":false,"is_daily":false,"chose_seed":false,"campfire_upgraded":3,"win_rate":0,"timestamp":1555214906,"path_taken":["M","?","M","M","$","E","R","E","T","R","M","R","E","M","R","BOSS","M","M","M","$","?","R","E","R","T","?","M","M"],"build_version":"2019-01-23","purchased_purges":0,"victory":false,"max_hp_per_floor":[75,75,75,75,75,75,75,75,75,75,75,75,75,75,75,75,75,78,82,85,85,88,88,88,88,88,88,91,91],"card_choices":[{"not_picked":["Perfected Strike","Disarm"],"picked":"Ghostly Armor","floor":0},{"not_picked":["Flex","Sever Soul"],"picked":"Iron Wave","floor":1},{"not_picked":["True Grit","Clash"],"picked":"Juggernaut","floor":3},{"not_picked":["Armaments","Entrench"],"picked":"Twin Strike","floor":4},{"not_picked":["Shockwave","Warcry"],"picked":"Disarm","floor":6},{"not_picked":["Iron Wave","Twin Strike","Anger"],"picked":"Flame Barrier","floor":8},{"not_picked":["Heavy Blade","Havoc","Uppercut"],"picked":"Spot Weakness","floor":11},{"not_picked":["Body Slam","Blood for Blood","Double Tap"],"picked":"Armaments","floor":13},{"not_picked":["Clothesline","Iron Wave","Twin Strike"],"picked":"Feel No Pain+1","floor":14},{"not_picked":["Dark Embrace+1","Immolate","Exhume"],"picked":"Feed","floor":16},{"not_picked":["Rampage","Wild Strike","Havoc"],"picked":"Heavy Blade","floor":18},{"not_picked":["Perfected Strike","Iron Wave+1","Flex"],"picked":"Carnage","floor":19},{"not_picked":["Shrug It Off","Fire Breathing+1","Perfected Strike","Thunderclap"],"picked":"SKIP","floor":20},{"not_picked":["Reckless Charge","Combust+1","Seeing Red"],"picked":"Flame Barrier","floor":22},{"not_picked":["Thunderclap","Uppercut","Battle Trance"],"picked":"Metallicize+1","floor":24},{"not_picked":["Dual Wield","Wild Strike","Armaments"],"picked":"Feel No Pain+1","floor":28}],"player_experience":863159,"relics_obtained":[{"floor":6,"key":"Question Card"},{"floor":8,"key":"Bottled Flame"},{"floor":9,"key":"Frozen Egg 2"},{"floor":13,"key":"Art of War"},{"floor":24,"key":"Mercury Hourglass"},{"floor":26,"key":"Gremlin Horn"}],"event_choices":[{"damage_healed":0,"gold_gain":0,"player_choice":"Ignored","damage_taken":0,"max_hp_gain":0,"max_hp_loss":0,"event_name":"Beggar","floor":27,"gold_loss":0}],"is_beta":false,"boss_relics":[{"not_picked":["Pandora\u0027s Box","Velvet Choker"],"picked":"Snecko Eye"}],"items_purged_floors":[],"is_endless":false,"potions_floor_spawned":[6,8,14,16,19,20,22],"killed_by":"Shelled Parasite and Fungi","ascension_level":20}