{"gold_per_floor":[119,29,29,29,46,46,74,74,123,133,168,188,200,15,15,91,91,106,124,124,140,140],"floor_reached":22,"playtime":1455,"items_purged":["Strike_B"],"score":363,"play_id":"4766dbf1-fe68-4a68-981f-5a3472779419","local_time":"20181222210919","is_ascension_mode":true,"campfire_choices":[{"data":"Defragment","floor":6,"key":"SMITH"},{"data":"Zap","floor":8,"key":"SMITH"},{"data":"Go for the Eyes","floor":15,"key":"SMITH"}],"neow_cost":"NONE","seed_source_timestamp":124965830312236,"circlet_count":0,"master_deck":["AscendersBane","Strike_B","Strike_B","Defend_B","Defend_B","Defend_B","Defend_B","Zap+1","Dualcast","Defragment+1","Rip and Tear","Rebound","Melter","Ball Lightning","Stack","Go for the Eyes+1","Conserve Battery","Echo Form","Auto Shields"],"relics":["Cracked Core","Bird Faced Urn","Unceasing Top","Happy Flower","Ancient Tea Set","Snecko Eye","Omamori"],"potions_floor_usage":[11,16,19,19,21],"damage_taken":[{"damage":4,"enemies":"Small Slimes","floor":1,"turns":3},{"damage":0,"enemies":"Cultist","floor":5,"turns":3},{"damage":40,"enemies":"3 Sentries","floor":7,"turns":6},{"damage":7,"enemies":"Jaw Worm","floor":10,"turns":3},{"damage":5,"enemies":"Lagavulin","floor":11,"turns":5},{"damage":8,"enemies":"Blue Slaver","floor":12,"turns":2},{"damage":8,"enemies":"3 Louse","floor":13,"turns":4},{"damage":2,"enemies":"Hexaghost","floor":16,"turns":8},{"damage":2,"enemies":"Chosen","floor":18,"turns":4},{"damage":20,"enemies":"2 Thieves","floor":19,"turns":4},{"damage":15,"enemies":"Snake Plant","floor":21,"turns":5},{"damage":24,"enemies":"Chosen and Byrds","floor":22,"turns":3}],"seed_played":"5911605585582288629","potions_obtained":[{"floor":7,"key":"Block Potion"},{"floor":10,"key":"Swift Potion"},{"floor":13,"key":"Block Potion"},{"floor":16,"key":"Fire Potion"},{"floor":19,"key":"Block Potion"}],"is_trial":false,"path_per_floor":["M","$","?","?","M","R","E","R","T","M","E","M","M","$","R","B",null,"M","M","?","M","M"],"character_chosen":"DEFECT","items_purchased":["Rip and Tear","Go for the Eyes","Conserve Battery"],"campfire_rested":0,"item_purchase_floors":[2,14,14],"current_hp_per_floor":[67,67,62,62,64,64,26,26,26,21,18,12,6,6,6,6,60,64,50,50,39,17],"gold":140,"neow_bonus":"TEN_PERCENT_HP_BONUS","is_prod":false,"is_daily":false,"chose_seed":false,"campfire_upgraded":3,"win_rate":0,"timestamp":1545541759,"path_taken":["M","$","?","?","M","R","E","R","T","M","E","?","M","$","R","BOSS","M","M","?","?","M"],"build_version":"2018-12-20","purchased_purges":1,"victory":false,"max_hp_per_floor":[78,78,78,78,78,78,78,78,78,78,78,78,78,78,78,78,78,78,78,78,78,78],"card_choices":[{"not_picked":["Ball Lightning","Turbo"],"picked":"Defragment","floor":1},{"not_picked":["Barrage","Steam Power"],"picked":"Rebound","floor":5},{"not_picked":["Steam","Beam Cell"],"picked":"Melter","floor":7},{"not_picked":["Compile Driver","Redo"],"picked":"Hologram","floor":10},{"not_picked":["Rainbow","Streamline"],"picked":"Ball Lightning","floor":11},{"not_picked":["Beam Cell","Sweeping Beam"],"picked":"Stack","floor":12},{"not_picked":["Scrape","Redo","Hologram"],"picked":"SKIP","floor":13},{"not_picked":["Multi-Cast","Hyperbeam"],"picked":"Echo Form","floor":16},{"not_picked":["Leap","Sweeping Beam","Static Discharge"],"picked":"SKIP","floor":18},{"not_picked":["Double Energy","Barrage","Beam Cell"],"picked":"SKIP","floor":19},{"not_picked":["Hologram","Stack"],"picked":"Auto Shields","floor":21}],"player_experience":655094,"relics_obtained":[{"floor":7,"key":"Unceasing Top"},{"floor":9,"key":"Happy Flower"},{"floor":11,"key":"Ancient Tea Set"}],"event_choices":[{"damage_healed":0,"gold_gain":0,"player_choice":"Success","damage_taken":5,"relics_obtained":["Bird Faced Urn"],"max_hp_gain":0,"max_hp_loss":0,"event_name":"Scrap Ooze","floor":3,"gold_loss":0},{"cards_removed":["Strike_B"],"damage_healed":0,"gold_gain":0,"player_choice":"Offered Basic","damage_taken":0,"max_hp_gain":0,"max_hp_loss":0,"event_name":"Bonfire Elementals","floor":4,"gold_loss":0},{"cards_removed":["Hologram"],"damage_healed":0,"gold_gain":0,"player_choice":"Gave Card","damage_taken":0,"relics_obtained":["Omamori"],"max_hp_gain":0,"max_hp_loss":0,"event_name":"WeMeetAgain","floor":20,"gold_loss":0}],"is_beta":false,"boss_relics":[{"not_picked":["Velvet Choker","Orrery"],"picked":"Snecko Eye"}],"items_purged_floors":[14],"is_endless":false,"potions_floor_spawned":[7,10,13,16,19],"killed_by":"Chosen and Byrds","ascension_level":17}