{"gold_per_floor":[110,110,125,143,22,22,41,41,41,70,84,99,63,98,98,171,171,184,184,184,8,26,26,60,60,60,88,88,118,137,153,153,227,227,241,19,30,30,45,80,99,118,118,118,137,137,169,182,182,182],"floor_reached":51,"playtime":5335,"items_purged":["Strike_B","Strike_B","Normality"],"score":1477,"play_id":"762933e1-db51-4ab8-bfee-4886a5c38cc1","local_time":"20180820210326","is_ascension_mode":true,"campfire_choices":[{"data":"Melter","floor":6.0,"key":"SMITH"},{"data":"Seek","floor":8.0,"key":"SMITH"},{"data":"Sunder","floor":15.0,"key":"SMITH"},{"data":"Doom and Gloom","floor":23.0,"key":"SMITH"},{"data":"Defragment","floor":25.0,"key":"SMITH"},{"floor":32,"key":"REST"},{"data":"Injury","floor":44,"key":"PURGE"},{"floor":46,"key":"REST"},{"floor":49,"key":"REST"}],"neow_cost":"NONE","seed_source_timestamp":0,"circlet_count":0,"master_deck":["Strike_B+1","Defend_B+1","Defend_B+1","Defend_B+1","Defend_B+1","Zap+1","Dualcast","AscendersBane","Hologram","Seek+1","Melter+1","Ball Lightning","Gash","Sunder+1","Leap","Scrape","Steam","Echo Form","Steam","Gash","Doom and Gloom+1","Defragment+1","Creative AI","Stack","Go for the Eyes","Steam","Consume","Coolheaded+1","Stack","Force Field","Electrodynamics","Steam"],"special_seed":0,"relics":["Cracked Core","Meat on the Bone","Peace Pipe","Art of War","Cursed Key","Enchiridion","Anchor","Incense Burner","Lantern","Singing Bowl","Inserter","Bottled Lightning","Question Card","Bronze Scales"],"potions_floor_usage":[35,40,40,45,47],"damage_taken":[{"damage":1.0,"enemies":"Cultist","floor":1.0,"turns":3.0},{"damage":2.0,"enemies":"Small Slimes","floor":3.0,"turns":4.0},{"damage":0.0,"enemies":"2 Louse","floor":4.0,"turns":2.0},{"damage":3.0,"enemies":"Blue Slaver","floor":7.0,"turns":4.0},{"damage":10.0,"enemies":"Gremlin Nob","floor":10.0,"turns":3.0},{"damage":8.0,"enemies":"Lots of Slimes","floor":11.0,"turns":2.0},{"damage":7.0,"enemies":"2 Fungi Beasts","floor":12.0,"turns":3.0},{"damage":7.0,"enemies":"Lagavulin","floor":14.0,"turns":7.0},{"damage":0.0,"enemies":"Slime Boss","floor":16.0,"turns":5.0},{"damage":8.0,"enemies":"Shell Parasite","floor":18.0,"turns":4.0},{"damage":1.0,"enemies":"2 Thieves","floor":22.0,"turns":2.0},{"damage":0.0,"enemies":"Gremlin Leader","floor":24.0,"turns":5.0},{"damage":19,"enemies":"Slavers","floor":27,"turns":5},{"damage":0,"enemies":"Gremlin Leader","floor":29,"turns":4},{"damage":0,"enemies":"Cultist and Chosen","floor":30,"turns":4},{"damage":22,"enemies":"Snake Plant","floor":31,"turns":3},{"damage":33,"enemies":"Champ","floor":33,"turns":11},{"damage":0,"enemies":"Flame Bruiser 1 Orb","floor":35,"turns":5},{"damage":0,"enemies":"Orb Walker","floor":37,"turns":3},{"damage":18,"enemies":"4 Shapes","floor":39,"turns":7},{"damage":47,"enemies":"Giant Head","floor":40,"turns":9},{"damage":0,"enemies":"Sphere and 2 Shapes","floor":41,"turns":4},{"damage":5,"enemies":"Spire Growth","floor":42,"turns":6},{"damage":7,"enemies":"Transient","floor":45,"turns":5},{"damage":11,"enemies":"Nemesis","floor":47,"turns":7},{"damage":0,"enemies":"Sphere and 2 Shapes","floor":48,"turns":2},{"damage":44,"enemies":"Donu and Deca","floor":50,"turns":8}],"seed_played":"-8678735702237043396","potions_obtained":[{"floor":3.0,"key":"Poison Potion"},{"floor":7.0,"key":"LiquidBronze"},{"floor":12.0,"key":"Dexterity Potion"},{"floor":14.0,"key":"FearPotion"},{"floor":29,"key":"Explosive Potion"},{"floor":31,"key":"Explosive Potion"},{"floor":39,"key":"Block Potion"},{"floor":40,"key":"Block Potion"},{"floor":45,"key":"EssenceOfSteel"}],"is_trial":false,"path_per_floor":["M","?","M","M","$","R","M","R","T","E","M","M","$","E","R","B",null,"M","?","?","$","M","R","E","R","T","E","?","E","M","M","R","B",null,"M","$","M","?","M","E","M","M","T","R","M","R","E","M","R","B"],"character_chosen":"DEFECT","items_purchased":["Ball Lightning","Scrape","Block Potion","Gash","FocusPotion","Steam"],"campfire_rested":3,"item_purchase_floors":[5,13,21,21,36,36],"current_hp_per_floor":[63,56,54,54,54,54,51,51,51,41,45,38,38,43,43,43,64,56,40,40,40,39,39,39,39,39,32,32,46,46,38,60,41,68,68,68,68,68,50,17,31,38,38,38,43,67,56,56,80,48],"gold":182,"neow_bonus":"UPGRADE_CARD","is_prod":false,"is_daily":false,"chose_seed":false,"campfire_upgraded":5,"win_rate":0,"timestamp":1534824206,"path_taken":["M","?","M","M","$","R","M","R","T","E","?","M","$","E","R","BOSS","M","?","?","$","M","R","E","R","T","E","?","E","M","M","R","BOSS","M","$","M","?","?","E","?","?","T","R","M","R","E","M","R","BOSS"],"build_version":"2018-08-16","purchased_purges":3,"victory":true,"max_hp_per_floor":[71,71,71,71,71,71,71,71,71,71,71,71,71,71,71,71,71,71,71,71,71,71,71,71,71,71,71,71,73,73,75,75,77,77,77,77,77,77,77,79,81,81,81,81,81,81,81,81,81,81],"card_choices":[{"not_picked":["Rebound","Fusion"],"picked":"Hologram","floor":1.0},{"not_picked":["Conserve Battery","Compile Driver"],"picked":"Seek","floor":3.0},{"not_picked":["Steam Power","Rebound"],"picked":"Melter","floor":4.0},{"not_picked":["Stack","Streamline"],"picked":"Gash","floor":7.0},{"not_picked":["Darkness","Redo"],"picked":"Sunder","floor":10.0},{"not_picked":["Fusion","Rebound"],"picked":"Tempest","floor":11.0},{"not_picked":["Hologram","Steam Power"],"picked":"Leap","floor":12.0},{"not_picked":["Melter","Streamline"],"picked":"Steam","floor":14.0},{"not_picked":["Multi-Cast","Meteor Strike"],"picked":"Echo Form","floor":16.0},{"not_picked":["Force Field","Barrage"],"picked":"Steam","floor":18.0},{"not_picked":["Sweeping Beam","Undo"],"picked":"Doom and Gloom","floor":22.0},{"not_picked":["Steam Power","Barrage"],"picked":"Defragment","floor":24.0},{"not_picked":["Hello World","Blizzard"],"picked":"Creative AI","floor":27},{"not_picked":["Biased Cognition","Compile Driver","Rebound"],"picked":"Singing Bowl","floor":29},{"not_picked":["White Noise","Blizzard+1"],"picked":"Stack","floor":30},{"not_picked":["Cold Snap","Turbo+1","Thunder Strike"],"picked":"Singing Bowl","floor":31},{"not_picked":["Reboot","Multi-Cast","Thunder Strike"],"picked":"Singing Bowl","floor":33},{"not_picked":["Beam Cell","Turbo"],"picked":"Go for the Eyes","floor":35},{"not_picked":["Double Energy","Gash"],"picked":"Consume","floor":37},{"not_picked":["Storm","Steam Power"],"picked":"Coolheaded+1","floor":39},{"not_picked":["Leap","Rebound","Doom and Gloom"],"picked":"Singing Bowl","floor":40},{"not_picked":["FTL","Seek","Turbo"],"picked":"Singing Bowl","floor":41},{"not_picked":["Conserve Battery","Blizzard"],"picked":"Stack","floor":42},{"not_picked":["Rebound","Sunder","Chaos"],"picked":"Force Field","floor":45},{"not_picked":["Sweeping Beam","Turbo","Stack"],"picked":"Electrodynamics","floor":47},{"not_picked":["Go for the Eyes","Leap+1","Beam Cell"],"picked":"Steam","floor":48}],"player_experience":555926,"relics_obtained":[{"floor":9.0,"key":"Meat on the Bone"},{"floor":10.0,"key":"Peace Pipe"},{"floor":14.0,"key":"Art of War"},{"floor":19.0,"key":"Enchiridion"},{"floor":24.0,"key":"Anchor"},{"floor":26.0,"key":"Incense Burner"},{"floor":27,"key":"Lantern"},{"floor":29,"key":"Singing Bowl"},{"floor":40,"key":"Bottled Lightning"},{"floor":43,"key":"Question Card"},{"floor":47,"key":"Bronze Scales"}],"event_choices":[{"event_name":"Golden Wing","player_choice":"Card Removal","floor":2.0,"damage_taken":0.0},{"event_name":"Cursed Tome","player_choice":"Obtained Book","floor":19.0,"damage_taken":0.0},{"event_name":"Drug Dealer","player_choice":"Ignored","floor":20.0,"damage_taken":0.0},{"event_name":"Back to Basics","player_choice":"Simplicity","floor":28,"damage_taken":0},{"event_name":"Falling","player_choice":"Removed Skill","floor":38,"damage_taken":0}],"is_beta":false,"boss_relics":[{"not_picked":["Orrery","Eternal Feather"],"picked":"Cursed Key"},{"not_picked":["Philosopher\u0027s Stone","Lizard Tail"],"picked":"Inserter"}],"items_purged_floors":[5,21,36],"is_endless":false,"potions_floor_spawned":[3,7,12,14,29,31,33,39,40,45],"ascension_level":14}