{"gold_per_floor":[113,113,113,113,129,156,168,178,178,208,234,18,44,22,22,126,126,138,138,150,167,187,214,214,214,214,248,262,296,313,323,323,426,426,446,446,446,69,82,115,128,157,187,204,229,229,229,50,50,50],"floor_reached":51,"playtime":5639,"items_purged":["Defend_G","Writhe"],"score":1163,"play_id":"c471fe8f-4d91-4470-b907-ba5e2a794da1","local_time":"20180728013817","is_ascension_mode":true,"campfire_choices":[{"floor":15.0,"key":"REST"},{"floor":24.0,"key":"REST"},{"floor":32.0,"key":"REST"},{"data":"A Thousand Cuts","floor":46,"key":"SMITH"},{"data":"After Image","floor":49,"key":"SMITH"}],"neow_cost":"NONE","seed_source_timestamp":0,"circlet_count":0,"master_deck":["Defend_G+1","Defend_G+1","Survivor","Neutralize","Cloak And Dagger","Leg Sweep+1","Dagger Spray+1","Backflip","Footwork","Cloak And Dagger+1","Predator","Footwork","Finesse+1","Quick Slash+1","Dagger Spray","Glass Knife","Dodge and Roll+1","Backflip+1","Calculated Gamble+1","Cloak And Dagger+1","A Thousand Cuts+1","Backflip+1","Flechettes","PiercingWail+1","Deflect+1","Deflect+1","PiercingWail+1","Cloak And Dagger+1","After Image+1","PiercingWail+1","All Out Attack+1","Sucker Punch+1","PiercingWail+1","Terror+1","Slice","Backflip+1","Footwork","Outmaneuver+1","Deflect+1","Backstab+1","Dodge and Roll+1","Sucker Punch+1","Cloak And Dagger+1","Well Laid Plans","Infinite Blades+1","PiercingWail+1","Quick Slash"],"special_seed":0,"relics":["Black Star","Dream Catcher","Art of War","Letter Opener","Ninja Scroll","Toxic Egg 2","Orichalcum","Bag of Preparation","Happy Flower","Empty Cage","Potion Belt","War Paint","Tingsha","Darkstone Periapt","Whetstone","Snake Skull","Prayer Wheel","Turnip","Astrolabe","Lee\u0027s Waffle","Blood Vial","Vajra","Lantern","Juzu Bracelet","Tiny Chest","Anchor","Boot"],"potions_floor_usage":[42,50,50],"damage_taken":[{"damage":3.0,"enemies":"2 Louse","floor":1.0,"turns":3.0},{"damage":0.0,"enemies":"Small Slimes","floor":5.0,"turns":4.0},{"damage":25.0,"enemies":"3 Sentries","floor":6.0,"turns":8.0},{"damage":0.0,"enemies":"Jaw Worm","floor":7.0,"turns":6.0},{"damage":0.0,"enemies":"2 Fungi Beasts","floor":8.0,"turns":5.0},{"damage":25.0,"enemies":"Lagavulin","floor":10.0,"turns":14.0},{"damage":23.0,"enemies":"Gremlin Nob","floor":13.0,"turns":6.0},{"damage":10.0,"enemies":"The Guardian","floor":16.0,"turns":16.0},{"damage":0.0,"enemies":"3 Byrds","floor":18.0,"turns":3.0},{"damage":14.0,"enemies":"Chosen","floor":20.0,"turns":5.0},{"damage":13.0,"enemies":"Slaver and Parasite","floor":21.0,"turns":12.0},{"damage":0.0,"enemies":"Snecko","floor":22.0,"turns":7.0},{"damage":23.0,"enemies":"Slavers","floor":23.0,"turns":6.0},{"damage":11.0,"enemies":"Book of Stabbing","floor":27.0,"turns":8.0},{"damage":0.0,"enemies":"3 Cultists","floor":28.0,"turns":5.0},{"damage":23.0,"enemies":"Slavers","floor":29.0,"turns":6.0},{"damage":0.0,"enemies":"Centurion and Healer","floor":30.0,"turns":7.0},{"damage":5.0,"enemies":"Snecko","floor":31.0,"turns":7.0},{"damage":28.0,"enemies":"Collector","floor":33.0,"turns":14.0},{"damage":0.0,"enemies":"Orb Walker","floor":35.0,"turns":4.0},{"damage":2.0,"enemies":"Flame Bruiser 1 Orb","floor":39.0,"turns":8.0},{"damage":0.0,"enemies":"Nemesis","floor":40.0,"turns":6.0},{"damage":6,"enemies":"3 Darklings","floor":41,"turns":6},{"damage":3,"enemies":"Giant Head","floor":42,"turns":9},{"damage":7,"enemies":"Maw","floor":44,"turns":8},{"damage":19,"enemies":"2 Orb Walkers","floor":45,"turns":8},{"damage":52,"enemies":"Donu and Deca","floor":50,"turns":11}],"seed_played":"-1979577483660951946","potions_obtained":[{"floor":5.0,"key":"Explosive Potion"},{"floor":6.0,"key":"Regen Potion"},{"floor":7.0,"key":"Block Potion"},{"floor":16.0,"key":"Fruit Juice"},{"floor":18.0,"key":"Explosive Potion"},{"floor":20.0,"key":"Block Potion"},{"floor":23.0,"key":"Regen Potion"},{"floor":29.0,"key":"FairyPotion"},{"floor":30.0,"key":"GhostInAJar"},{"floor":33.0,"key":"Fire Potion"},{"floor":35.0,"key":"GamblersBrew"},{"floor":40.0,"key":"Regen Potion"},{"floor":41,"key":"Block Potion"},{"floor":45,"key":"Regen Potion"}],"is_trial":false,"path_per_floor":["M","?","?","?","M","E","M","M","T","E","T","$","E","$","R","B",null,"M","?","M","M","M","E","R","T","T","E","M","E","M","M","R","B",null,"M","?","?","$","M","E","M","E","T","M","E","R","?","$","R","B"],"character_chosen":"THE_SILENT","items_purchased":["Footwork","Finesse+1","Dagger Spray","Lee\u0027s Waffle","Backflip+1","Footwork","Outmaneuver+1","PiercingWail+1","Quick Slash"],"campfire_rested":3,"item_purchase_floors":[12,12,14,38,38,38,38,48,48],"current_hp_per_floor":[67,53,70,70,70,45,45,45,45,35,35,35,12,12,33,23,58,63,63,49,36,36,13,35,35,35,39,39,16,16,11,33,5,58,58,58,58,82,80,80,76,75,75,70,53,53,80,80,80,79],"gold":50,"neow_bonus":"BOSS_RELIC","is_prod":false,"is_daily":false,"chose_seed":false,"campfire_upgraded":2,"win_rate":0,"timestamp":1532767097,"path_taken":["M","?","?","?","M","E","M","M","T","E","?","?","E","?","R","BOSS","M","?","M","M","M","E","R","?","T","E","M","E","M","?","R","BOSS","M","?","?","$","M","E","M","E","T","M","E","R","?","?","R","BOSS"],"build_version":"2018-07-26","purchased_purges":2,"victory":true,"max_hp_per_floor":[70,70,70,70,70,70,70,70,70,70,70,70,70,70,70,70,70,75,75,75,75,75,75,75,75,75,75,75,75,75,75,75,75,75,75,75,75,82,82,82,82,82,82,82,82,82,88,88,88,88],"card_choices":[{"not_picked":["Dodge and Roll","Bane"],"picked":"Cloak And Dagger","floor":1.0},{"not_picked":["Dagger Throw","Poisoned Stab"],"picked":"Dagger Spray","floor":5.0},{"not_picked":["Bullet Time","Choke"],"picked":"Backflip","floor":6.0},{"not_picked":["Blur","Tactician"],"picked":"Footwork","floor":7.0},{"not_picked":["Concentrate","Sucker Punch"],"picked":"Cloak And Dagger","floor":8.0},{"not_picked":["Deadly Poison","Quick Slash"],"picked":"Predator","floor":10.0},{"not_picked":["Flying Knee","Catalyst+1"],"picked":"Quick Slash","floor":13.0},{"not_picked":["Bullet Time+1","Burst+1"],"picked":"Glass Knife","floor":16.0},{"not_picked":["Skewer","Dagger Spray"],"picked":"Dodge and Roll+1","floor":18.0},{"not_picked":["Dagger Throw","Tactician+1"],"picked":"Backflip+1","floor":20.0},{"not_picked":["Heel Hook","Sucker Punch"],"picked":"Calculated Gamble+1","floor":21.0},{"not_picked":["Skewer","Flying Knee"],"picked":"Cloak And Dagger+1","floor":22.0},{"not_picked":["Cloak And Dagger+1","Slice"],"picked":"A Thousand Cuts","floor":23.0},{"not_picked":["Tactician+1","Poisoned Stab+1"],"picked":"Backflip+1","floor":24.0},{"not_picked":["Escape Plan+1","Backflip+1"],"picked":"Flechettes","floor":27.0},{"not_picked":["Skewer+1","Footwork"],"picked":"PiercingWail+1","floor":28.0},{"not_picked":["Glass Knife","Poisoned Stab"],"picked":"Deflect+1","floor":29.0},{"not_picked":["Tactician+1","Endless Agony"],"picked":"Deflect+1","floor":30.0},{"not_picked":["Backflip+1","Outmaneuver+1"],"picked":"PiercingWail+1","floor":30.0},{"not_picked":["Flying Knee+1","Sucker Punch"],"picked":"Cloak And Dagger+1","floor":31.0},{"not_picked":["Quick Slash","Riddle With Holes","Dagger Spray"],"picked":"SKIP","floor":31.0},{"not_picked":["Venomology+1","Die Die Die"],"picked":"After Image","floor":33.0},{"not_picked":["Underhanded Strike","Cloak And Dagger+1"],"picked":"PiercingWail+1","floor":35.0},{"not_picked":["Distraction+1","Dagger Spray+1"],"picked":"Terror+1","floor":35.0},{"not_picked":["Sucker Punch","Choke"],"picked":"Deflect+1","floor":39.0},{"not_picked":["Underhanded Strike","Acrobatics+1","Flying Knee"],"picked":"SKIP","floor":39.0},{"not_picked":["Corpse Explosion+1","Dodge and Roll+1"],"picked":"Backstab+1","floor":40.0},{"not_picked":["Reflex+1","Sucker Punch"],"picked":"Dodge and Roll+1","floor":41},{"not_picked":["Quick Slash","Slice+1"],"picked":"Sucker Punch+1","floor":41},{"not_picked":["Prepared+1","Bane"],"picked":"Cloak And Dagger+1","floor":42},{"not_picked":["PiercingWail+1","Tactician+1"],"picked":"Well Laid Plans","floor":44},{"not_picked":["Poisoned Stab","Bane","Masterful Stab"],"picked":"SKIP","floor":44},{"not_picked":["Corpse Explosion+1","Prepared+1"],"picked":"Infinite Blades+1","floor":45}],"player_experience":221200,"relics_obtained":[{"floor":6.0,"key":"Dream Catcher"},{"floor":6.0,"key":"Art of War"},{"floor":9.0,"key":"Letter Opener"},{"floor":10.0,"key":"Ninja Scroll"},{"floor":10.0,"key":"Toxic Egg 2"},{"floor":11.0,"key":"Orichalcum"},{"floor":13.0,"key":"Bag of Preparation"},{"floor":13.0,"key":"Happy Flower"},{"floor":23.0,"key":"Potion Belt"},{"floor":23.0,"key":"War Paint"},{"floor":25.0,"key":"Tingsha"},{"floor":26.0,"key":"Darkstone Periapt"},{"floor":27.0,"key":"Whetstone"},{"floor":27.0,"key":"Snake Skull"},{"floor":29.0,"key":"Prayer Wheel"},{"floor":29.0,"key":"Turnip"},{"floor":40.0,"key":"Blood Vial"},{"floor":40.0,"key":"Vajra"},{"floor":42,"key":"Lantern"},{"floor":42,"key":"Juzu Bracelet"},{"floor":43,"key":"Tiny Chest"},{"floor":45,"key":"Anchor"},{"floor":45,"key":"Boot"}],"event_choices":[{"event_name":"Shining Light","player_choice":"Entered Light","floor":2.0,"damage_taken":0.0},{"event_name":"Big Fish","player_choice":"Banana","floor":3.0,"damage_taken":0.0},{"event_name":"Match and Keep!","player_choice":"1 cards matched","floor":4.0,"damage_taken":0.0},{"event_name":"Drug Dealer","player_choice":"Ignored","floor":19.0,"damage_taken":0.0},{"event_name":"Transmorgrifier","player_choice":"Transform","floor":36.0,"damage_taken":0.0},{"event_name":"Purifier","player_choice":"One Purge","floor":37.0,"damage_taken":0.0},{"event_name":"Winding Halls","player_choice":"Writhe","floor":47,"damage_taken":0}],"is_beta":false,"boss_relics":[{"not_picked":["Ectoplasm","Lizard Tail"],"picked":"Empty Cage"},{"not_picked":["White Beast Statue","Busted Crown"],"picked":"Astrolabe"}],"items_purged_floors":[12,48],"is_endless":false,"potions_floor_spawned":[5,6,7,16,18,20,23,29,30,33,35,40,41,45],"ascension_level":5}