{"gold_per_floor":[111,111,21,34,50,50,65,65,65,16,42,62,62,76,76,180,180,193,176,7,7,22,22,35,35,35,35,35,50,68,29,29,29],"floor_reached":33,"playtime":1988,"items_purged":[],"score":286,"play_id":"9bc931ce-f405-4d36-828a-3d9c427b60ac","local_time":"20180924210112","is_ascension_mode":true,"campfire_choices":[{"floor":6.0,"key":"DIG"},{"floor":8.0,"key":"DIG"},{"floor":15.0,"key":"REST"},{"floor":23.0,"key":"REST"},{"floor":25,"key":"REST"},{"floor":27,"key":"DIG"},{"floor":28,"key":"DIG"},{"floor":32,"key":"DIG"}],"neow_cost":"NONE","seed_source_timestamp":0,"circlet_count":0,"master_deck":["Defend_G","Defend_G","Defend_G","Defend_G","Defend_G","Strike_G","Strike_G","Strike_G","Strike_G","Strike_G","Survivor","Neutralize","Doppelganger","Deadly Poison","Purity","Dodge and Roll","Endless Agony","Slice","Footwork","Acrobatics","Endless Agony","Dagger Throw","Die Die Die","Deflect","Poisoned Stab","Cloak And Dagger","Deadly Poison","Crippling Poison","Blade Dance+1","Backflip","Accuracy"],"special_seed":0,"relics":["Ring of the Snake","Shovel","Question Card","Bottled Lightning","Incense Burner","WingedGreaves","Busted Crown","Art of War","MutagenicStrength","Gremlin Horn","Ninja Scroll","Paper Crane","Sundial"],"potions_floor_usage":[33,33,33],"damage_taken":[{"damage":1.0,"enemies":"2 Louse","floor":1.0,"turns":5.0},{"damage":0.0,"enemies":"Small Slimes","floor":4.0,"turns":5.0},{"damage":0.0,"enemies":"Cultist","floor":5.0,"turns":5.0},{"damage":10.0,"enemies":"Red Slaver","floor":7.0,"turns":7.0},{"damage":32.0,"enemies":"3 Sentries","floor":11.0,"turns":9.0},{"damage":0.0,"enemies":"Large Slime","floor":12.0,"turns":7.0},{"damage":3.0,"enemies":"Blue Slaver","floor":14.0,"turns":4.0},{"damage":42.0,"enemies":"The Guardian","floor":16.0,"turns":19.0},{"damage":29.0,"enemies":"Chosen","floor":18.0,"turns":7.0},{"damage":5.0,"enemies":"2 Thieves","floor":19.0,"turns":4.0},{"damage":23.0,"enemies":"Snecko","floor":22.0,"turns":7.0},{"damage":18,"enemies":"Snake Plant","floor":24,"turns":5},{"damage":6,"enemies":"Sentry and Sphere","floor":29,"turns":5},{"damage":5,"enemies":"Chosen and Byrds","floor":30,"turns":5},{"damage":106,"enemies":"Champ","floor":33,"turns":16}],"seed_played":"-5839177776585733042","potions_obtained":[{"floor":1.0,"key":"Fruit Juice"},{"floor":4.0,"key":"GhostInAJar"},{"floor":11.0,"key":"Energy Potion"},{"floor":14.0,"key":"Regen Potion"},{"floor":19.0,"key":"Regen Potion"}],"is_trial":false,"path_per_floor":["M","?","$","M","M","R","M","R","T","$","E","M","?","M","R","B",null,"M","M","$","?","M","R","M","R","T","R","R","M","M","$","R"],"character_chosen":"THE_SILENT","items_purchased":["Purity","PowerPotion","Art of War","Cloak And Dagger","Accuracy"],"campfire_rested":3,"item_purchase_floors":[3,10,20,20,31],"current_hp_per_floor":[69,62,67,67,67,67,57,57,57,57,25,25,25,22,44,2,75,46,41,41,41,18,40,22,44,44,44,44,38,33,33,33,0],"gold":29,"neow_bonus":"ONE_RANDOM_RARE_CARD","is_prod":false,"is_daily":false,"chose_seed":false,"campfire_upgraded":0,"win_rate":0,"timestamp":1537840872,"path_taken":["M","?","$","?","M","R","M","R","T","?","E","?","?","M","R","BOSS","M","?","$","?","M","R","M","R","T","R","R","M","M","$","R","BOSS"],"build_version":"2018-09-20","purchased_purges":0,"victory":false,"max_hp_per_floor":[70,70,75,75,75,75,75,75,75,75,75,75,75,75,75,75,75,75,75,75,75,75,75,75,75,75,75,75,75,75,75,75,75],"card_choices":[{"not_picked":["Terror","Slice"],"picked":"Deadly Poison","floor":1.0},{"not_picked":["Acrobatics","Backflip"],"picked":"Dodge and Roll","floor":4.0},{"not_picked":["Riddle With Holes","Deflect"],"picked":"Endless Agony","floor":5.0},{"not_picked":["Heel Hook","Riddle With Holes","Dagger Throw"],"picked":"Slice","floor":7.0},{"not_picked":["Dodge and Roll","Masterful Stab","Wraith Form v2"],"picked":"Footwork","floor":11.0},{"not_picked":["Terror","Reflex","Underhanded Strike"],"picked":"Acrobatics","floor":12.0},{"not_picked":["Blur","Riddle With Holes","PiercingWail"],"picked":"Dagger Throw","floor":14.0},{"not_picked":["Malaise","Bullet Time","Phantasmal Killer"],"picked":"Die Die Die","floor":16.0},{"not_picked":["Calculated Gamble"],"picked":"Deflect","floor":18.0},{"not_picked":["Heel Hook"],"picked":"Poisoned Stab","floor":19.0},{"not_picked":["Eviscerate"],"picked":"Deadly Poison","floor":22.0},{"not_picked":["Flying Knee+1"],"picked":"Crippling Poison","floor":24},{"not_picked":["Deflect"],"picked":"Blade Dance+1","floor":29},{"not_picked":["Tactician"],"picked":"Backflip","floor":30}],"player_experience":386195,"relics_obtained":[{"floor":6.0,"key":"Question Card"},{"floor":8.0,"key":"Bottled Lightning"},{"floor":9.0,"key":"Incense Burner"},{"floor":11.0,"key":"WingedGreaves"},{"floor":26,"key":"Gremlin Horn"},{"floor":27,"key":"Ninja Scroll"},{"floor":28,"key":"Paper Crane"},{"floor":32,"key":"Sundial"}],"event_choices":[{"event_name":"Scrap Ooze","player_choice":"success","floor":2.0,"damage_taken":7.0},{"event_name":"Match and Keep!","player_choice":"1 cards matched","floor":13.0,"damage_taken":0.0},{"event_name":"Drug Dealer","player_choice":"Inject Mutagens","floor":21.0,"damage_taken":0.0}],"is_beta":false,"boss_relics":[{"not_picked":["Empty Cage","Tiny House"],"picked":"Busted Crown"}],"items_purged_floors":[],"is_endless":false,"potions_floor_spawned":[1,4,11,14,16,19,29,30],"killed_by":"Champ","ascension_level":3}