{"gold_per_floor":[113,125,56,6,6,20,20,52,52,52,52],"floor_reached":11,"playtime":808,"items_purged":[],"score":89,"play_id":"c04689a7-5815-4b40-90e8-51d2de72c344","local_time":"20190130194029","is_ascension_mode":true,"campfire_choices":[{"data":"Storm of Steel","floor":7,"key":"SMITH"},{"floor":10,"key":"REST"}],"neow_cost":"TEN_PERCENT_HP_LOSS","seed_source_timestamp":522436170575431,"circlet_count":0,"master_deck":["Defend_G","Defend_G","Defend_G","Defend_G","Defend_G","Strike_G","Strike_G","Strike_G","Strike_G","Survivor","Neutralize","Storm of Steel+1","Backflip","All Out Attack","Accuracy","Regret","Flying Knee","Cloak And Dagger"],"relics":["Ring of the Snake","Meat on the Bone","Bag of Preparation","Pen Nib"],"potions_floor_usage":[8,11],"damage_taken":[{"damage":7,"enemies":"Small Slimes","floor":1,"turns":3},{"damage":1,"enemies":"Jaw Worm","floor":2,"turns":5},{"damage":5,"enemies":"Cultist","floor":6,"turns":5},{"damage":12,"enemies":"3 Sentries","floor":8,"turns":11},{"damage":66,"enemies":"Lagavulin","floor":11,"turns":12}],"seed_played":"-7872683000930232365","potions_obtained":[{"floor":2,"key":"GhostInAJar"},{"floor":6,"key":"Block Potion"}],"is_trial":false,"path_per_floor":["M","M","$","?","?","M","R","E","T","R","E"],"character_chosen":"THE_SILENT","items_purchased":["Accuracy"],"campfire_rested":1,"item_purchase_floors":[3],"current_hp_per_floor":[56,55,55,55,55,50,50,38,38,56,0],"gold":52,"neow_bonus":"THREE_RARE_CARDS","is_prod":false,"is_daily":false,"chose_seed":false,"campfire_upgraded":1,"win_rate":0,"timestamp":1548898829,"path_taken":["M","M","$","?","?","M","R","E","T","R","E"],"build_version":"2019-01-23","purchased_purges":0,"victory":false,"max_hp_per_floor":[63,63,63,63,63,63,63,63,63,63,63],"card_choices":[{"not_picked":["Grand Finale","Corpse Explosion"],"picked":"Storm of Steel","floor":0},{"not_picked":["Outmaneuver","Blur"],"picked":"Backflip","floor":1},{"not_picked":["Backstab","Dodge and Roll"],"picked":"All Out Attack","floor":2},{"not_picked":["Reflex","Underhanded Strike"],"picked":"Flying Knee","floor":6},{"not_picked":["Slice","Flechettes"],"picked":"Cloak And Dagger","floor":8}],"player_experience":746513,"relics_obtained":[{"floor":8,"key":"Bag of Preparation"},{"floor":9,"key":"Pen Nib"}],"event_choices":[{"cards_removed":["Strike_G"],"damage_healed":0,"gold_gain":0,"player_choice":"Card Removal","damage_taken":0,"max_hp_gain":0,"max_hp_loss":0,"event_name":"The Cleric","floor":4,"gold_loss":50},{"damage_healed":0,"gold_gain":0,"player_choice":"Box","damage_taken":0,"relics_obtained":["Meat on the Bone"],"max_hp_gain":0,"max_hp_loss":0,"event_name":"Big Fish","floor":5,"gold_loss":0,"cards_obtained":["Regret"]}],"is_beta":false,"boss_relics":[],"items_purged_floors":[],"is_endless":false,"potions_floor_spawned":[2,6],"killed_by":"Lagavulin","ascension_level":5}