{"gold_per_floor":[16,31,31,31,43,43,73,73,147,158,172,172,203,0,0,75,75,87,87,27,40,59,59,70,70,70,96,96,128,140,173,173,250,250,266,284,284,284,306,318,387,411,477,489,514,545,21,21,21,21],"floor_reached":51,"playtime":7104,"items_purged":["Writhe","Strike_R"],"score":1175,"play_id":"f29ca7a7-0c94-48ef-8cc8-7711711d75d3","local_time":"20180814221047","is_ascension_mode":true,"campfire_choices":[{"data":"Bash","floor":6,"key":"SMITH"},{"data":"Rampage","floor":8,"key":"SMITH"},{"data":"Clothesline","floor":12,"key":"SMITH"},{"data":"True Grit","floor":15,"key":"SMITH"},{"data":"Barricade","floor":23,"key":"SMITH"},{"data":"Uppercut","floor":25,"key":"SMITH"},{"data":"Shockwave","floor":32,"key":"SMITH"},{"data":"Whirlwind","floor":40,"key":"SMITH"},{"data":"Demon Form","floor":44,"key":"SMITH"},{"data":"Battle Trance","floor":49,"key":"SMITH"}],"neow_cost":"NO_GOLD","seed_source_timestamp":1931375099764661,"circlet_count":0,"master_deck":["Strike_R","Strike_R","Defend_R","Defend_R","Defend_R","Defend_R","Bash+1","AscendersBane","Rampage+1","Feel No Pain","Reaper","Ghostly Armor","Shockwave+1","Seeing Red","Clothesline+1","Impervious","True Grit+1","Barricade+1","Battle Trance+1","Metallicize","Pummel","Uppercut+1","Clumsy","Shrug It Off","RitualDagger","Exhume","Warcry","Anger","Demon Form+1","Disarm","Shrug It Off+1","Whirlwind+1","Impervious","Feel No Pain+1"],"relics":["Burning Blood","Art of War","The Courier","Bag of Marbles","Lee\u0027s Waffle","Cursed Key","Matryoshka","Bottled Lightning","Blue Candle","Kunai","Ancient Tea Set","Omamori","Sozu","MawBank","Tiny Chest","Lantern","Blood Vial","Mummified Hand","Letter Opener"],"potions_floor_usage":[13,16,27,27,33,36,50],"damage_taken":[{"damage":0,"enemies":"Small Slimes","floor":1,"turns":3},{"damage":1,"enemies":"Cultist","floor":2,"turns":4},{"damage":3,"enemies":"2 Louse","floor":5,"turns":4},{"damage":36,"enemies":"Lagavulin","floor":7,"turns":9},{"damage":8,"enemies":"Exordium Wildlife","floor":10,"turns":5},{"damage":1,"enemies":"Looter","floor":11,"turns":4},{"damage":22,"enemies":"3 Sentries","floor":13,"turns":11},{"damage":30,"enemies":"The Guardian","floor":16,"turns":13},{"damage":0,"enemies":"3 Byrds","floor":18,"turns":9},{"damage":14,"enemies":"Chosen","floor":21,"turns":5},{"damage":14,"enemies":"Centurion and Healer","floor":22,"turns":10},{"damage":22,"enemies":"Snake Plant","floor":24,"turns":7},{"damage":10,"enemies":"Gremlin Leader","floor":27,"turns":14},{"damage":23,"enemies":"Book of Stabbing","floor":29,"turns":8},{"damage":16,"enemies":"Chosen and Byrds","floor":30,"turns":11},{"damage":24,"enemies":"Slavers","floor":31,"turns":18},{"damage":67,"enemies":"Collector","floor":33,"turns":17},{"damage":9,"enemies":"3 Darklings","floor":35,"turns":8},{"damage":32,"enemies":"Flame Bruiser 1 Orb","floor":36,"turns":12},{"damage":32,"enemies":"Transient","floor":39,"turns":5},{"damage":56,"enemies":"Giant Head","floor":41,"turns":10},{"damage":22,"enemies":"3 Darklings","floor":42,"turns":6},{"damage":0,"enemies":"Maw","floor":45,"turns":11},{"damage":6,"enemies":"Sphere and 2 Shapes","floor":46,"turns":14},{"damage":18,"enemies":"Donu and Deca","floor":50,"turns":8}],"seed_played":"-8321833001573401613","potions_obtained":[{"floor":1,"key":"BloodPotion"},{"floor":10,"key":"SkillPotion"},{"floor":16,"key":"Regen Potion"},{"floor":24,"key":"SkillPotion"},{"floor":27,"key":"Explosive Potion"},{"floor":29,"key":"EssenceOfSteel"},{"floor":30,"key":"Weak Potion"},{"floor":33,"key":"Poison Potion"}],"is_trial":false,"path_per_floor":["M","M","?","?","M","R","E","R","T","M","M","R","E","$","R","B",null,"M","?","$","M","M","R","M","R","T","E","?","E","M","E","R","B",null,"M","M","?","?","M","R","E","M","T","R","M","M","$","?","R","B"],"character_chosen":"IRONCLAD","items_purchased":["Lee\u0027s Waffle","True Grit","Mummified Hand","Letter Opener"],"campfire_rested":0,"item_purchase_floors":[14,14,47,47],"current_hp_per_floor":[94,96,96,96,96,96,66,66,66,70,75,75,82,103,103,85,99,103,103,103,101,101,101,91,91,91,103,97,86,91,79,79,24,83,103,103,103,103,77,77,64,65,65,65,103,103,103,103,103,103],"gold":21,"neow_bonus":"TWENTY_PERCENT_HP_BONUS","is_prod":false,"is_daily":false,"chose_seed":false,"campfire_upgraded":10,"win_rate":0,"timestamp":1534309847,"path_taken":["M","M","?","?","M","R","E","R","T","M","M","R","E","?","R","BOSS","M","?","$","M","?","R","M","R","T","E","?","E","M","E","R","BOSS","M","?","?","?","M","R","E","M","T","R","?","?","$","?","R","BOSS"],"build_version":"2018-08-09","purchased_purges":2,"victory":true,"max_hp_per_floor":[96,96,96,96,96,96,96,96,96,96,96,96,96,103,103,103,103,103,103,103,103,103,103,103,103,103,103,103,103,103,103,103,103,103,103,103,103,103,103,103,103,103,103,103,103,103,103,103,103,103],"card_choices":[{"not_picked":["Thunderclap","True Grit"],"picked":"Rampage","floor":1},{"not_picked":["Iron Wave","Battle Trance"],"picked":"Feel No Pain","floor":2},{"not_picked":["Second Wind","Burning Pact"],"picked":"Ghostly Armor","floor":5},{"not_picked":["Cleave","Havoc"],"picked":"Shockwave","floor":7},{"not_picked":["Heavy Blade","Sword Boomerang"],"picked":"Seeing Red","floor":10},{"not_picked":["Twin Strike","Perfected Strike"],"picked":"Clothesline","floor":11},{"not_picked":["Body Slam","Thunderclap"],"picked":"Impervious","floor":13},{"not_picked":["Reaper","Limit Break"],"picked":"Barricade","floor":16},{"not_picked":["Wild Strike","Dropkick+1"],"picked":"Battle Trance","floor":18},{"not_picked":["Combust","Metallicize","Thunderclap+1"],"picked":"SKIP","floor":21},{"not_picked":["Combust","Thunderclap+1"],"picked":"Metallicize","floor":21},{"not_picked":["Havoc","Cleave"],"picked":"Pummel","floor":22},{"not_picked":["Blood for Blood","Iron Wave"],"picked":"Uppercut","floor":24},{"not_picked":["Double Tap","Iron Wave+1"],"picked":"Shrug It Off","floor":27},{"not_picked":["Second Wind","Immolate"],"picked":"Exhume","floor":29},{"not_picked":["Twin Strike+1","Cleave+1"],"picked":"Warcry","floor":30},{"not_picked":["Sword Boomerang","Thunderclap"],"picked":"Anger","floor":31},{"not_picked":["Fiend Fire","Dark Embrace"],"picked":"Demon Form","floor":33},{"not_picked":["Warcry+1","Intimidate"],"picked":"Disarm","floor":35},{"not_picked":["Clash","Armaments"],"picked":"Shrug It Off+1","floor":36},{"not_picked":["Wild Strike","Twin Strike"],"picked":"Whirlwind","floor":39},{"not_picked":["Hemokinesis","Flex","Evolve"],"picked":"SKIP","floor":41},{"not_picked":["Clash","Cleave","Iron Wave"],"picked":"SKIP","floor":42},{"not_picked":["Perfected Strike","Anger"],"picked":"Impervious","floor":45},{"not_picked":["Cleave","Clothesline"],"picked":"Feel No Pain+1","floor":46}],"player_experience":455889,"relics_obtained":[{"floor":7,"key":"Art of War"},{"floor":9,"key":"The Courier"},{"floor":13,"key":"Bag of Marbles"},{"floor":26,"key":"Bottled Lightning"},{"floor":26,"key":"Blue Candle"},{"floor":27,"key":"Kunai"},{"floor":29,"key":"Ancient Tea Set"},{"floor":31,"key":"Omamori"},{"floor":41,"key":"Tiny Chest"},{"floor":43,"key":"Lantern"},{"floor":43,"key":"Blood Vial"}],"event_choices":[{"event_name":"Transmorgrifier","player_choice":"Transform","floor":3,"damage_taken":0},{"event_name":"Liars Game","player_choice":"disagreed","floor":4,"damage_taken":0},{"event_name":"The Mausoleum","player_choice":"Yes","floor":19,"damage_taken":0},{"event_name":"Nest","player_choice":"Joined the Cult","floor":28,"damage_taken":0},{"event_name":"Falling","player_choice":"Removed Attack","floor":37,"damage_taken":0},{"event_name":"Accursed Blacksmith","player_choice":"Rummage","floor":38,"damage_taken":0},{"event_name":"The Lab","player_choice":"Got Potions","floor":48,"damage_taken":0}],"is_beta":false,"boss_relics":[{"not_picked":["Eternal Feather","Astrolabe"],"picked":"Cursed Key"},{"not_picked":["Coffee Dripper","Philosopher\u0027s Stone"],"picked":"Sozu"}],"items_purged_floors":[20,47],"is_endless":false,"potions_floor_spawned":[1,10,11,16,24,27,29,30,33,35,41],"ascension_level":13}