{"gold_per_floor":[111,13,29,29,42,42,67,82,82,7,27,55,66,77,77,181,181,192,192,56,56,5,39,39,53,53,53,69,104,104,119,119,217,217,237,254,129,143,156,184,34,109,109,134,134,134,66,66,66,66],"floor_reached":51,"playtime":3285,"items_purged":["Bash","Defend_R","Defend_R","Defend_R"],"score":855,"play_id":"38ce42ce-5c4e-415f-abf7-9a8a9ae29306","local_time":"20180720140205","is_ascension_mode":false,"campfire_choices":[{"data":"Sword Boomerang","floor":6,"key":"SMITH"},{"data":"Pommel Strike","floor":15,"key":"SMITH"},{"data":"Limit Break","floor":24,"key":"SMITH"},{"data":"Whirlwind","floor":27,"key":"SMITH"},{"data":"Pommel Strike","floor":32,"key":"SMITH"},{"data":"Brutality","floor":46,"key":"SMITH"},{"floor":49,"key":"REST"}],"neow_cost":"","seed_source_timestamp":392186304680209,"circlet_count":0,"master_deck":["Strike_R","Strike_R","Strike_R+1","Strike_R","Defend_R","Shrug It Off","Sword Boomerang+1","Pummel","Fiend Fire","Clash","Offering","Spot Weakness","Clash+1","Pommel Strike+1","Battle Trance","Limit Break+1","Heavy Blade+1","Spot Weakness","Whirlwind+1","Heavy Blade","Pommel Strike+1","Offering","Whirlwind+1","Brutality+1","Flex+1","Rupture+1","Rupture","Warcry+1","Spot Weakness","Combust+1","Seeing Red+1"],"relics":["Black Blood","Happy Flower","Nunchaku","Matryoshka","Bag of Preparation","Blood Vial","Lantern","Molten Egg 2","Whetstone","Ancient Tea Set","Lizard Tail","Darkstone Periapt","Question Card","Bottled Flame","Shuriken"],"potions_floor_usage":[50,50],"damage_taken":[{"damage":1,"enemies":"Cultist","floor":1,"turns":4},{"damage":1,"enemies":"Jaw Worm","floor":3,"turns":6},{"damage":0,"enemies":"2 Louse","floor":5,"turns":2},{"damage":22,"enemies":"Gremlin Nob","floor":7,"turns":4},{"damage":8,"enemies":"Exordium Thugs","floor":8,"turns":5},{"damage":5,"enemies":"Lots of Slimes","floor":11,"turns":4},{"damage":18,"enemies":"Lagavulin","floor":12,"turns":4},{"damage":0,"enemies":"Exordium Wildlife","floor":13,"turns":2},{"damage":0,"enemies":"Blue Slaver","floor":14,"turns":1},{"damage":5,"enemies":"Slime Boss","floor":16,"turns":4},{"damage":15,"enemies":"2 Thieves","floor":18,"turns":3},{"damage":45,"enemies":"Slavers","floor":23,"turns":4},{"damage":10,"enemies":"Shell Parasite","floor":25,"turns":2},{"damage":20,"enemies":"Centurion and Healer","floor":28,"turns":2},{"damage":0,"enemies":"Gremlin Leader","floor":29,"turns":3},{"damage":10,"enemies":"Snecko","floor":31,"turns":2},{"damage":39,"enemies":"Automaton","floor":33,"turns":6},{"damage":5,"enemies":"Flame Bruiser 1 Orb","floor":35,"turns":2},{"damage":6,"enemies":"Orb Walker","floor":36,"turns":2},{"damage":16,"enemies":"Spire Growth","floor":38,"turns":2},{"damage":5,"enemies":"Flame Bruiser 2 Orb","floor":39,"turns":2},{"damage":10,"enemies":"2 Orb Walkers","floor":40,"turns":1},{"damage":31,"enemies":"Giant Head","floor":44,"turns":5},{"damage":60,"enemies":"Donu and Deca","floor":50,"turns":3}],"seed_played":"-2315739188186123198","potions_obtained":[{"floor":3,"key":"PowerPotion"},{"floor":5,"key":"Regen Potion"},{"floor":7,"key":"BloodPotion"},{"floor":44,"key":"FearPotion"}],"is_trial":false,"path_per_floor":["M","$","M","?","M","R","E","M","T","$","M","E","M","M","R","B",null,"M","?","$","?","$","E","R","M","T","R","M","E","$","M","R","B",null,"M","M","$","M","M","E","$","?","T","E","?","R","$","?","R","B"],"character_chosen":"IRONCLAD","items_purchased":["Sword Boomerang","Offering","Whirlwind","Heavy Blade","Seeing Red"],"campfire_rested":1,"item_purchase_floors":[2,10,20,22,47],"current_hp_per_floor":[80,80,80,62,68,68,52,50,50,50,51,39,45,51,51,52,80,75,75,75,75,75,42,42,44,44,44,36,48,48,50,50,23,80,80,80,80,74,80,80,80,72,72,53,53,53,53,53,77,42],"gold":66,"neow_bonus":"","is_prod":false,"is_daily":false,"chose_seed":false,"campfire_upgraded":6,"win_rate":0,"timestamp":1532120525,"path_taken":["M","?","?","?","M","R","E","M","T","?","M","E","M","?","R","BOSS","M","?","$","?","?","E","R","M","T","R","?","E","$","M","R","BOSS","M","M","?","M","M","E","$","?","T","E","?","R","$","?","R","BOSS"],"build_version":"2018-07-19v2","purchased_purges":4,"victory":true,"max_hp_per_floor":[80,80,80,80,80,80,80,80,80,80,80,80,80,80,80,80,80,80,80,80,80,80,80,80,80,80,80,80,80,80,80,80,80,80,80,80,80,80,80,80,80,80,80,80,80,80,80,80,80,80],"card_choices":[{"not_picked":["Perfected Strike","Warcry"],"picked":"Shrug It Off","floor":1},{"not_picked":["Fire Breathing","Cleave"],"picked":"Pummel","floor":3},{"not_picked":["True Grit","Rupture"],"picked":"Fiend Fire","floor":5},{"not_picked":["Perfected Strike","Rupture"],"picked":"Clash","floor":7},{"not_picked":["Searing Blow","Cleave","Body Slam"],"picked":"SKIP","floor":8},{"not_picked":["Headbutt","Battle Trance"],"picked":"Spot Weakness","floor":11},{"not_picked":["Second Wind","Entrench"],"picked":"Clash","floor":12},{"not_picked":["Headbutt","Anger"],"picked":"Pommel Strike","floor":13},{"not_picked":["Anger","Blood for Blood"],"picked":"Battle Trance","floor":14},{"not_picked":["Barricade","Dark Embrace"],"picked":"Limit Break","floor":16},{"not_picked":["Shrug It Off+1","Anger"],"picked":"Heavy Blade+1","floor":18},{"not_picked":["Anger","Reckless Charge+1"],"picked":"Pommel Strike","floor":23},{"not_picked":["Feel No Pain","Flex"],"picked":"Offering","floor":25},{"not_picked":["Disarm+1","Cleave+1"],"picked":"Whirlwind+1","floor":28},{"not_picked":["Perfected Strike+1","Flex","Bloodletting+1"],"picked":"SKIP","floor":29},{"not_picked":["Sever Soul+1","Entrench","Heavy Blade+1"],"picked":"SKIP","floor":31},{"not_picked":["Impervious","Fiend Fire+1"],"picked":"Brutality","floor":33},{"not_picked":["Feel No Pain","Clash+1"],"picked":"Flex+1","floor":35},{"not_picked":["Clothesline+1","Second Wind"],"picked":"Rupture+1","floor":36},{"not_picked":["Battle Trance+1","True Grit"],"picked":"Rupture","floor":38},{"not_picked":["Perfected Strike+1","Anger+1"],"picked":"Warcry+1","floor":39},{"not_picked":["Clash+1","Clothesline+1"],"picked":"Spot Weakness","floor":40},{"not_picked":["Shrug It Off","True Grit+1","Iron Wave+1"],"picked":"Combust+1","floor":44}],"player_experience":29347,"relics_obtained":[{"floor":7,"key":"Nunchaku"},{"floor":9,"key":"Matryoshka"},{"floor":12,"key":"Bag of Preparation"},{"floor":23,"key":"Lantern"},{"floor":26,"key":"Molten Egg 2"},{"floor":26,"key":"Whetstone"},{"floor":29,"key":"Ancient Tea Set"},{"floor":40,"key":"Darkstone Periapt"},{"floor":43,"key":"Question Card"},{"floor":43,"key":"Bottled Flame"},{"floor":44,"key":"Shuriken"}],"event_choices":[{"event_name":"Scrap Ooze","player_choice":"success","floor":4,"damage_taken":18},{"event_name":"The Library","player_choice":"Read","floor":19,"damage_taken":0},{"event_name":"The Mausoleum","player_choice":"Yes","floor":21,"damage_taken":0},{"event_name":"FaceTrader","player_choice":"Touch","floor":42,"damage_taken":0},{"event_name":"Falling","player_choice":"Removed Attack","floor":45,"damage_taken":0},{"event_name":"Upgrade Shrine","player_choice":"Upgraded","floor":48,"damage_taken":0}],"is_beta":false,"boss_relics":[{"not_picked":["Runic Cube","White Beast Statue"],"picked":"Black Blood"},{"not_picked":["Orrery","Runic Dome"],"picked":"Lizard Tail"}],"items_purged_floors":[2,20,37,41],"is_endless":false,"potions_floor_spawned":[3,5,7,14,25,29,33,36,38,44],"ascension_level":0}