{"gold_per_floor":[118,118,118,118,134,162,162,186,209,9,42,56,74,93,93,198,198,216,235,235,249,17,17,116,130,130,130,130,164,164],"floor_reached":30,"playtime":1681,"items_purged":[],"score":283,"play_id":"e07032bb-1a71-4b7f-a25d-c98319094325","local_time":"20190408201648","is_ascension_mode":false,"campfire_choices":[{"data":"Loop","floor":7.0,"key":"SMITH"},{"floor":15.0,"key":"REST"},{"floor":23,"key":"REST"},{"floor":28,"key":"REST"}],"neow_cost":"NONE","seed_source_timestamp":0,"circlet_count":0,"master_deck":["Strike_B","Strike_B","Strike_B","Strike_B","Defend_B","Defend_B","Defend_B","Defend_B","Zap","Dualcast","Double Energy+1","Loop+1","Ball Lightning","Double Energy","Amplify","Ball Lightning","Double Energy+1","Ball Lightning","Static Discharge","Conserve Battery"],"special_seed":0,"relics":["Cracked Core","Letter Opener","Vajra","Ancient Tea Set","HandDrill","Regal Pillow","Black Star","ClockworkSouvenir","Bottled Lightning","PreservedInsect","Question Card"],"potions_floor_usage":[16,21,21,25,25,30],"damage_taken":[{"damage":0.0,"enemies":"Small Slimes","floor":1.0,"turns":2.0},{"damage":9.0,"enemies":"2 Louse","floor":5.0,"turns":4.0},{"damage":16.0,"enemies":"Lagavulin","floor":6.0,"turns":7.0},{"damage":29.0,"enemies":"3 Sentries","floor":11.0,"turns":7.0},{"damage":1.0,"enemies":"Jaw Worm","floor":12.0,"turns":3.0},{"damage":9.0,"enemies":"Exordium Wildlife","floor":13.0,"turns":3.0},{"damage":0.0,"enemies":"Large Slime","floor":14.0,"turns":4.0},{"damage":50,"enemies":"Hexaghost","floor":16,"turns":8},{"damage":17,"enemies":"Shell Parasite","floor":18,"turns":5},{"damage":25,"enemies":"2 Thieves","floor":19,"turns":3},{"damage":26,"enemies":"Snake Plant","floor":21,"turns":4},{"damage":32,"enemies":"Centurion and Healer","floor":25,"turns":5},{"damage":62,"enemies":"Slavers","floor":29,"turns":5},{"damage":5,"enemies":"Chosen and Byrds","floor":30,"turns":1}],"seed_played":"-4124004554956298885","potions_obtained":[{"floor":6.0,"key":"PowerPotion"},{"floor":11.0,"key":"Explosive Potion"},{"floor":13.0,"key":"Ancient Potion"},{"floor":16,"key":"Weak Potion"},{"floor":21,"key":"Fruit Juice"},{"floor":25,"key":"SteroidPotion"},{"floor":29,"key":"FocusPotion"}],"is_trial":false,"path_per_floor":["?","?","?","T","M","?","?","?","M"],"character_chosen":"DEFECT","items_purchased":["HandDrill","ClockworkSouvenir","Static Discharge"],"campfire_rested":3,"item_purchase_floors":[10,22,22],"current_hp_per_floor":[82,82,87,87,78,62,62,62,62,62,33,32,23,23,64,14,87,70,45,36,10,10,51,51,24,24,24,66,4,0],"gold":164,"neow_bonus":"TEN_PERCENT_HP_BONUS","is_prod":false,"is_daily":false,"chose_seed":false,"campfire_upgraded":1,"win_rate":0.0,"timestamp":1554765408,"path_taken":["M","?","?","?","M","E","R","?","T","$","E","?","M","M","R","BOSS","M","M","?","M","$","R","?","M","T","?","R","E","?"],"build_version":"2019-01-23","purchased_purges":0,"victory":false,"max_hp_per_floor":[82,82,87,87,87,87,87,87,87,87,87,87,87,87,87,87,87,87,87,87,87,87,87,87,92,92,92,92,92,92],"card_choices":[{"not_picked":["Sweeping Beam","White Noise"],"picked":"Double Energy","floor":1.0},{"not_picked":["Leap","Glacier"],"picked":"Loop","floor":5.0},{"not_picked":["Coolheaded","Chill","Barrage"],"picked":"SKIP","floor":6.0},{"not_picked":["Hologram","Beam Cell","Aggregate"],"picked":"SKIP","floor":11.0},{"not_picked":["Capacitor","Compile Driver"],"picked":"Ball Lightning","floor":12.0},{"not_picked":["Compile Driver","Coolheaded","Go for the Eyes"],"picked":"SKIP","floor":13.0},{"not_picked":["Hello World","Blizzard"],"picked":"Double Energy","floor":14.0},{"not_picked":["Seek","Meteor Strike"],"picked":"Amplify","floor":16},{"not_picked":["Steam Power+1","Compile Driver"],"picked":"Ball Lightning","floor":18},{"not_picked":["Coolheaded","Compile Driver"],"picked":"Double Energy+1","floor":19},{"not_picked":["Capacitor","Steam Power"],"picked":"Ball Lightning","floor":21},{"not_picked":["Stack","Static Discharge"],"picked":"Conserve Battery","floor":25},{"not_picked":["FTL","Fusion","Scrape"],"picked":"SKIP","floor":29}],"player_experience":18144,"relics_obtained":[{"floor":6.0,"key":"Letter Opener"},{"floor":8.0,"key":"Vajra"},{"floor":9.0,"key":"Ancient Tea Set"},{"floor":11.0,"key":"Regal Pillow"},{"floor":26,"key":"Bottled Lightning"},{"floor":29,"key":"PreservedInsect"},{"floor":29,"key":"Question Card"}],"event_choices":[{"damage_healed":0.0,"max_hp_gain":0.0,"max_hp_loss":0.0,"gold_gain":0.0,"event_name":"Living Wall","player_choice":"Grow","floor":2.0,"gold_loss":0.0,"damage_taken":0.0,"cards_upgraded":["Double Energy"]},{"damage_healed":0.0,"max_hp_gain":5.0,"max_hp_loss":0.0,"gold_gain":0.0,"event_name":"Big Fish","player_choice":"Donut","floor":3.0,"gold_loss":0.0,"damage_taken":0.0},{"damage_healed":0.0,"max_hp_gain":0.0,"max_hp_loss":0.0,"gold_gain":0.0,"event_name":"Golden Wing","player_choice":"Ignored","floor":4.0,"gold_loss":0.0,"damage_taken":0.0},{"damage_healed":0,"gold_gain":0,"player_choice":"Stopped","damage_taken":9,"max_hp_gain":0,"max_hp_loss":0,"event_name":"Cursed Tome","floor":20,"gold_loss":0},{"damage_healed":0,"gold_gain":99,"player_choice":"Stole From Cult","damage_taken":0,"max_hp_gain":0,"max_hp_loss":0,"event_name":"Nest","floor":24,"gold_loss":0},{"damage_healed":0,"gold_gain":0,"player_choice":"Ignored","damage_taken":0,"max_hp_gain":0,"max_hp_loss":0,"event_name":"NoteForYourself","floor":27,"gold_loss":0}],"is_beta":false,"boss_relics":[{"not_picked":["Philosopher\u0027s Stone","Nuclear Battery"],"picked":"Black Star"}],"items_purged_floors":[],"is_endless":false,"potions_floor_spawned":[6,11,13,16,21,25,29],"killed_by":"Chosen and Byrds","ascension_level":0}