{"gold_per_floor":[116,81,97,113,130,130,140,169,195,195,195,195,223,50,50,150,150,165,180,180,71,71,71,106,35,59,59,74,74,106,121,121,222,222,239,239,339,47,66,92,92,119,144,173,188,188,188,204,204,204,204,204,13,42,42],"floor_reached":56,"playtime":24583,"items_purged":["Strike_G","Strike_G","Strike_G"],"score":1885,"play_id":"389aa93f-eef9-4f5a-accf-9aaacd943c98","local_time":"20190316152605","is_ascension_mode":true,"campfire_choices":[{"data":"Footwork","floor":6.0,"key":"SMITH"},{"data":"Neutralize","floor":12.0,"key":"SMITH"},{"data":"Night Terror","floor":15.0,"key":"SMITH"},{"data":"Noxious Fumes","floor":23.0,"key":"SMITH"},{"data":"Calculated Gamble","floor":27.0,"key":"SMITH"},{"data":"PiercingWail","floor":29.0,"key":"SMITH"},{"data":"Adrenaline","floor":32.0,"key":"SMITH"},{"data":"Corpse Explosion","floor":41.0,"key":"SMITH"},{"floor":46.0,"key":"RECALL"},{"data":"Deadly Poison","floor":49,"key":"SMITH"},{"data":"Adrenaline","floor":52,"key":"SMITH"}],"neow_cost":"PERCENT_DAMAGE","seed_source_timestamp":0,"circlet_count":0,"master_deck":["AscendersBane","Defend_G","Defend_G","Defend_G+1","Defend_G","Defend_G+1","Survivor","Neutralize+1","Footwork+1","Dagger Throw","Slice","Flying Knee","PiercingWail","Night Terror+1","Dodge and Roll","A Thousand Cuts+1","PiercingWail+1","Flying Knee","Noxious Fumes+1","Calculated Gamble+1","Adrenaline+1","Backstab","Corpse Explosion+1","Acrobatics+1","Poisoned Stab","Prepared+1","Adrenaline+1","Deadly Poison+1"],"special_seed":0,"relics":["Ring of the Snake","Incense Burner","Orichalcum","Blood Vial","War Paint","Oddly Smooth Stone","Runic Pyramid","Strawberry","Blue Candle","Coffee Dripper","Mango","Membership Card","Ninja Scroll","Ice Cream","Centennial Puzzle","Regal Pillow","Bottled Tornado","Snake Skull"],"potions_floor_usage":[54,55],"damage_taken":[{"damage":0.0,"enemies":"2 Louse","floor":1.0,"turns":5.0},{"damage":1.0,"enemies":"Jaw Worm","floor":3.0,"turns":4.0},{"damage":1.0,"enemies":"Cultist","floor":4.0,"turns":6.0},{"damage":4.0,"enemies":"Exordium Thugs","floor":5.0,"turns":8.0},{"damage":1.0,"enemies":"Large Slime","floor":7.0,"turns":11.0},{"damage":15.0,"enemies":"Gremlin Nob","floor":8.0,"turns":5.0},{"damage":10.0,"enemies":"3 Sentries","floor":13.0,"turns":13.0},{"damage":1.0,"enemies":"The Guardian","floor":16.0,"turns":21.0},{"damage":1.0,"enemies":"Spheric Guardian","floor":18.0,"turns":10.0},{"damage":10.0,"enemies":"Chosen","floor":19.0,"turns":12.0},{"damage":2.0,"enemies":"Slavers","floor":24.0,"turns":6.0},{"damage":0.0,"enemies":"Snake Plant","floor":28.0,"turns":7.0},{"damage":22.0,"enemies":"Gremlin Leader","floor":30.0,"turns":9.0},{"damage":3.0,"enemies":"Sentry and Sphere","floor":31.0,"turns":6.0},{"damage":6.0,"enemies":"Collector","floor":33.0,"turns":13.0},{"damage":2.0,"enemies":"3 Darklings","floor":35.0,"turns":5.0},{"damage":0.0,"enemies":"Mind Bloom Boss Battle","floor":37.0,"turns":6.0},{"damage":0.0,"enemies":"Orb Walker","floor":39.0,"turns":5.0},{"damage":0.0,"enemies":"Nemesis","floor":40.0,"turns":11.0},{"damage":1.0,"enemies":"Giant Head","floor":42.0,"turns":9.0},{"damage":7.0,"enemies":"Reptomancer","floor":44.0,"turns":7.0},{"damage":0.0,"enemies":"Sphere and 2 Shapes","floor":45.0,"turns":6.0},{"damage":3,"enemies":"Spire Growth","floor":48,"turns":6},{"damage":2,"enemies":"Time Eater","floor":50,"turns":14},{"damage":16,"enemies":"Shield and Spear","floor":54,"turns":7},{"damage":52,"enemies":"The Heart","floor":55,"turns":13}],"seed_played":"5254859160117343032","potions_obtained":[{"floor":4.0,"key":"Block Potion"},{"floor":5.0,"key":"Explosive Potion"},{"floor":8.0,"key":"AttackPotion"},{"floor":16.0,"key":"SkillPotion"},{"floor":33.0,"key":"SteroidPotion"},{"floor":42.0,"key":"Ancient Potion"},{"floor":48,"key":"GhostInAJar"}],"is_trial":false,"path_per_floor":["M","?","M","M","M","R","M","E","T","?","?","R","E","$","R","B",null,"M","M","?","$","?","R","E","$","T","R","M","R","E","M","R","B",null,"M","?","?","$","M","E","R","E","T","E","M","R","?","M","R","B",null,"R","$","E","B",null],"character_chosen":"THE_SILENT","items_purchased":["Oddly Smooth Stone","Dodge and Roll","Noxious Fumes","Calculated Gamble","Membership Card","GhostInAJar","Bottled Tornado"],"campfire_rested":0,"item_purchase_floors":[14,14,21,25,38,38,53],"current_hp_per_floor":[45,62,61,60,56,56,55,40,40,45,45,45,37,37,37,38,66,67,59,59,59,59,59,66,66,66,66,68,68,48,47,47,43,72,72,72,88,88,90,92,92,93,93,88,90,90,90,89,89,89,94,94,94,80,30],"gold":42,"neow_bonus":"ONE_RARE_RELIC","is_prod":false,"is_daily":false,"chose_seed":false,"campfire_upgraded":10,"win_rate":0,"timestamp":1552764365,"path_taken":["M","?","M","M","M","R","M","E","T","?","?","R","E","$","R","BOSS","M","M","?","$","?","R","E","$","T","R","M","R","E","M","R","BOSS","M","?","?","?","M","E","R","E","T","E","M","R","?","M","R","BOSS","R","$","E","BOSS"],"build_version":"2019-01-23","purchased_purges":3,"victory":true,"max_hp_per_floor":[70,70,70,70,70,70,70,70,70,75,75,75,75,75,75,75,75,75,75,75,75,75,75,82,82,82,82,82,82,82,82,82,82,82,82,82,96,96,96,96,96,96,96,96,96,96,96,96,96,96,96,96,96,96,96],"card_choices":[{"not_picked":["Dagger Throw","Deflect"],"picked":"Footwork","floor":1.0},{"not_picked":["Eviscerate","Tools of the Trade"],"picked":"Dagger Throw","floor":3.0},{"not_picked":["Cloak And Dagger","Reflex"],"picked":"Slice","floor":4.0},{"not_picked":["Terror","Slice","Concentrate"],"picked":"SKIP","floor":5.0},{"not_picked":["Underhanded Strike","Slice"],"picked":"Flying Knee","floor":7.0},{"not_picked":["Blade Dance","Quick Slash"],"picked":"PiercingWail","floor":8.0},{"not_picked":["Concentrate","Poisoned Stab"],"picked":"Night Terror","floor":13.0},{"not_picked":["Wraith Form v2","Adrenaline"],"picked":"A Thousand Cuts","floor":16.0},{"not_picked":["Masterful Stab","Slice"],"picked":"PiercingWail","floor":18.0},{"not_picked":["Deflect","Backflip"],"picked":"Flying Knee","floor":19.0},{"not_picked":["Flechettes","Well Laid Plans","Cloak And Dagger"],"picked":"SKIP","floor":24.0},{"not_picked":["Bane","Deflect","Backflip"],"picked":"SKIP","floor":28.0},{"not_picked":["Cloak And Dagger+1","Die Die Die"],"picked":"Adrenaline","floor":30.0},{"not_picked":["Quick Slash+1","Deflect"],"picked":"Backstab","floor":31.0},{"not_picked":["Die Die Die","Night Terror"],"picked":"Corpse Explosion","floor":33.0},{"not_picked":["Backflip+1","Terror"],"picked":"Acrobatics+1","floor":35.0},{"not_picked":["Backstab","Acrobatics"],"picked":"Poisoned Stab","floor":37.0},{"not_picked":["Quick Slash","Terror"],"picked":"Prepared+1","floor":39.0},{"not_picked":["Flechettes","Dagger Spray"],"picked":"Adrenaline","floor":40.0},{"not_picked":["Dagger Throw","Slice"],"picked":"Deadly Poison","floor":42.0},{"not_picked":["Terror","Dagger Throw","Underhanded Strike+1"],"picked":"SKIP","floor":44.0},{"not_picked":["Riddle With Holes+1","Deflect","Blade Dance+1"],"picked":"SKIP","floor":45.0},{"not_picked":["Backflip","Riddle With Holes","Flechettes"],"picked":"SKIP","floor":48},{"not_picked":["Expertise","Cloak And Dagger","Poisoned Stab+1"],"picked":"SKIP","floor":54}],"player_experience":1896735,"relics_obtained":[{"floor":8.0,"key":"Orichalcum"},{"floor":9.0,"key":"Blood Vial"},{"floor":13.0,"key":"War Paint"},{"floor":24.0,"key":"Strawberry"},{"floor":30.0,"key":"Blue Candle"},{"floor":37.0,"key":"Mango"},{"floor":40.0,"key":"Ninja Scroll"},{"floor":42.0,"key":"Ice Cream"},{"floor":43.0,"key":"Centennial Puzzle"},{"floor":44.0,"key":"Regal Pillow"},{"floor":54,"key":"Snake Skull"}],"event_choices":[{"damage_healed":17.0,"max_hp_gain":0.0,"max_hp_loss":0.0,"gold_gain":0.0,"event_name":"The Cleric","player_choice":"Healed","floor":2.0,"gold_loss":35.0,"damage_taken":0.0},{"damage_healed":0.0,"max_hp_gain":5.0,"max_hp_loss":0.0,"gold_gain":0.0,"event_name":"Big Fish","player_choice":"Donut","floor":10.0,"gold_loss":0.0,"damage_taken":0.0},{"damage_healed":0.0,"max_hp_gain":0.0,"max_hp_loss":0.0,"gold_gain":0.0,"event_name":"The Woman in Blue","player_choice":"Bought 0 Potions","floor":11.0,"gold_loss":0.0,"damage_taken":0.0},{"damage_healed":0.0,"max_hp_gain":0.0,"max_hp_loss":0.0,"gold_gain":0.0,"event_name":"Upgrade Shrine","player_choice":"Upgraded","floor":20.0,"gold_loss":0.0,"damage_taken":0.0,"cards_upgraded":["A Thousand Cuts"]},{"cards_removed":["Strike_G"],"damage_healed":0.0,"max_hp_gain":0.0,"max_hp_loss":0.0,"gold_gain":0.0,"event_name":"Back to Basics","player_choice":"Elegance","floor":22.0,"gold_loss":0.0,"damage_taken":0.0},{"cards_removed":["Strike_G"],"damage_healed":0.0,"max_hp_gain":0.0,"max_hp_loss":0.0,"gold_gain":0.0,"event_name":"Falling","player_choice":"Removed Attack","floor":36.0,"gold_loss":0.0,"damage_taken":0.0},{"damage_healed":0.0,"max_hp_gain":0.0,"max_hp_loss":0.0,"gold_gain":0.0,"event_name":"MindBloom","player_choice":"Fight","floor":37.0,"gold_loss":0.0,"damage_taken":0.0},{"damage_healed":0.0,"max_hp_gain":0.0,"max_hp_loss":0.0,"gold_gain":0.0,"event_name":"Tomb of Lord Red Mask","player_choice":"Ignored","floor":47.0,"gold_loss":0.0,"damage_taken":0.0}],"is_beta":false,"boss_relics":[{"not_picked":["Pandora\u0027s Box","Black Star"],"picked":"Runic Pyramid"},{"not_picked":["Calling Bell","Lizard Tail"],"picked":"Coffee Dripper"}],"items_purged_floors":[21,38,53],"is_endless":false,"potions_floor_spawned":[4,5,8,16,19,28,33,37,39,42,45,48],"ascension_level":12}