{"gold_per_floor":[115,128,178,196,196,196,229,229,256,256,276,276,295,314,314,389,389,404,417,431,81,81,81,81,81,159,188,188,200,200,217,217,291,291,304,141,416,290,300,300,328,328],"floor_reached":42,"playtime":2017,"items_purged":["Strike_R","Regret"],"score":872,"play_id":"a75773b2-82fd-49e0-b69a-a7183855d9e5","local_time":"20190412210345","is_ascension_mode":true,"campfire_choices":[{"data":"Clothesline","floor":6.0,"key":"SMITH"},{"data":"Bash","floor":10.0,"key":"SMITH"},{"data":"True Grit","floor":12.0,"key":"SMITH"},{"data":"Evolve","floor":15.0,"key":"SMITH"},{"data":"Shockwave","floor":23.0,"key":"SMITH"},{"data":"Inflame","floor":25.0,"key":"SMITH"},{"floor":30.0,"key":"REST"},{"data":"Spot Weakness","floor":32.0,"key":"SMITH"},{"data":"Impervious","floor":40,"key":"SMITH"}],"neow_cost":"NONE","seed_source_timestamp":0,"circlet_count":0,"master_deck":["AscendersBane","Strike_R","Defend_R","Defend_R","Defend_R","Defend_R","Bash+1","Clothesline+1","Anger+1","True Grit+1","Whirlwind+1","Wild Strike","Evolve+1","Ghostly Armor","Reaper","Spot Weakness+1","Shockwave+1","Dark Embrace","Inflame+1","Shockwave","Offering","Carnage+1","Impervious+1","Clothesline","Power Through","Uppercut+1"],"special_seed":0,"relics":["Burning Blood","Whetstone","Anchor","Snecko Eye","Matryoshka","Self Forming Clay","Pear","Bottled Tornado","Coffee Dripper","PreservedInsect"],"potions_floor_usage":[],"damage_taken":[{"damage":14.0,"enemies":"Small Slimes","floor":1.0,"turns":5.0},{"damage":7.0,"enemies":"Cultist","floor":2.0,"turns":4.0},{"damage":7.0,"enemies":"2 Louse","floor":4.0,"turns":2.0},{"damage":24.0,"enemies":"Gremlin Nob","floor":7.0,"turns":4.0},{"damage":2.0,"enemies":"Exordium Thugs","floor":11.0,"turns":4.0},{"damage":4.0,"enemies":"Blue Slaver","floor":13.0,"turns":4.0},{"damage":0.0,"enemies":"3 Louse","floor":14.0,"turns":3.0},{"damage":47.0,"enemies":"Slime Boss","floor":16.0,"turns":11.0},{"damage":16.0,"enemies":"Shell Parasite","floor":18.0,"turns":5.0},{"damage":15.0,"enemies":"3 Byrds","floor":19.0,"turns":4.0},{"damage":11.0,"enemies":"Centurion and Healer","floor":20.0,"turns":6.0},{"damage":58.0,"enemies":"Book of Stabbing","floor":27.0,"turns":7.0},{"damage":27.0,"enemies":"Sentry and Sphere","floor":29.0,"turns":5.0},{"damage":0.0,"enemies":"3 Cultists","floor":31.0,"turns":3.0},{"damage":91.0,"enemies":"Collector","floor":33.0,"turns":12.0},{"damage":15,"enemies":"Orb Walker","floor":35,"turns":3},{"damage":9,"enemies":"3 Shapes","floor":39,"turns":3},{"damage":84,"enemies":"Giant Head","floor":41,"turns":9},{"damage":19,"enemies":"Spire Growth","floor":42,"turns":3}],"seed_played":"4753379399694098749","potions_obtained":[{"floor":0.0,"key":"Energy Potion"},{"floor":0.0,"key":"Fruit Juice"},{"floor":0.0,"key":"SmokeBomb"},{"floor":1.0,"key":"FearPotion"},{"floor":14.0,"key":"SpeedPotion"},{"floor":19.0,"key":"Energy Potion"},{"floor":31.0,"key":"SkillPotion"}],"is_trial":false,"path_per_floor":["M","M","?","M","?","R","E","?","T","R","M","R","M","M","R","B",null,"M","M","M","$","?","R","?","R","T","E","?","M","R","M","R","B",null,"M","$","?","$","M","R","E","M"],"character_chosen":"IRONCLAD","items_purchased":["Matryoshka","Impervious","Clothesline"],"campfire_rested":1,"item_purchase_floors":[21,36,38],"current_hp_per_floor":[65,64,64,63,68,68,50,50,50,50,54,54,56,62,62,21,69,65,61,73,73,73,73,73,73,83,46,46,31,59,95,95,62,87,78,78,78,78,95,95,17,0],"gold":328,"neow_bonus":"THREE_SMALL_POTIONS","is_prod":false,"is_daily":false,"chose_seed":false,"campfire_upgraded":8,"win_rate":0,"timestamp":1555128225,"path_taken":["M","M","?","?","?","R","E","?","T","R","M","R","M","M","R","BOSS","M","M","M","$","?","R","?","R","T","E","?","M","R","M","R","BOSS","M","$","?","$","M","R","E","?"],"build_version":"2019-01-23","purchased_purges":2,"victory":false,"max_hp_per_floor":[80,80,80,80,85,85,85,85,85,85,85,85,85,85,85,85,85,85,85,85,85,85,85,85,85,95,95,95,95,95,95,95,95,95,95,95,95,95,95,95,95,95],"card_choices":[{"not_picked":["Headbutt","Heavy Blade"],"picked":"Clothesline","floor":1.0},{"not_picked":["Perfected Strike","Dropkick"],"picked":"Anger","floor":2.0},{"not_picked":["Burning Pact","Wild Strike"],"picked":"True Grit","floor":4.0},{"not_picked":["Second Wind","Rampage"],"picked":"Whirlwind","floor":7.0},{"not_picked":["Sentinel","Pummel","Pommel Strike"],"picked":"SKIP","floor":11.0},{"not_picked":["Thunderclap","Heavy Blade"],"picked":"Evolve","floor":13.0},{"not_picked":["Twin Strike","Body Slam"],"picked":"Ghostly Armor","floor":14.0},{"not_picked":["Demon Form","Juggernaut"],"picked":"Reaper","floor":16.0},{"not_picked":["Whirlwind+1","Bloodletting","Havoc"],"picked":"SKIP","floor":18.0},{"not_picked":["Heavy Blade","Flex"],"picked":"Spot Weakness","floor":19.0},{"not_picked":["Entrench","Anger","Juggernaut"],"picked":"SKIP","floor":20.0},{"not_picked":["Feel No Pain","Headbutt","Spot Weakness+1"],"picked":"SKIP","floor":27.0},{"not_picked":["Armaments","Cleave","Havoc"],"picked":"SKIP","floor":29.0},{"not_picked":["Headbutt","Heavy Blade"],"picked":"Shockwave","floor":31.0},{"not_picked":["Brutality","Demon Form"],"picked":"Offering","floor":33.0},{"not_picked":["Perfected Strike","Heavy Blade"],"picked":"Carnage+1","floor":35},{"not_picked":["Infernal Blade","Second Wind"],"picked":"Power Through","floor":39},{"not_picked":["Sword Boomerang+1","Entrench"],"picked":"Uppercut+1","floor":41}],"player_experience":543717,"relics_obtained":[{"floor":7.0,"key":"Whetstone"},{"floor":9.0,"key":"Anchor"},{"floor":26.0,"key":"Self Forming Clay"},{"floor":26.0,"key":"Pear"},{"floor":27.0,"key":"Bottled Tornado"},{"floor":41,"key":"PreservedInsect"}],"event_choices":[{"damage_healed":0.0,"max_hp_gain":0.0,"max_hp_loss":0.0,"gold_gain":50.0,"event_name":"Golden Shrine","player_choice":"Pray","floor":3.0,"gold_loss":0.0,"damage_taken":0.0},{"damage_healed":0.0,"max_hp_gain":5.0,"max_hp_loss":0.0,"gold_gain":0.0,"event_name":"Big Fish","player_choice":"Donut","floor":5.0,"gold_loss":0.0,"damage_taken":0.0},{"damage_healed":0.0,"max_hp_gain":0.0,"max_hp_loss":0.0,"gold_gain":0.0,"cards_transformed":["Strike_R"],"event_name":"Transmorgrifier","player_choice":"Transformed","floor":8.0,"gold_loss":0.0,"damage_taken":0.0,"cards_obtained":["Wild Strike"]},{"damage_healed":0.0,"max_hp_gain":0.0,"max_hp_loss":0.0,"gold_gain":0.0,"event_name":"The Library","player_choice":"Read","floor":22.0,"gold_loss":0.0,"damage_taken":0.0,"cards_obtained":["Shockwave"]},{"damage_healed":0.0,"max_hp_gain":0.0,"max_hp_loss":0.0,"gold_gain":0.0,"cards_transformed":["Strike_R","Strike_R"],"event_name":"Drug Dealer","player_choice":"Became Test Subject","floor":24.0,"gold_loss":0.0,"damage_taken":0.0,"cards_obtained":["Dark Embrace","Inflame"]},{"damage_healed":0.0,"max_hp_gain":0.0,"max_hp_loss":0.0,"gold_gain":0.0,"event_name":"The Mausoleum","player_choice":"Ignored","floor":28.0,"gold_loss":0.0,"damage_taken":0.0},{"damage_healed":0,"gold_gain":275,"player_choice":"Desecrate","damage_taken":0,"max_hp_gain":0,"max_hp_loss":0,"event_name":"Golden Shrine","floor":37,"gold_loss":0,"cards_obtained":["Regret"]}],"is_beta":false,"boss_relics":[{"not_picked":["Lizard Tail","Pandora\u0027s Box"],"picked":"Snecko Eye"},{"not_picked":["Runic Dome","Orrery"],"picked":"Coffee Dripper"}],"items_purged_floors":[21,38],"is_endless":false,"potions_floor_spawned":[1,4,14,19,31],"killed_by":"Spire Growth","ascension_level":18}