{"gold_per_floor":[143,4,104,114,114,114,125,125,125,137,168,168,241,241,241,340,340,365,390,390,570,588,588,67,88,88,88],"floor_reached":27,"playtime":1978,"items_purged":["Strike_B"],"score":359,"play_id":"0c55e800-bc83-486c-a2f1-a27193e18683","local_time":"20180820114543","is_ascension_mode":true,"campfire_choices":[{"data":"All For One","floor":6.0,"key":"SMITH"},{"data":"Dualcast","floor":8.0,"key":"SMITH"},{"floor":12,"key":"REST"},{"data":"Doom and Gloom","floor":15,"key":"SMITH"},{"floor":23,"key":"REST"}],"neow_cost":"NONE","seed_source_timestamp":279152076780216,"circlet_count":0,"master_deck":["Strike_B","Strike_B+1","Strike_B","Defend_B","Defend_B","Defend_B","Defend_B","Zap+1","Dualcast+1","AscendersBane","Steam","All For One+1","Ball Lightning","Echo Form","Doom and Gloom+1","Chill","Seek","Cold Snap","Steam","Auto Shields","Panacea","Conserve Battery","Auto Shields"],"special_seed":0,"relics":["Cracked Core","Tiny Chest","Unceasing Top","Bag of Preparation","Darkstone Periapt","Golden Idol","Sozu","Orichalcum","Sling","Bottled Lightning"],"potions_floor_usage":[11,11,22],"damage_taken":[{"damage":7.0,"enemies":"Jaw Worm","floor":1.0,"turns":2.0},{"damage":0.0,"enemies":"Cultist","floor":4.0,"turns":3.0},{"damage":0.0,"enemies":"2 Louse","floor":7.0,"turns":2.0},{"damage":2.0,"enemies":"Looter","floor":10.0,"turns":3.0},{"damage":18,"enemies":"Gremlin Nob","floor":11,"turns":4},{"damage":31,"enemies":"Slime Boss","floor":16,"turns":7},{"damage":7,"enemies":"Chosen","floor":18,"turns":4},{"damage":1,"enemies":"Shell Parasite","floor":19,"turns":3},{"damage":15,"enemies":"Cultist and Chosen","floor":22,"turns":5},{"damage":1,"enemies":"Chosen and Byrds","floor":25,"turns":6},{"damage":27,"enemies":"Book of Stabbing","floor":27,"turns":4}],"seed_played":"-7650551086932062770","potions_obtained":[{"floor":1.0,"key":"Weak Potion"},{"floor":7.0,"key":"Poison Potion"},{"floor":16,"key":"Poison Potion"}],"is_trial":false,"path_per_floor":["M","$","?","M","?","R","M","R","T","M","E","R","T","?","R","B",null,"M","M","?","?","M","R","$","M","T"],"character_chosen":"DEFECT","items_purchased":["All For One","Orichalcum","Conserve Battery","Auto Shields","Sling"],"campfire_rested":2,"item_purchase_floors":[2,24,24,24,24],"current_hp_per_floor":[57,57,57,57,43,43,43,43,43,41,23,44,44,44,44,13,53,46,45,45,21,6,25,25,24,24,0],"gold":88,"neow_bonus":"RANDOM_COMMON_RELIC","is_prod":false,"is_daily":false,"chose_seed":false,"campfire_upgraded":3,"win_rate":0,"timestamp":1534790743,"path_taken":["M","$","?","M","?","R","M","R","T","M","E","R","?","?","R","BOSS","M","M","?","?","M","R","$","M","T","E"],"build_version":"2018-08-16","purchased_purges":1,"victory":false,"max_hp_per_floor":[71,71,71,71,71,71,71,71,71,71,71,71,71,66,66,66,66,66,66,66,66,66,66,66,66,66,66],"card_choices":[{"not_picked":["Scrape","Gash"],"picked":"Steam","floor":1.0},{"not_picked":["Rebound","Storm"],"picked":"Ball Lightning","floor":4.0},{"not_picked":["Beam Cell","Cold Snap"],"picked":"Echo Form","floor":7.0},{"not_picked":["Ball Lightning","Streamline"],"picked":"Doom and Gloom","floor":10.0},{"not_picked":["Cold Snap","Redo"],"picked":"Chill","floor":11},{"not_picked":["Meteor Strike","Biased Cognition"],"picked":"Seek","floor":16},{"not_picked":["Force Field","Rebound"],"picked":"Cold Snap","floor":18},{"not_picked":["Hologram","White Noise"],"picked":"Steam","floor":19},{"not_picked":["Cold Snap","Double Energy+1","Melter"],"picked":"SKIP","floor":22},{"not_picked":["Rebound","Darkness","Ball Lightning"],"picked":"SKIP","floor":25}],"player_experience":542350,"relics_obtained":[{"floor":9.0,"key":"Unceasing Top"},{"floor":11,"key":"Bag of Preparation"},{"floor":13,"key":"Darkstone Periapt"},{"floor":26,"key":"Bottled Lightning"}],"event_choices":[{"event_name":"Golden Shrine","player_choice":"Pray","floor":3.0,"damage_taken":0.0},{"event_name":"Shining Light","player_choice":"Entered Light","floor":5.0,"damage_taken":0.0},{"event_name":"Golden Idol","player_choice":"Lose Max HP","floor":14,"damage_taken":0},{"event_name":"Match and Keep!","player_choice":"1 cards matched","floor":20,"damage_taken":0},{"event_name":"Knowing Skull","player_choice":"GOLD CARD GOLD ","floor":21,"damage_taken":0}],"is_beta":false,"boss_relics":[{"not_picked":["Orrery","Runic Dome"],"picked":"Sozu"}],"items_purged_floors":[24],"is_endless":false,"potions_floor_spawned":[1,7,16],"killed_by":"Book of Stabbing","ascension_level":14}