{"gold_per_floor":[215,225,243,243,243,243,243,268,268,49,64,64,92,112,112,186,186,204,404,19,19,19,46,59,59,82,97,128,140,16,31,31,107,107,126,126,136,32,107,107,137,137,137,167,184,194,204,12,12,12,12,12,12,37,37],"floor_reached":56,"playtime":6681,"items_purged":["Strike_B","Strike_B","Strike_B"],"score":1899,"play_id":"385ba7e6-b89c-40c9-ae99-d21b156f15b0","local_time":"20190414224454","is_ascension_mode":true,"campfire_choices":[{"floor":6.0,"key":"REST"},{"data":"Defragment","floor":12.0,"key":"SMITH"},{"floor":15.0,"key":"REST"},{"data":"Go for the Eyes","floor":25,"key":"SMITH"},{"floor":32,"key":"REST"},{"data":"Defragment","floor":40,"key":"SMITH"},{"floor":42,"key":"REST"},{"floor":49,"key":"RECALL"},{"data":"Biased Cognition","floor":52,"key":"SMITH"}],"neow_cost":"NONE","seed_source_timestamp":151890425298705,"circlet_count":0,"master_deck":["AscendersBane","Strike_B","Defend_B","Defend_B","Defend_B+1","Defend_B","Zap+1","Dualcast+1","Ball Lightning","Compile Driver","Rebound","Defragment+1","FTL","Ball Lightning","Redo+1","Biased Cognition+1","Go for the Eyes+1","Hologram+1","Leap+1","Leap+1","Steam+1","Fusion+1","Reinforced Body+1","Coolheaded+1","Defragment+1","Biased Cognition","FTL","Cold Snap+1","Undo+1","Compile Driver+1","Cold Snap","Panacea+1","Hologram+1"],"special_seed":0,"relics":["Cracked Core","Ornamental Fan","Thread and Needle","Toxic Egg 2","Eternal Feather","Membership Card","Pear","Ginger","Blood Vial","Orichalcum","Dead Branch","OrangePellets","Busted Crown","Dodecahedron","Cables","Centennial Puzzle","Bottled Tornado","Pen Nib"],"potions_floor_usage":[23,23,23,55,55],"damage_taken":[{"damage":0.0,"enemies":"Cultist","floor":1.0,"turns":3.0},{"damage":4.0,"enemies":"Jaw Worm","floor":2.0,"turns":3.0},{"damage":11.0,"enemies":"2 Louse","floor":3.0,"turns":2.0},{"damage":17.0,"enemies":"3 Sentries","floor":8.0,"turns":5.0},{"damage":9.0,"enemies":"Large Slime","floor":11.0,"turns":3.0},{"damage":4.0,"enemies":"Lagavulin","floor":13.0,"turns":4.0},{"damage":2.0,"enemies":"Exordium Thugs","floor":14.0,"turns":3.0},{"damage":11.0,"enemies":"Slime Boss","floor":16.0,"turns":8.0},{"damage":28,"enemies":"2 Thieves","floor":18,"turns":4},{"damage":27,"enemies":"Book of Stabbing","floor":23,"turns":4},{"damage":1,"enemies":"Shell Parasite","floor":24,"turns":5},{"damage":5,"enemies":"Snake Plant","floor":27,"turns":3},{"damage":16,"enemies":"Gremlin Leader","floor":28,"turns":6},{"damage":6,"enemies":"Centurion and Healer","floor":29,"turns":6},{"damage":3,"enemies":"Cultist and Chosen","floor":31,"turns":4},{"damage":3,"enemies":"Champ","floor":33,"turns":11},{"damage":4,"enemies":"Orb Walker","floor":35,"turns":4},{"damage":25,"enemies":"3 Darklings","floor":37,"turns":6},{"damage":44,"enemies":"Reptomancer","floor":41,"turns":5},{"damage":0,"enemies":"Giant Head","floor":44,"turns":11},{"damage":0,"enemies":"Sphere and 2 Shapes","floor":45,"turns":6},{"damage":22,"enemies":"4 Shapes","floor":46,"turns":4},{"damage":0,"enemies":"Transient","floor":47,"turns":5},{"damage":27,"enemies":"Donu and Deca","floor":50,"turns":10},{"damage":58,"enemies":"Shield and Spear","floor":54,"turns":15},{"damage":10,"enemies":"The Heart","floor":55,"turns":12}],"seed_played":"6103212914068979275","potions_obtained":[{"floor":3.0,"key":"GamblersBrew"},{"floor":11.0,"key":"SteroidPotion"},{"floor":18,"key":"Energy Potion"},{"floor":22,"key":"EntropicBrew"},{"floor":24,"key":"Swift Potion"},{"floor":27,"key":"Dexterity Potion"},{"floor":33,"key":"LiquidBronze"},{"floor":35,"key":"Ancient Potion"}],"is_trial":false,"path_per_floor":["M","M","M","?","?","R","T","E","T","$","M","R","E","M","R","B",null,"M","?","$","?","?","E","M","R","T","M","E","M","$","M","R","B",null,"M","?","M","$","?","R","E","R","T","E","M","M","M","$","R","B",null,"R","$","E","B",null],"character_chosen":"DEFECT","items_purchased":["Defragment","FTL","Membership Card","Hologram+1","Pear","OrangePellets","Coolheaded+1","FTL","Panacea+1","Bottled Tornado","Hologram+1"],"campfire_rested":4,"item_purchase_floors":[10,10,20,20,20,30,30,38,48,48,48],"current_hp_per_floor":[64,60,49,35,35,56,56,39,39,39,30,30,26,24,45,34,62,34,34,44,44,44,29,30,42,42,39,25,21,21,20,59,58,75,73,73,50,50,42,57,15,54,54,56,58,38,40,40,58,33,69,81,81,23,15],"gold":37,"neow_bonus":"HUNDRED_GOLD","is_prod":false,"is_daily":false,"chose_seed":false,"campfire_upgraded":4,"win_rate":0,"timestamp":1555296294,"path_taken":["M","M","M","?","?","R","?","E","T","$","M","R","E","M","R","BOSS","M","?","?","?","?","E","M","R","T","M","E","M","$","M","R","BOSS","M","?","M","$","?","R","E","R","T","E","M","M","M","$","R","BOSS","R","$","E","BOSS"],"build_version":"2019-01-23","purchased_purges":3,"victory":true,"max_hp_per_floor":[71,71,71,71,71,71,71,71,71,71,71,71,71,71,71,71,71,71,71,81,81,81,81,81,81,81,81,81,81,81,81,81,81,81,81,81,81,81,81,81,81,81,81,81,81,81,81,81,81,81,81,81,81,81,81],"card_choices":[{"not_picked":["Gash","Leap"],"picked":"Ball Lightning","floor":1.0},{"not_picked":["Leap","Storm"],"picked":"Compile Driver","floor":2.0},{"not_picked":["Recycle","Barrage","Stack"],"picked":"SKIP","floor":3.0},{"not_picked":["Skim","Streamline"],"picked":"Rebound","floor":8.0},{"not_picked":["Fusion","Recycle","BootSequence"],"picked":"SKIP","floor":11.0},{"not_picked":["Fission","Recycle"],"picked":"Ball Lightning","floor":13.0},{"not_picked":["Stack+1","Barrage"],"picked":"Redo+1","floor":14.0},{"not_picked":["All For One","Thunder Strike"],"picked":"Biased Cognition","floor":16.0},{"not_picked":["Stack+1","Storm+1"],"picked":"Go for the Eyes","floor":18},{"not_picked":["Rebound","Blizzard"],"picked":"Leap+1","floor":23},{"not_picked":["Streamline","Sweeping Beam"],"picked":"Leap+1","floor":24},{"not_picked":["Heatsinks","Go for the Eyes"],"picked":"Steam+1","floor":27},{"not_picked":["Streamline","Scrape"],"picked":"Fusion+1","floor":28},{"not_picked":["Beam Cell","Consume+1"],"picked":"Reinforced Body+1","floor":29},{"not_picked":["Ball Lightning","Gash"],"picked":"Defragment","floor":31},{"not_picked":["Reboot+1","Thunder Strike"],"picked":"Biased Cognition","floor":33},{"not_picked":["Heatsinks"],"picked":"SKIP","floor":35},{"not_picked":["Streamline+1"],"picked":"SKIP","floor":37},{"not_picked":[],"picked":"Cold Snap+1","floor":41},{"not_picked":["Darkness+1"],"picked":"SKIP","floor":44},{"not_picked":[],"picked":"Undo+1","floor":45},{"not_picked":[],"picked":"Compile Driver+1","floor":46},{"not_picked":[],"picked":"Cold Snap","floor":47},{"not_picked":["Machine Learning"],"picked":"SKIP","floor":54}],"player_experience":2119944,"relics_obtained":[{"floor":8.0,"key":"Ornamental Fan"},{"floor":9.0,"key":"Thread and Needle"},{"floor":13.0,"key":"Toxic Egg 2"},{"floor":23,"key":"Blood Vial"},{"floor":26,"key":"Orichalcum"},{"floor":28,"key":"Dead Branch"},{"floor":41,"key":"Dodecahedron"},{"floor":43,"key":"Cables"},{"floor":44,"key":"Centennial Puzzle"},{"floor":54,"key":"Pen Nib"}],"event_choices":[{"damage_healed":0.0,"max_hp_gain":0.0,"max_hp_loss":0.0,"gold_gain":0.0,"event_name":"Shining Light","player_choice":"Entered Light","floor":4.0,"gold_loss":0.0,"damage_taken":14.0,"cards_upgraded":["Dualcast","Defend_B"]},{"damage_healed":0.0,"max_hp_gain":0.0,"max_hp_loss":0.0,"gold_gain":0.0,"event_name":"Living Wall","player_choice":"Grow","floor":5.0,"gold_loss":0.0,"damage_taken":0.0,"cards_upgraded":["Zap"]},{"damage_healed":0,"gold_gain":250,"player_choice":"Bet on Owner","damage_taken":0,"max_hp_gain":0,"max_hp_loss":0,"event_name":"The Joust","floor":19,"gold_loss":50},{"damage_healed":0,"gold_gain":0,"player_choice":"Opened","damage_taken":0,"relics_obtained":["Ginger"],"max_hp_gain":0,"max_hp_loss":0,"event_name":"The Mausoleum","floor":21,"gold_loss":0},{"damage_healed":0,"gold_gain":0,"player_choice":"Got Potions","damage_taken":0,"max_hp_gain":0,"max_hp_loss":0,"event_name":"Lab","floor":22,"gold_loss":0},{"damage_healed":0,"gold_gain":0,"player_choice":"Memory 1","damage_taken":0,"max_hp_gain":0,"max_hp_loss":0,"event_name":"SensoryStone","floor":36,"gold_loss":0},{"damage_healed":0,"gold_gain":75,"player_choice":"Touch","damage_taken":8,"max_hp_gain":0,"max_hp_loss":0,"event_name":"FaceTrader","floor":39,"gold_loss":0}],"is_beta":false,"boss_relics":[{"not_picked":["Runic Pyramid","White Beast Statue"],"picked":"Eternal Feather"},{"not_picked":["Calling Bell","Cursed Key"],"picked":"Busted Crown"}],"items_purged_floors":[10,20,38],"is_endless":false,"potions_floor_spawned":[3,11,13,18,24,27,33,35,37,47],"ascension_level":14}