{"gold_per_floor":[111,22,22,39,114,146,146,176,201,211,234,234],"floor_reached":12,"playtime":241,"items_purged":[],"score":205,"play_id":"e60686cf-0d61-4b26-9bf6-ef6faa7808bf","local_time":"20190409104510","is_ascension_mode":true,"campfire_choices":[],"neow_cost":"NONE","seed_source_timestamp":67852108501700,"circlet_count":0,"master_deck":["AscendersBane","Strike_B","Strike_B","Strike_B","Defend_B","Defend_B","Defend_B","Defend_B","Zap","Dualcast","Darkness","Defragment","Compile Driver","Leap","Defragment","Cold Snap","Cold Snap"],"special_seed":0,"relics":["Cracked Core","NeowsBlessing","Anchor","Ornamental Fan","Strawberry","Odd Mushroom"],"potions_floor_usage":[],"damage_taken":[{"damage":0.0,"enemies":"Small Slimes","floor":1.0,"turns":1.0},{"damage":0.0,"enemies":"Cultist","floor":4.0,"turns":1.0},{"damage":0.0,"enemies":"Lagavulin","floor":6.0,"turns":1.0},{"damage":41.0,"enemies":"3 Sentries","floor":8.0,"turns":6.0},{"damage":0.0,"enemies":"2 Louse","floor":10.0,"turns":3.0},{"damage":14.0,"enemies":"The Mushroom Lair","floor":11.0,"turns":5.0},{"damage":6,"enemies":"Exordium Thugs","floor":12,"turns":3}],"seed_played":"-7853387197187040351","potions_obtained":[{"floor":6.0,"key":"Energy Potion"}],"is_trial":false,"path_per_floor":["M","$","?","M","?","E","?","E","T","M","?","M"],"character_chosen":"DEFECT","items_purchased":["Defragment"],"campfire_rested":0,"item_purchase_floors":[2],"current_hp_per_floor":[64,64,64,64,53,53,53,12,19,19,5,0],"gold":234,"neow_bonus":"THREE_ENEMY_KILL","is_prod":false,"is_daily":false,"chose_seed":false,"campfire_upgraded":0,"win_rate":0,"timestamp":1554831910,"path_taken":["M","$","?","M","?","E","?","E","T","?","?","M"],"build_version":"2019-01-23","purchased_purges":0,"victory":false,"max_hp_per_floor":[71,71,71,71,71,71,71,71,78,78,78,78],"card_choices":[{"not_picked":["Steam","Sunder"],"picked":"Darkness","floor":1.0},{"not_picked":["Darkness","Force Field"],"picked":"Compile Driver","floor":4.0},{"not_picked":["Barrage","Reinforced Body","Stack"],"picked":"SKIP","floor":6.0},{"not_picked":["Streamline","Beam Cell"],"picked":"Defragment","floor":8.0},{"not_picked":["Static Discharge","Go for the Eyes"],"picked":"Cold Snap","floor":10.0},{"not_picked":["Hologram","Compile Driver"],"picked":"Cold Snap","floor":11.0}],"player_experience":498003,"relics_obtained":[{"floor":6.0,"key":"Anchor"},{"floor":8.0,"key":"Ornamental Fan"},{"floor":9.0,"key":"Strawberry"},{"floor":11.0,"key":"Odd Mushroom"}],"event_choices":[{"damage_healed":0.0,"max_hp_gain":0.0,"max_hp_loss":0.0,"gold_gain":0.0,"event_name":"Liars Game","player_choice":"Ignored","floor":3.0,"gold_loss":0.0,"damage_taken":0.0},{"damage_healed":0.0,"max_hp_gain":0.0,"max_hp_loss":0.0,"gold_gain":75.0,"event_name":"World of Goop","player_choice":"Gather Gold","floor":5.0,"gold_loss":0.0,"damage_taken":11.0},{"damage_healed":0.0,"max_hp_gain":0.0,"max_hp_loss":0.0,"gold_gain":0.0,"cards_transformed":["Strike_B"],"event_name":"Transmorgrifier","player_choice":"Transformed","floor":7.0,"gold_loss":0.0,"damage_taken":0.0,"cards_obtained":["Leap"]},{"damage_healed":0.0,"max_hp_gain":0.0,"max_hp_loss":0.0,"gold_gain":0.0,"event_name":"Mushrooms","player_choice":"Fought Mushrooms","floor":11.0,"gold_loss":0.0,"damage_taken":0.0}],"is_beta":false,"boss_relics":[],"items_purged_floors":[],"is_endless":false,"potions_floor_spawned":[6],"killed_by":"Exordium Thugs","ascension_level":17}