{"gold_per_floor":[115,133,133,133,143,178,178,178,178,201,201,221,264,3,3,3],"floor_reached":16,"playtime":1086,"items_purged":["Injury"],"score":215,"play_id":"9539c226-3d18-4f19-8f86-21fd08ee24a5","local_time":"20181227111928","is_ascension_mode":true,"campfire_choices":[{"data":"Bash","floor":7.0,"key":"SMITH"},{"data":"Barricade","floor":11.0,"key":"SMITH"},{"data":"Havoc","floor":15.0,"key":"SMITH"}],"neow_cost":"NONE","seed_source_timestamp":278397019952948,"circlet_count":0,"master_deck":["AscendersBane","Strike_R","Strike_R","Strike_R","Strike_R","Strike_R","Defend_R","Defend_R","Defend_R","Defend_R","Bash+1","Barricade+1","Pommel Strike","Reckless Charge","Iron Wave","Limit Break","Rampage","Havoc+1","Ghostly Armor"],"special_seed":0,"relics":["Burning Blood","Turnip","Meat on the Bone","Golden Idol","FossilizedHelix","StoneCalendar","Membership Card"],"potions_floor_usage":[],"damage_taken":[{"damage":11.0,"enemies":"Small Slimes","floor":1.0,"turns":4.0},{"damage":3.0,"enemies":"2 Louse","floor":2.0,"turns":4.0},{"damage":9.0,"enemies":"Jaw Worm","floor":5.0,"turns":4.0},{"damage":45.0,"enemies":"3 Sentries","floor":6.0,"turns":12.0},{"damage":1.0,"enemies":"Looter","floor":10.0,"turns":4.0},{"damage":5.0,"enemies":"Gremlin Gang","floor":12.0,"turns":5.0},{"damage":28.0,"enemies":"Lagavulin","floor":13.0,"turns":8.0},{"damage":34,"enemies":"The Guardian","floor":16,"turns":8}],"seed_played":"-1069055569060963900","potions_obtained":[{"floor":2.0,"key":"FairyPotion"},{"floor":10.0,"key":"Weak Potion"},{"floor":13.0,"key":"Ancient Potion"}],"is_trial":false,"path_per_floor":["M","M","?","?","M","E","R","?","T","M","R","M","E","$","R","B"],"character_chosen":"IRONCLAD","items_purchased":["Membership Card"],"campfire_rested":0,"item_purchase_floors":[14],"current_hp_per_floor":[63,66,48,48,45,13,13,13,13,30,30,43,33,33,33,0],"gold":3,"neow_bonus":"ONE_RANDOM_RARE_CARD","is_prod":false,"is_daily":false,"chose_seed":false,"campfire_upgraded":3,"win_rate":0,"timestamp":1545938368,"path_taken":["M","M","?","?","M","E","R","?","T","M","R","M","E","$","R","BOSS"],"build_version":"2018-12-20","purchased_purges":1,"victory":false,"max_hp_per_floor":[75,75,75,75,75,75,75,75,75,75,75,75,75,75,75,75],"card_choices":[{"not_picked":["Headbutt","Twin Strike"],"picked":"Pommel Strike","floor":1.0},{"not_picked":["Dual Wield","Entrench"],"picked":"Reckless Charge","floor":2.0},{"not_picked":["Body Slam","Armaments"],"picked":"Iron Wave","floor":5.0},{"not_picked":["Thunderclap","Armaments"],"picked":"Limit Break","floor":6.0},{"not_picked":["Body Slam","Thunderclap"],"picked":"Rampage","floor":10.0},{"not_picked":["Entrench","Wild Strike"],"picked":"Havoc","floor":12.0},{"not_picked":["Fire Breathing","Warcry"],"picked":"Ghostly Armor","floor":13.0}],"player_experience":727772,"relics_obtained":[{"floor":6.0,"key":"Meat on the Bone"},{"floor":9.0,"key":"FossilizedHelix"},{"floor":13.0,"key":"StoneCalendar"}],"event_choices":[{"damage_healed":0.0,"max_hp_gain":0.0,"max_hp_loss":0.0,"gold_gain":0.0,"event_name":"Scrap Ooze","player_choice":"Success","floor":3.0,"gold_loss":0.0,"damage_taken":18.0,"relics_obtained":["Turnip"]},{"damage_healed":0.0,"max_hp_gain":0.0,"max_hp_loss":0.0,"gold_gain":0.0,"event_name":"Shining Light","player_choice":"Ignored","floor":4.0,"gold_loss":0.0,"damage_taken":0.0},{"damage_healed":0.0,"max_hp_gain":0.0,"max_hp_loss":0.0,"gold_gain":0.0,"event_name":"Golden Idol","player_choice":"Take Wound","floor":8.0,"gold_loss":0.0,"damage_taken":0.0,"relics_obtained":["Golden Idol"],"cards_obtained":["Injury"]}],"is_beta":false,"boss_relics":[],"items_purged_floors":[14],"is_endless":false,"potions_floor_spawned":[2,10,13],"killed_by":"The Guardian","ascension_level":19}