{"gold_per_floor":[16,16,36,54,54,92,92,113,113,157,173,173,187,211,211,332,332,345,7,20,39,58,98,98,137,161,161,161,179,179,42,42,166,166,184,203,203,221,53,94,117,117,117,132,153,166,166,191,191,191],"floor_reached":50,"playtime":8119,"items_purged":["Strike_B","Strike_B"],"score":936,"play_id":"2666d3c2-d5d4-44d4-915d-010f4d75ad0a","local_time":"20180812135210","is_ascension_mode":true,"campfire_choices":[{"data":"Go for the Eyes","floor":7.0,"key":"SMITH"},{"data":"Zap","floor":12.0,"key":"SMITH"},{"data":"Capacitor","floor":15.0,"key":"SMITH"},{"data":"Doom and Gloom","floor":24.0,"key":"SMITH"},{"data":"Stack","floor":28.0,"key":"SMITH"},{"floor":30.0,"key":"REST"},{"data":"Machine Learning","floor":32.0,"key":"SMITH"},{"floor":47,"key":"REST"},{"floor":49,"key":"REST"}],"neow_cost":"NO_GOLD","seed_source_timestamp":0,"circlet_count":0,"master_deck":["Strike_B","Strike_B","Defend_B","Defend_B","Defend_B","Defend_B","Zap+1","Dualcast","AscendersBane","Go for the Eyes+1","Chill","Doom and Gloom+1","Reinforced Body+1","FTL","Leap","Steam+1","Capacitor+1","Cold Snap","Rainbow+1","Sweeping Beam","Ball Lightning","Stack+1","White Noise","Machine Learning+1","Barrage","FTL","Recycle"],"special_seed":0,"relics":["Cracked Core","Bird Faced Urn","GremlinMask","Golden Idol","Bronze Scales","Oddly Smooth Stone","Mercury Hourglass","Busted Crown","Bag of Preparation","Gambling Chip","Orichalcum","War Paint","Nuclear Battery","Bag of Marbles","Cables"],"potions_floor_usage":[38,40,42,42,50],"damage_taken":[{"damage":1.0,"enemies":"2 Louse","floor":1.0,"turns":3.0},{"damage":0.0,"enemies":"Cultist","floor":3.0,"turns":3.0},{"damage":0.0,"enemies":"Small Slimes","floor":4.0,"turns":2.0},{"damage":16.0,"enemies":"Lagavulin","floor":6.0,"turns":6.0},{"damage":1.0,"enemies":"2 Fungi Beasts","floor":8.0,"turns":2.0},{"damage":24.0,"enemies":"Gremlin Nob","floor":10.0,"turns":5.0},{"damage":0.0,"enemies":"Large Slime","floor":11.0,"turns":5.0},{"damage":0.0,"enemies":"Lots of Slimes","floor":13.0,"turns":1.0},{"damage":0.0,"enemies":"Exordium Wildlife","floor":14.0,"turns":3.0},{"damage":14.0,"enemies":"Hexaghost","floor":16.0,"turns":9.0},{"damage":1.0,"enemies":"2 Thieves","floor":18.0,"turns":4.0},{"damage":0.0,"enemies":"Spheric Guardian","floor":20.0,"turns":3.0},{"damage":4.0,"enemies":"3 Cultists","floor":21.0,"turns":3.0},{"damage":4.0,"enemies":"Sentry and Sphere","floor":22.0,"turns":6.0},{"damage":9.0,"enemies":"Book of Stabbing","floor":23.0,"turns":6.0},{"damage":17.0,"enemies":"Slavers","floor":25.0,"turns":4.0},{"damage":8.0,"enemies":"Centurion and Healer","floor":29.0,"turns":9.0},{"damage":11.0,"enemies":"Champ","floor":33.0,"turns":24.0},{"damage":7,"enemies":"Flame Bruiser 1 Orb","floor":35,"turns":5},{"damage":4,"enemies":"Orb Walker","floor":36,"turns":4},{"damage":0,"enemies":"Sphere and 2 Shapes","floor":38,"turns":4},{"damage":45,"enemies":"2 Orb Walkers","floor":40,"turns":6},{"damage":3,"enemies":"Maw","floor":41,"turns":7},{"damage":0,"enemies":"Giant Head","floor":42,"turns":4},{"damage":24,"enemies":"3 Darklings","floor":44,"turns":4},{"damage":13,"enemies":"Spire Growth","floor":45,"turns":6},{"damage":9,"enemies":"Flame Bruiser 2 Orb","floor":46,"turns":7},{"damage":12,"enemies":"Maw","floor":48,"turns":7},{"damage":81,"enemies":"Time Eater","floor":50,"turns":7}],"seed_played":"7226738657524935044","potions_obtained":[{"floor":1.0,"key":"Swift Potion"},{"floor":6.0,"key":"AttackPotion"},{"floor":8.0,"key":"Fruit Juice"},{"floor":13.0,"key":"Explosive Potion"},{"floor":14.0,"key":"SpeedPotion"},{"floor":21.0,"key":"EssenceOfSteel"},{"floor":22.0,"key":"SteroidPotion"},{"floor":25.0,"key":"Fruit Juice"},{"floor":29.0,"key":"SmokeBomb"},{"floor":35,"key":"Fire Potion"},{"floor":38,"key":"LiquidBronze"},{"floor":41,"key":"Fruit Juice"},{"floor":45,"key":"AttackPotion"}],"is_trial":false,"path_per_floor":["M","?","M","M","?","E","R","M","T","E","M","R","M","M","R","B",null,"M","$","M","M","M","E","R","E","T","?","R","M","R","$","R","B",null,"M","M","?","M","$","E","M","E","T","M","M","M","R","M","R"],"character_chosen":"DEFECT","items_purchased":["Bag of Preparation","Ball Lightning","FocusPotion","Machine Learning","FTL"],"campfire_rested":3,"item_purchase_floors":[19,19,19,31,39],"current_hp_per_floor":[67,67,67,67,67,51,51,50,50,31,31,31,31,33,33,21,61,62,62,62,60,58,51,51,36,36,36,36,35,58,58,58,60,74,72,74,74,79,79,38,41,52,52,34,27,24,49,43,68,0],"gold":191,"neow_bonus":"ONE_RARE_RELIC","is_prod":false,"is_daily":false,"chose_seed":false,"campfire_upgraded":6,"win_rate":0,"timestamp":1534107130,"path_taken":["M","?","M","M","?","E","R","M","T","E","?","R","?","M","R","BOSS","M","$","M","M","M","E","R","E","T","?","R","M","R","$","R","BOSS","M","M","?","M","$","E","?","E","T","M","M","M","R","M","R","BOSS"],"build_version":"2018-08-09","purchased_purges":2,"victory":false,"max_hp_per_floor":[75,75,75,75,69,69,69,69,69,74,74,74,74,74,74,74,74,74,74,74,74,74,74,74,74,74,74,74,79,79,79,79,79,79,79,79,79,79,79,79,79,84,84,84,84,84,84,84,84,84],"card_choices":[{"not_picked":["Heatsinks","Streamline"],"picked":"Go for the Eyes","floor":1.0},{"not_picked":["Coolheaded","Scrape"],"picked":"Chill","floor":3.0},{"not_picked":["Stack","Skim"],"picked":"Doom and Gloom","floor":4.0},{"not_picked":["Rebound","Sweeping Beam"],"picked":"Reinforced Body","floor":6.0},{"not_picked":["Beam Cell","Go for the Eyes"],"picked":"FTL","floor":8.0},{"not_picked":["Barrage","Leap","Multi-Cast"],"picked":"SKIP","floor":10.0},{"not_picked":["Barrage","Multi-Cast"],"picked":"Leap","floor":10.0},{"not_picked":["Rip and Tear","Barrage"],"picked":"Steam","floor":11.0},{"not_picked":["Storm","Streamline"],"picked":"Capacitor","floor":13.0},{"not_picked":["Scrape","Stack"],"picked":"Cold Snap","floor":14.0},{"not_picked":["Buffer","Hyperbeam"],"picked":"Rainbow","floor":16.0},{"not_picked":[],"picked":"Sweeping Beam","floor":18.0},{"not_picked":["Sweeping Beam"],"picked":"SKIP","floor":20.0},{"not_picked":[],"picked":"Stack","floor":21.0},{"not_picked":["Go for the Eyes"],"picked":"SKIP","floor":22.0},{"not_picked":["Rip and Tear"],"picked":"SKIP","floor":23.0},{"not_picked":["Leap"],"picked":"SKIP","floor":25.0},{"not_picked":[],"picked":"White Noise","floor":29.0},{"not_picked":["Ball Lightning"],"picked":"SKIP","floor":35},{"not_picked":["Chill"],"picked":"SKIP","floor":36},{"not_picked":[],"picked":"Barrage","floor":38},{"not_picked":[],"picked":"Recycle","floor":40},{"not_picked":["Ball Lightning"],"picked":"SKIP","floor":41},{"not_picked":["Gash+1"],"picked":"SKIP","floor":44},{"not_picked":["Redo+1"],"picked":"SKIP","floor":45},{"not_picked":["Steam Power"],"picked":"SKIP","floor":46},{"not_picked":["Ball Lightning+1"],"picked":"SKIP","floor":48}],"player_experience":436985,"relics_obtained":[{"floor":6.0,"key":"Bronze Scales"},{"floor":9.0,"key":"Oddly Smooth Stone"},{"floor":10.0,"key":"Mercury Hourglass"},{"floor":23.0,"key":"Gambling Chip"},{"floor":25.0,"key":"Orichalcum"},{"floor":26.0,"key":"War Paint"},{"floor":40,"key":"Bag of Marbles"},{"floor":43,"key":"Cables"}],"event_choices":[{"event_name":"FaceTrader","player_choice":"Trade","floor":2.0,"damage_taken":0.0},{"event_name":"Golden Idol","player_choice":"Lose Max HP","floor":5.0,"damage_taken":0.0},{"event_name":"Upgrade Shrine","player_choice":"Upgraded","floor":27.0,"damage_taken":0.0},{"event_name":"Tomb of Lord Red Mask","player_choice":"Ignored","floor":37,"damage_taken":0}],"is_beta":false,"boss_relics":[{"not_picked":["Snecko Eye","Runic Pyramid"],"picked":"Busted Crown"},{"not_picked":["Lizard Tail","Pandora\u0027s Box"],"picked":"Nuclear Battery"}],"items_purged_floors":[19,39],"is_endless":false,"potions_floor_spawned":[1,6,8,13,14,21,22,25,29,35,38,41,42,45],"killed_by":"Time Eater","ascension_level":12}