{"gold_per_floor":[110,123,123,123,133,167,167,197,197,197,217,217,228,228,228,305,305,325,345,345,361,381],"floor_reached":22,"playtime":2438,"items_purged":[],"score":396,"play_id":"03a4107a-cfd0-46b3-aedf-1cdc01a834ad","local_time":"20190405234050","is_ascension_mode":true,"campfire_choices":[{"floor":7.0,"key":"REST"},{"floor":10.0,"key":"REST"},{"data":"Bash","floor":12.0,"key":"SMITH"},{"data":"Clothesline","floor":15.0,"key":"SMITH"}],"neow_cost":"NONE","seed_source_timestamp":0,"circlet_count":0,"master_deck":["AscendersBane","Strike_R","Strike_R","Strike_R","Strike_R","Defend_R","Defend_R","Defend_R","Defend_R+1","Bash+1","Clothesline","Shrug It Off+1","Clothesline+1","Metallicize","Pummel","Rampage","Battle Trance","Rage","Reckless Charge","Reaper","Shrug It Off","Pommel Strike","Limit Break","Anger+1","Sever Soul"],"special_seed":0,"relics":["Burning Blood","Regal Pillow","Mercury Hourglass","War Paint","Dream Catcher","Runic Dome"],"potions_floor_usage":[],"damage_taken":[{"damage":12.0,"enemies":"Jaw Worm","floor":1.0,"turns":3.0},{"damage":4.0,"enemies":"Small Slimes","floor":2.0,"turns":3.0},{"damage":13.0,"enemies":"2 Louse","floor":5.0,"turns":2.0},{"damage":35.0,"enemies":"Gremlin Nob","floor":6.0,"turns":5.0},{"damage":40.0,"enemies":"Lagavulin","floor":8.0,"turns":9.0},{"damage":8.0,"enemies":"Lots of Slimes","floor":11.0,"turns":3.0},{"damage":11.0,"enemies":"Looter","floor":13.0,"turns":2.0},{"damage":1.0,"enemies":"Slime Boss","floor":16.0,"turns":8.0},{"damage":15.0,"enemies":"Shell Parasite","floor":18.0,"turns":5.0},{"damage":16.0,"enemies":"2 Thieves","floor":19.0,"turns":5.0},{"damage":34.0,"enemies":"Shelled Parasite and Fungi","floor":21.0,"turns":6.0},{"damage":21,"enemies":"Snake Plant","floor":22,"turns":5}],"seed_played":"3460433242969169693","potions_obtained":[{"floor":0.0,"key":"Strength Potion"},{"floor":0.0,"key":"EssenceOfSteel"},{"floor":8.0,"key":"AttackPotion"},{"floor":11.0,"key":"Explosive Potion"},{"floor":18.0,"key":"SmokeBomb"},{"floor":21,"key":"SmokeBomb"},{"floor":22,"key":"EntropicBrew"}],"is_trial":false,"path_per_floor":["M","M","?","?","M","E","R","E","T","R","M","R","M","?","R","B",null,"M","M","?","M","M"],"character_chosen":"IRONCLAD","items_purchased":[],"campfire_rested":2,"item_purchase_floors":[],"current_hp_per_floor":[62,64,46,46,39,10,47,13,13,50,48,48,43,43,43,48,68,59,53,53,25,10],"gold":381,"neow_bonus":"THREE_SMALL_POTIONS","is_prod":false,"is_daily":false,"chose_seed":false,"campfire_upgraded":2,"win_rate":0,"timestamp":1554522050,"path_taken":["M","M","?","?","M","E","R","E","T","R","M","R","M","?","R","BOSS","M","?","?","?","M"],"build_version":"2019-01-23","purchased_purges":0,"victory":false,"max_hp_per_floor":[75,75,75,75,75,75,75,75,75,75,75,75,75,75,75,75,75,75,75,75,75,75],"card_choices":[{"not_picked":["Blood for Blood","Warcry"],"picked":"Clothesline","floor":1.0},{"not_picked":["Headbutt","Wild Strike"],"picked":"Shrug It Off","floor":2.0},{"not_picked":["Combust","Havoc"],"picked":"Clothesline","floor":5.0},{"not_picked":["Headbutt","Havoc"],"picked":"Metallicize","floor":6.0},{"not_picked":["Blood for Blood","Berserk"],"picked":"Pummel","floor":8.0},{"not_picked":["Shockwave","Shrug It Off"],"picked":"Rampage","floor":10.0},{"not_picked":["Fire Breathing","Dual Wield"],"picked":"Battle Trance","floor":11.0},{"not_picked":["Sword Boomerang","Armaments"],"picked":"Rage","floor":13.0},{"not_picked":["Fiend Fire","Double Tap"],"picked":"Reaper","floor":16.0},{"not_picked":["Heavy Blade","Havoc"],"picked":"Shrug It Off","floor":18.0},{"not_picked":["Sentinel","Clash"],"picked":"Pommel Strike","floor":19.0},{"not_picked":["True Grit","Flex"],"picked":"Anger+1","floor":21},{"not_picked":["Infernal Blade","Warcry"],"picked":"Sever Soul","floor":22}],"player_experience":816537,"relics_obtained":[{"floor":6.0,"key":"Mercury Hourglass"},{"floor":8.0,"key":"War Paint"},{"floor":9.0,"key":"Dream Catcher"}],"event_choices":[{"damage_healed":0.0,"max_hp_gain":0.0,"max_hp_loss":0.0,"gold_gain":0.0,"event_name":"Scrap Ooze","player_choice":"Success","floor":3.0,"gold_loss":0.0,"damage_taken":18.0,"relics_obtained":["Regal Pillow"]},{"damage_healed":0.0,"max_hp_gain":0.0,"max_hp_loss":0.0,"gold_gain":0.0,"event_name":"Liars Game","player_choice":"Ignored","floor":4.0,"gold_loss":0.0,"damage_taken":0.0},{"damage_healed":0.0,"max_hp_gain":0.0,"max_hp_loss":0.0,"gold_gain":0.0,"cards_transformed":["Strike_R"],"event_name":"Transmorgrifier","player_choice":"Transformed","floor":14.0,"gold_loss":0.0,"damage_taken":0.0,"cards_obtained":["Reckless Charge"]},{"damage_healed":0.0,"max_hp_gain":0.0,"max_hp_loss":0.0,"gold_gain":0.0,"event_name":"Match and Keep!","player_choice":"1 cards matched","floor":20.0,"gold_loss":0.0,"damage_taken":0.0,"cards_obtained":["Limit Break"]}],"is_beta":false,"boss_relics":[{"not_picked":["Calling Bell","Orrery"],"picked":"Runic Dome"}],"items_purged_floors":[],"is_endless":false,"potions_floor_spawned":[5,8,11,18,21,22],"killed_by":"Snake Plant","ascension_level":20}