{"gold_per_floor":[166,116,116,116,133,159,188,200,263,275,305,337,349,361,373,490,502,534,546,558,13,23,58,58],"floor_reached":24,"playtime":777,"items_purged":[],"score":268,"play_id":"d9ee9de8-7f4d-4023-a81d-71e7fecc5cc8","local_time":"20190413123238","is_ascension_mode":true,"campfire_choices":[{"floor":8,"key":"REST"},{"data":"Accuracy","floor":10,"key":"SMITH"},{"floor":13,"key":"REST"},{"data":"Envenom","floor":15,"key":"SMITH"}],"neow_cost":"NONE","seed_source_timestamp":61445546870289,"circlet_count":0,"master_deck":["Defend_G","Defend_G+1","Defend_G","Defend_G","Defend_G","Strike_G","Strike_G","Strike_G+1","Strike_G+1","Survivor","Neutralize+1","Outmaneuver","Deadly Poison+1","Sucker Punch","Envenom+1","Neutralize","Poisoned Stab","Blade Dance","Accuracy+1","Deadly Poison","Dodge and Roll","Regret","A Thousand Cuts","Dodge and Roll","Finesse","Deadly Poison","Die Die Die"],"relics":["Tiny House","MawBank","Whetstone","Mercury Hourglass","WristBlade","TwistedFunnel","Bottled Tornado","The Courier"],"potions_floor_usage":[16,18,18],"damage_taken":[{"damage":1,"enemies":"2 Louse","floor":1,"turns":6},{"damage":0,"enemies":"Small Slimes","floor":5,"turns":3},{"damage":23,"enemies":"3 Sentries","floor":6,"turns":8},{"damage":4,"enemies":"Cultist","floor":7,"turns":3},{"damage":16,"enemies":"Blue Slaver","floor":11,"turns":5},{"damage":14,"enemies":"3 Louse","floor":12,"turns":4},{"damage":10,"enemies":"The Guardian","floor":16,"turns":9},{"damage":26,"enemies":"Spheric Guardian","floor":18,"turns":5},{"damage":17,"enemies":"Shell Parasite","floor":22,"turns":5},{"damage":19,"enemies":"Gremlin Leader","floor":23,"turns":5},{"damage":8,"enemies":"Sentry and Sphere","floor":24,"turns":3}],"seed_played":"-6046840430593946936","potions_obtained":[{"floor":0,"key":"SneckoOil"},{"floor":5,"key":"Fire Potion"},{"floor":7,"key":"Regen Potion"},{"floor":16,"key":"AttackPotion"},{"floor":23,"key":"Strength Potion"}],"is_trial":false,"path_per_floor":["M","?","?","?","M","E","M","R","T","R","M","M","R","?","R","B",null,"M","?","?","$","M","E","M"],"character_chosen":"THE_SILENT","items_purchased":["TwistedFunnel","Bottled Tornado","Finesse"],"campfire_rested":2,"item_purchase_floors":[21,21,21],"current_hp_per_floor":[74,74,59,59,59,36,32,54,54,54,38,24,46,46,46,51,69,43,43,43,43,26,7,0],"gold":58,"neow_bonus":"BOSS_RELIC","is_prod":false,"is_daily":false,"chose_seed":false,"campfire_upgraded":2,"win_rate":0,"timestamp":1555176758,"path_taken":["M","?","?","?","M","E","?","R","T","R","M","M","R","?","R","BOSS","M","?","?","?","M","E","M"],"build_version":"2019-01-23","purchased_purges":0,"victory":false,"max_hp_per_floor":[75,75,75,75,75,75,75,75,75,75,75,75,75,75,75,75,75,75,75,75,75,75,75,75],"card_choices":[{"not_picked":["Deflect","PiercingWail"],"picked":"Outmaneuver","floor":0},{"not_picked":["Poisoned Stab","Masterful Stab"],"picked":"Deadly Poison","floor":1},{"not_picked":["Slice","Blade Dance"],"picked":"Poisoned Stab","floor":5},{"not_picked":["Prepared","Flechettes"],"picked":"Blade Dance","floor":6},{"not_picked":["Sucker Punch","Dodge and Roll"],"picked":"Accuracy","floor":7},{"not_picked":["Acrobatics","Underhanded Strike"],"picked":"Deadly Poison","floor":11},{"not_picked":["Underhanded Strike","Reflex"],"picked":"Dodge and Roll","floor":12},{"not_picked":["Wraith Form v2","Grand Finale"],"picked":"A Thousand Cuts","floor":16},{"not_picked":["Blade Dance","Prepared+1"],"picked":"Dodge and Roll","floor":18},{"not_picked":["Prepared","Dagger Spray"],"picked":"Deadly Poison","floor":22},{"not_picked":["Underhanded Strike+1","Outmaneuver"],"picked":"Die Die Die","floor":23}],"player_experience":815624,"relics_obtained":[{"floor":6,"key":"MawBank"},{"floor":9,"key":"Whetstone"},{"floor":23,"key":"The Courier"}],"event_choices":[{"cards_removed":["Strike_G"],"damage_healed":0,"gold_gain":0,"player_choice":"Card Removal","damage_taken":0,"max_hp_gain":0,"max_hp_loss":0,"event_name":"The Cleric","floor":2,"gold_loss":50},{"damage_healed":0,"gold_gain":0,"player_choice":"Entered Light","damage_taken":15,"max_hp_gain":0,"max_hp_loss":0,"event_name":"Shining Light","floor":3,"gold_loss":0,"cards_upgraded":["Deadly Poison","Defend_G"]},{"damage_healed":0,"gold_gain":0,"player_choice":"3 cards matched","damage_taken":0,"max_hp_gain":0,"max_hp_loss":0,"event_name":"Match and Keep!","floor":4,"gold_loss":0,"cards_obtained":["Sucker Punch","Envenom","Neutralize"]},{"damage_healed":0,"gold_gain":0,"player_choice":"Box","damage_taken":0,"relics_obtained":["Mercury Hourglass"],"max_hp_gain":0,"max_hp_loss":0,"event_name":"Big Fish","floor":14,"gold_loss":0,"cards_obtained":["Regret"]},{"damage_healed":0,"gold_gain":0,"player_choice":"Ignored","damage_taken":0,"max_hp_gain":0,"max_hp_loss":0,"event_name":"Ghosts","floor":19,"gold_loss":0},{"damage_healed":0,"gold_gain":0,"player_choice":"Ignored","damage_taken":0,"max_hp_gain":0,"max_hp_loss":0,"event_name":"Vampires","floor":20,"gold_loss":0}],"is_beta":false,"boss_relics":[{"not_picked":["Coffee Dripper","Runic Dome"],"picked":"WristBlade"}],"items_purged_floors":[],"is_endless":false,"potions_floor_spawned":[5,7,16,23],"killed_by":"Sentry and Sphere","ascension_level":5}