{"gold_per_floor":[116,45,45,60,60,60,104,118,118,134,195,33,52,96,96,227,227,242,242,255,255,255],"floor_reached":22,"playtime":1043,"items_purged":[],"score":366,"play_id":"348b1820-8852-4e79-86b5-e6c4d7437e2a","local_time":"20180811105133","is_ascension_mode":true,"campfire_choices":[{"data":"Zap","floor":6,"key":"SMITH"},{"data":"Defragment","floor":15,"key":"SMITH"}],"neow_cost":"NONE","seed_source_timestamp":1637488655428727,"circlet_count":0,"master_deck":["Strike_B+1","Strike_B+1","Strike_B+1","Strike_B+1","Defend_B+1","Defend_B+1","Defend_B+1","Defend_B+1","Zap+1","Dualcast","AscendersBane","Gash","Sunder+1","Ball Lightning","Beam Cell+1","Compile Driver+1","Defragment+1","Cold Snap+1","All For One+1","BootSequence","Fission","Echo Form","Defragment","Undo"],"relics":["Cracked Core","NeowsBlessing","Golden Idol","Molten Egg 2","Juzu Bracelet","Tiny Chest","Omamori","Snecko Eye"],"potions_floor_usage":[13,16,16,22],"damage_taken":[{"damage":0,"enemies":"Jaw Worm","floor":1,"turns":1},{"damage":0,"enemies":"Small Slimes","floor":4,"turns":1},{"damage":0,"enemies":"3 Sentries","floor":7,"turns":1},{"damage":0,"enemies":"2 Louse","floor":8,"turns":2},{"damage":10,"enemies":"Exordium Wildlife","floor":10,"turns":3},{"damage":18,"enemies":"Gremlin Nob","floor":11,"turns":3},{"damage":0,"enemies":"Blue Slaver","floor":13,"turns":2},{"damage":17,"enemies":"3 Sentries","floor":14,"turns":4},{"damage":15,"enemies":"Hexaghost","floor":16,"turns":8},{"damage":0,"enemies":"Chosen","floor":18,"turns":3},{"damage":0,"enemies":"Spheric Guardian","floor":20,"turns":3},{"damage":64,"floor":22,"turns":4}],"seed_played":"-1789208513668102239","potions_obtained":[{"floor":4,"key":"SteroidPotion"},{"floor":10,"key":"Fire Potion"},{"floor":14,"key":"Regen Potion"},{"floor":16,"key":"Strength Potion"}],"is_trial":false,"path_per_floor":["M","$","?","M","?","R","E","M","T","M","E","$","M","E","R","B",null,"M","?","M","?"],"character_chosen":"DEFECT","items_purchased":["Sunder","All For One+1"],"campfire_rested":0,"item_purchase_floors":[2,12],"current_hp_per_floor":[68,68,68,68,68,68,68,68,68,58,40,40,40,23,23,23,58,58,58,58,58,0],"gold":255,"neow_bonus":"THREE_ENEMY_KILL","is_prod":false,"is_daily":false,"chose_seed":false,"campfire_upgraded":2,"win_rate":0,"timestamp":1534009893,"path_taken":["M","$","?","M","?","R","E","M","T","M","E","?","M","E","R","BOSS","M","?","M","?","?"],"build_version":"2018-08-09","purchased_purges":0,"victory":false,"max_hp_per_floor":[75,75,75,75,69,69,69,69,69,69,69,69,69,69,69,69,69,69,69,69,69,69],"card_choices":[{"not_picked":["Streamline","Steam Power"],"picked":"Gash","floor":1},{"not_picked":["BootSequence","Coolheaded"],"picked":"Ball Lightning","floor":4},{"not_picked":["Turbo","Rebound"],"picked":"Beam Cell","floor":7},{"not_picked":["Barrage+1","Double Energy"],"picked":"Compile Driver+1","floor":8},{"not_picked":["Gash+1","Conserve Battery"],"picked":"Defragment","floor":10},{"not_picked":["Lockon+1","Conserve Battery"],"picked":"Cold Snap+1","floor":11},{"not_picked":["Hologram","Leap","BootSequence"],"picked":"SKIP","floor":13},{"not_picked":["Hologram","Leap"],"picked":"BootSequence","floor":13},{"not_picked":["Lockon+1","Hologram"],"picked":"Fission","floor":14},{"not_picked":["Rainbow","Biased Cognition"],"picked":"Echo Form","floor":16},{"not_picked":["Rebound+1","Double Energy"],"picked":"Defragment","floor":18},{"not_picked":["Hologram","Coolheaded"],"picked":"Undo","floor":20}],"player_experience":435942,"relics_obtained":[{"floor":7,"key":"Molten Egg 2"},{"floor":9,"key":"Juzu Bracelet"},{"floor":11,"key":"Tiny Chest"},{"floor":14,"key":"Omamori"}],"event_choices":[{"event_name":"Living Wall","player_choice":"Grow","floor":3,"damage_taken":0},{"event_name":"Golden Idol","player_choice":"Lose Max HP","floor":5,"damage_taken":0},{"event_name":"Back to Basics","player_choice":"Simplicity","floor":19,"damage_taken":0},{"event_name":"Drug Dealer","player_choice":"Ignored","floor":21,"damage_taken":0},{"event_name":"Masked Bandits","player_choice":"Fought Bandits","floor":22,"damage_taken":0}],"is_beta":false,"boss_relics":[{"not_picked":["Eternal Feather","Runic Pyramid"],"picked":"Snecko Eye"}],"items_purged_floors":[],"is_endless":false,"potions_floor_spawned":[4,10,11,14,16],"ascension_level":12}