{"gold_per_floor":[118,88,99,113,128,128,163,163,163,9,9,27,85,85,85,184,184,124,47,47,47,47,47,47,47],"floor_reached":25,"playtime":1771,"items_purged":[],"score":301,"play_id":"5d40c1c1-c5f0-47b3-a047-dab87272f27c","local_time":"20190113154356","is_ascension_mode":true,"campfire_choices":[{"data":"Infinite Blades","floor":6,"key":"SMITH"},{"floor":11,"key":"REST"},{"floor":15,"key":"REST"},{"floor":24,"key":"REST"}],"neow_cost":"NONE","seed_source_timestamp":402839627437455,"circlet_count":0,"master_deck":["Defend_G","Defend_G","Defend_G","Defend_G","Defend_G","Strike_G","Strike_G","Strike_G+1","Strike_G+1","Survivor","Neutralize","Panacea","Sucker Punch","Infinite Blades+1","Acrobatics","Backflip","Accuracy","Backstab","Blade Dance","A Thousand Cuts","Backflip","Setup","Blade Dance+1","Blade Dance","Blade Dance","Noxious Fumes"],"relics":["Ring of the Snake","Calipers","Peace Pipe","Anchor","Ornamental Fan","Ectoplasm","Bottled Lightning"],"potions_floor_usage":[4,4,4,7,13,16,22],"damage_taken":[{"damage":2,"enemies":"2 Louse","floor":1,"turns":4},{"damage":0,"enemies":"Cultist","floor":3,"turns":4},{"damage":3,"enemies":"Small Slimes","floor":4,"turns":5},{"damage":1,"enemies":"Looter","floor":5,"turns":5},{"damage":36,"enemies":"Lagavulin","floor":7,"turns":12},{"damage":8,"enemies":"3 Louse","floor":12,"turns":4},{"damage":23,"enemies":"Lagavulin Event","floor":13,"turns":10},{"damage":1,"enemies":"Hexaghost","floor":16,"turns":11},{"damage":3,"enemies":"2 Thieves","floor":18,"turns":4},{"damage":9,"enemies":"Spheric Guardian","floor":20,"turns":4},{"damage":9,"enemies":"Centurion and Healer","floor":22,"turns":5},{"damage":27,"enemies":"Book of Stabbing","floor":23,"turns":6},{"damage":32,"enemies":"Slavers","floor":25,"turns":3}],"seed_played":"-6354273010679084006","potions_obtained":[{"floor":1,"key":"SpeedPotion"},{"floor":2,"key":"EntropicBrew"},{"floor":2,"key":"EssenceOfSteel"},{"floor":7,"key":"GhostInAJar"},{"floor":13,"key":"Energy Potion"},{"floor":20,"key":"AttackPotion"}],"is_trial":false,"path_per_floor":["M","?","M","M","M","R","E","?","T","$","R","M","?","?","R","B",null,"M","$","M","?","M","E","R","E"],"character_chosen":"THE_SILENT","items_purchased":["Anchor","Setup"],"campfire_rested":3,"item_purchase_floors":[10,19],"current_hp_per_floor":[68,68,68,65,64,64,28,14,14,14,35,27,4,4,25,24,59,56,56,47,47,38,11,32,0],"gold":47,"neow_bonus":"RANDOM_COLORLESS","is_prod":false,"is_daily":false,"chose_seed":false,"campfire_upgraded":1,"win_rate":0,"timestamp":1547415836,"path_taken":["M","?","?","M","M","R","E","?","T","$","R","M","?","?","R","BOSS","M","$","M","?","M","E","R","E"],"build_version":"2019-01-10","purchased_purges":0,"victory":false,"max_hp_per_floor":[70,70,70,70,70,70,70,70,70,70,70,70,70,70,70,70,70,70,70,70,70,70,70,70,70],"card_choices":[{"not_picked":["Flechettes","Flying Knee"],"picked":"Sucker Punch","floor":1},{"not_picked":["Deflect","Crippling Poison"],"picked":"Infinite Blades","floor":3},{"not_picked":["Flechettes","Masterful Stab"],"picked":"Acrobatics","floor":4},{"not_picked":["Endless Agony","Choke"],"picked":"Backflip","floor":5},{"not_picked":["Bane","Outmaneuver"],"picked":"Accuracy","floor":7},{"not_picked":["Deflect","Underhanded Strike"],"picked":"Backstab","floor":12},{"not_picked":["Acrobatics","Bane"],"picked":"Blade Dance","floor":13},{"not_picked":["Wraith Form v2","Grand Finale"],"picked":"A Thousand Cuts","floor":16},{"not_picked":["Well Laid Plans","Deflect"],"picked":"Backflip","floor":18},{"not_picked":["Dagger Spray","Poisoned Stab"],"picked":"Blade Dance+1","floor":20},{"not_picked":["Leg Sweep+1","Dagger Spray"],"picked":"Blade Dance","floor":22},{"not_picked":["Terror","Malaise"],"picked":"Noxious Fumes","floor":23}],"player_experience":683666,"relics_obtained":[{"floor":7,"key":"Calipers"},{"floor":9,"key":"Peace Pipe"},{"floor":13,"key":"Ornamental Fan"},{"floor":23,"key":"Bottled Lightning"}],"event_choices":[{"damage_healed":0,"gold_gain":0,"player_choice":"Bought 2 Potions","damage_taken":0,"max_hp_gain":0,"max_hp_loss":0,"event_name":"The Woman in Blue","floor":2,"gold_loss":0},{"damage_healed":0,"gold_gain":0,"player_choice":"Entered Light","damage_taken":14,"max_hp_gain":0,"max_hp_loss":0,"event_name":"Shining Light","floor":8,"gold_loss":0,"cards_upgraded":["Strike_G","Strike_G"]},{"damage_healed":0,"gold_gain":30,"player_choice":"Searched \u00272\u0027 times","damage_taken":0,"max_hp_gain":0,"max_hp_loss":0,"event_name":"Dead Adventurer","floor":13,"gold_loss":0},{"cards_removed":["Strike_G"],"damage_healed":0,"gold_gain":0,"player_choice":"Forget","damage_taken":0,"max_hp_gain":0,"max_hp_loss":0,"event_name":"Living Wall","floor":14,"gold_loss":0},{"damage_healed":0,"gold_gain":0,"player_choice":"Read","damage_taken":0,"max_hp_gain":0,"max_hp_loss":0,"event_name":"The Library","floor":21,"gold_loss":0,"cards_obtained":["Blade Dance"]}],"is_beta":false,"boss_relics":[{"not_picked":["Pandora\u0027s Box","Empty Cage"],"picked":"Ectoplasm"}],"items_purged_floors":[],"is_endless":false,"potions_floor_spawned":[1,4,7,13,20],"killed_by":"Slavers","ascension_level":5}