{"gold_per_floor":[109,121,12,25,44,44,72,72,72,72,87,106,106,140,140,214,214,231,246,21,21,21,21,21],"floor_reached":24,"playtime":1620,"items_purged":["Strike_B"],"score":390,"play_id":"15c6cdb7-bd77-445f-b86a-15b69580daec","local_time":"20190405021651","is_ascension_mode":true,"campfire_choices":[{"floor":6,"key":"REST"},{"floor":13,"key":"REST"},{"data":"Zap","floor":15,"key":"SMITH"},{"data":"Doom and Gloom","floor":23,"key":"SMITH"}],"neow_cost":"PERCENT_DAMAGE","seed_source_timestamp":275790184008780,"circlet_count":0,"master_deck":["AscendersBane","Strike_B","Strike_B","Strike_B","Defend_B","Defend_B","Defend_B","Defend_B","Zap+1","Dualcast","Electrodynamics","Cold Snap","Cold Snap","Capacitor","Cold Snap","Self Repair","Streamline","Hologram","Biased Cognition","Creative AI","Doom and Gloom+1","Cold Snap","Shame","Ghostly","Ghostly","Ghostly","Ghostly","Ghostly"],"relics":["Cracked Core","Cables","Sundial","Matryoshka","Oddly Smooth Stone","Velvet Choker","Runic Capacitor","Mercury Hourglass"],"potions_floor_usage":[],"damage_taken":[{"damage":6,"enemies":"Cultist","floor":1,"turns":3},{"damage":0,"enemies":"Jaw Worm","floor":2,"turns":3},{"damage":0,"enemies":"Small Slimes","floor":4,"turns":3},{"damage":15,"enemies":"Gremlin Gang","floor":5,"turns":3},{"damage":23,"enemies":"3 Sentries","floor":7,"turns":5},{"damage":14,"enemies":"3 Louse","floor":11,"turns":3},{"damage":6,"enemies":"Blue Slaver","floor":12,"turns":3},{"damage":14,"enemies":"Gremlin Nob","floor":14,"turns":4},{"damage":27,"enemies":"The Guardian","floor":16,"turns":10},{"damage":3,"enemies":"Chosen","floor":18,"turns":5},{"damage":22,"enemies":"Shell Parasite","floor":19,"turns":6},{"damage":39,"enemies":"Book of Stabbing","floor":24,"turns":7}],"seed_played":"1101842440219285247","potions_obtained":[{"floor":5,"key":"PowerPotion"},{"floor":11,"key":"Block Potion"}],"is_trial":false,"path_per_floor":["M","M","$","M","M","R","E","?","T","?","M","M","R","E","R","B",null,"M","M","$","?","?","R","E"],"character_chosen":"DEFECT","items_purchased":["Capacitor","Runic Capacitor","Cold Snap"],"campfire_rested":2,"item_purchase_floors":[3,20,20],"current_hp_per_floor":[44,44,44,44,29,51,35,32,32,32,18,19,41,34,34,14,60,64,49,49,49,37,37,0],"gold":21,"neow_bonus":"THREE_RARE_CARDS","is_prod":false,"is_daily":false,"chose_seed":false,"campfire_upgraded":2,"win_rate":0,"timestamp":1554445011,"path_taken":["M","?","$","M","M","R","E","?","T","?","?","M","R","E","R","BOSS","M","?","$","?","?","R","E"],"build_version":"2019-01-23","purchased_purges":1,"victory":false,"max_hp_per_floor":[75,75,75,75,75,75,75,75,75,75,75,75,75,75,75,75,75,75,75,75,75,37,37,37],"card_choices":[{"not_picked":["Multi-Cast","Buffer"],"picked":"Electrodynamics","floor":0},{"not_picked":["Hologram","Blizzard"],"picked":"Cold Snap","floor":1},{"not_picked":["Storm","Conserve Battery"],"picked":"Cold Snap","floor":2},{"not_picked":["BootSequence","Fusion"],"picked":"Cold Snap","floor":4},{"not_picked":["Leap","Hologram"],"picked":"Self Repair","floor":5},{"not_picked":["Chaos","Leap"],"picked":"Streamline","floor":7},{"not_picked":["Leap","Steam Power","Self Repair"],"picked":"SKIP","floor":11},{"not_picked":["Rebound","Streamline"],"picked":"Hologram","floor":12},{"not_picked":["Undo","Steam Power"],"picked":"Biased Cognition","floor":14},{"not_picked":["Thunder Strike","Electrodynamics"],"picked":"Creative AI","floor":16},{"not_picked":["Streamline","Scrape"],"picked":"Doom and Gloom","floor":18},{"not_picked":["Darkness","Streamline","Barrage"],"picked":"SKIP","floor":19}],"player_experience":2077729,"relics_obtained":[{"floor":7,"key":"Cables"},{"floor":9,"key":"Matryoshka"},{"floor":14,"key":"Oddly Smooth Stone"}],"event_choices":[{"damage_healed":0,"gold_gain":0,"player_choice":"Success","damage_taken":3,"relics_obtained":["Sundial"],"max_hp_gain":0,"max_hp_loss":0,"event_name":"Scrap Ooze","floor":8,"gold_loss":0},{"damage_healed":0,"gold_gain":0,"player_choice":"Leave","damage_taken":0,"max_hp_gain":0,"max_hp_loss":0,"event_name":"FaceTrader","floor":10,"gold_loss":0},{"damage_healed":0,"gold_gain":0,"player_choice":"Stole Relic","damage_taken":0,"relics_obtained":["Mercury Hourglass"],"max_hp_gain":0,"max_hp_loss":0,"event_name":"Addict","floor":21,"gold_loss":0,"cards_obtained":["Shame"]},{"damage_healed":0,"gold_gain":0,"player_choice":"Became a Ghost","damage_taken":0,"max_hp_gain":0,"max_hp_loss":38,"event_name":"Ghosts","floor":22,"gold_loss":0,"cards_obtained":["Ghostly","Ghostly","Ghostly","Ghostly","Ghostly"]}],"is_beta":false,"boss_relics":[{"not_picked":["Fusion Hammer","Black Star"],"picked":"Velvet Choker"}],"items_purged_floors":[3],"is_endless":false,"potions_floor_spawned":[5,11,12,14,16],"killed_by":"Book of Stabbing","ascension_level":13}