{"gold_per_floor":[113,113,127,227,241,272,272,298,598,64,75,75,87,97,97,202,202,220,230,230,48,48],"floor_reached":22,"playtime":1400,"items_purged":["Strike_G","Defend_G"],"score":245,"play_id":"e16a58a2-5abf-4e41-8341-a641b4f379a1","local_time":"20190122211922","is_ascension_mode":true,"campfire_choices":[{"floor":12,"key":"REST"},{"floor":15,"key":"REST"}],"neow_cost":"NONE","seed_source_timestamp":271023010043198,"circlet_count":0,"master_deck":["Defend_G","Defend_G","Defend_G","Defend_G","Survivor","Neutralize","Heel Hook","Flying Knee","Infinite Blades","Blade Dance","Slice","Well Laid Plans","Cloak And Dagger","Envenom","Acrobatics","Noxious Fumes","Accuracy","Storm of Steel","Poisoned Stab+1","Underhanded Strike","Slice","Accuracy"],"relics":["Ring of the Snake","NeowsBlessing","Dead Branch","Ice Cream","Old Coin","Pear","Empty Cage"],"potions_floor_usage":[14,16],"damage_taken":[{"damage":0,"enemies":"2 Louse","floor":1,"turns":1},{"damage":0,"enemies":"Cultist","floor":3,"turns":1},{"damage":0,"enemies":"Small Slimes","floor":5,"turns":1},{"damage":29,"enemies":"3 Sentries","floor":6,"turns":10},{"damage":18,"enemies":"Gremlin Nob","floor":8,"turns":4},{"damage":24,"enemies":"Exordium Thugs","floor":11,"turns":6},{"damage":1,"enemies":"Lots of Slimes","floor":13,"turns":4},{"damage":8,"enemies":"Exordium Wildlife","floor":14,"turns":4},{"damage":18,"enemies":"Hexaghost","floor":16,"turns":9},{"damage":35,"enemies":"Shell Parasite","floor":18,"turns":10},{"damage":1,"enemies":"3 Byrds","floor":19,"turns":5},{"damage":33,"enemies":"3 Cultists","floor":22,"turns":3}],"seed_played":"3658091245093819813","potions_obtained":[{"floor":3,"key":"SteroidPotion"},{"floor":8,"key":"Poison Potion"},{"floor":11,"key":"LiquidBronze"},{"floor":16,"key":"Dexterity Potion"},{"floor":19,"key":"SneckoOil"}],"is_trial":false,"path_per_floor":["M","?","M","?","M","E","?","E","T","$","M","R","M","M","R","B",null,"M","M","?","$","M"],"character_chosen":"THE_SILENT","items_purchased":["Cloak And Dagger","Pear","Envenom","Accuracy"],"campfire_rested":2,"item_purchase_floors":[10,10,10,21],"current_hp_per_floor":[70,70,70,70,70,41,41,23,23,33,9,33,32,24,48,30,68,33,32,32,32,0],"gold":48,"neow_bonus":"THREE_ENEMY_KILL","is_prod":false,"is_daily":false,"chose_seed":false,"campfire_upgraded":0,"win_rate":0,"timestamp":1548213562,"path_taken":["M","?","?","?","?","E","?","E","T","$","M","R","M","M","R","BOSS","M","M","?","$","M"],"build_version":"2019-01-17v2","purchased_purges":2,"victory":false,"max_hp_per_floor":[70,70,70,70,70,70,70,70,70,80,80,80,80,80,80,80,80,80,80,80,80,80],"card_choices":[{"not_picked":["Dodge and Roll","Backflip"],"picked":"Heel Hook","floor":1},{"not_picked":["Deadly Poison","Quick Slash"],"picked":"Flying Knee","floor":3},{"not_picked":["Predator","Catalyst"],"picked":"Infinite Blades","floor":5},{"not_picked":["Poisoned Stab","Endless Agony"],"picked":"Blade Dance","floor":6},{"not_picked":["Reflex","Underhanded Strike"],"picked":"Well Laid Plans","floor":8},{"not_picked":["Underhanded Strike","Setup"],"picked":"Acrobatics","floor":11},{"not_picked":["Quick Slash","Deflect"],"picked":"Noxious Fumes","floor":13},{"not_picked":["Prepared","Noxious Fumes"],"picked":"Accuracy","floor":14},{"not_picked":["Night Terror","Grand Finale"],"picked":"Storm of Steel","floor":16},{"not_picked":["Bouncing Flask","Skewer"],"picked":"Poisoned Stab+1","floor":18},{"not_picked":["Skewer+1","Dodge and Roll"],"picked":"Underhanded Strike","floor":19}],"player_experience":722087,"relics_obtained":[{"floor":6,"key":"Dead Branch"},{"floor":8,"key":"Ice Cream"},{"floor":9,"key":"Old Coin"}],"event_choices":[{"cards_removed":["Strike_G"],"damage_healed":0,"gold_gain":0,"player_choice":"Purged","damage_taken":0,"max_hp_gain":0,"max_hp_loss":0,"event_name":"Purifier","floor":2,"gold_loss":0},{"damage_healed":0,"gold_gain":100,"player_choice":"Pray","damage_taken":0,"max_hp_gain":0,"max_hp_loss":0,"event_name":"Golden Shrine","floor":4,"gold_loss":0},{"damage_healed":0,"gold_gain":0,"cards_transformed":["Strike_G"],"player_choice":"Transformed","damage_taken":0,"max_hp_gain":0,"max_hp_loss":0,"event_name":"Transmorgrifier","floor":7,"gold_loss":0,"cards_obtained":["Slice"]},{"damage_healed":0,"gold_gain":0,"player_choice":"1 cards matched","damage_taken":0,"max_hp_gain":0,"max_hp_loss":0,"event_name":"Match and Keep!","floor":20,"gold_loss":0,"cards_obtained":["Slice"]}],"is_beta":false,"boss_relics":[{"not_picked":["Snecko Eye","Runic Dome"],"picked":"Empty Cage"}],"items_purged_floors":[10,21],"is_endless":false,"potions_floor_spawned":[3,8,11,13,16,19],"killed_by":"3 Cultists","ascension_level":5}