{"gold_per_floor":[115,115,128,147,167,195,195,226,298,316,316,316,18,46,46,147,147,163,174,89,14,26,26,61,61,84,84,100,129,129,144,144,144],"floor_reached":33,"playtime":2587,"items_purged":[],"score":528,"play_id":"09e1f118-5c0a-4bb6-9f82-37bbe5243a6d","local_time":"20180811103356","is_ascension_mode":true,"campfire_choices":[{"data":"Hyperbeam","floor":7.0,"key":"SMITH"},{"data":"Capacitor","floor":11,"key":"SMITH"},{"data":"Hologram","floor":15,"key":"SMITH"},{"data":"Consume","floor":23,"key":"SMITH"},{"data":"Loop","floor":25,"key":"SMITH"},{"floor":27,"key":"REST"},{"data":"Reinforced Body","floor":32,"key":"SMITH"}],"neow_cost":"NONE","seed_source_timestamp":1634855259902727,"circlet_count":0,"master_deck":["Strike_B","Strike_B","Strike_B","Defend_B","Defend_B","Defend_B","Defend_B","Zap","Dualcast","AscendersBane","Self Repair","Hyperbeam+1","Cold Snap","Hologram+1","Capacitor+1","Sweeping Beam","Hologram+1","Conserve Battery","Biased Cognition","Reinforced Body+1","Auto Shields","Consume+1","Loop+1","Hologram","Compile Driver+1","Steam+1"],"special_seed":0,"relics":["Cracked Core","Bag of Marbles","Nunchaku","Dodecahedron","Mummified Hand","Lantern","Inserter","Oddly Smooth Stone","Meat on the Bone","Happy Flower","Molten Egg 2","Singing Bowl"],"potions_floor_usage":[16,28,28],"damage_taken":[{"damage":0.0,"enemies":"Small Slimes","floor":1.0,"turns":3.0},{"damage":1.0,"enemies":"Cultist","floor":3.0,"turns":4.0},{"damage":2.0,"enemies":"2 Louse","floor":4.0,"turns":2.0},{"damage":19.0,"enemies":"Looter","floor":5.0,"turns":4.0},{"damage":12.0,"enemies":"3 Sentries","floor":6.0,"turns":8.0},{"damage":0,"enemies":"Gremlin Nob","floor":8,"turns":2},{"damage":0,"enemies":"Exordium Thugs","floor":10,"turns":1},{"damage":20,"enemies":"Lagavulin","floor":14,"turns":5},{"damage":5,"enemies":"Slime Boss","floor":16,"turns":5},{"damage":0,"enemies":"Chosen","floor":18,"turns":4},{"damage":27,"enemies":"3 Byrds","floor":19,"turns":3},{"damage":0,"enemies":"Snake Plant","floor":22,"turns":1},{"damage":34,"enemies":"Slavers","floor":24,"turns":4},{"damage":15,"enemies":"Centurion and Healer","floor":28,"turns":7},{"damage":10,"enemies":"Book of Stabbing","floor":29,"turns":9},{"damage":0,"enemies":"Sentry and Sphere","floor":31,"turns":3},{"damage":57,"enemies":"Collector","floor":33,"turns":6}],"seed_played":"-5904426258573395701","potions_obtained":[{"floor":0.0,"key":"Fruit Juice"},{"floor":0.0,"key":"FearPotion"},{"floor":2.0,"key":"Block Potion"},{"floor":3.0,"key":"Fire Potion"},{"floor":6.0,"key":"EssenceOfSteel"},{"floor":8,"key":"Fire Potion"},{"floor":19,"key":"GamblersBrew"},{"floor":24,"key":"AttackPotion"}],"is_trial":false,"path_per_floor":["M","?","M","M","M","E","R","E","T","M","R","?","$","E","R","B",null,"M","M","?","?","M","R","E","R","T","R","M","E","?","M","R"],"character_chosen":"DEFECT","items_purchased":["Mummified Hand","Hologram"],"campfire_rested":1,"item_purchase_floors":[13,13],"current_hp_per_floor":[73,73,79,77,65,60,60,60,60,60,60,60,60,47,47,49,72,79,59,59,59,59,59,32,32,32,56,48,57,57,57,57,0],"gold":144,"neow_bonus":"THREE_SMALL_POTIONS","is_prod":false,"is_daily":false,"chose_seed":false,"campfire_upgraded":6,"win_rate":0,"timestamp":1534008836,"path_taken":["M","?","?","M","M","E","R","E","T","M","R","?","$","E","R","BOSS","M","M","?","?","M","R","E","R","T","R","M","E","?","M","R","BOSS"],"build_version":"2018-08-09","purchased_purges":0,"victory":false,"max_hp_per_floor":[80,80,80,80,80,80,80,80,80,80,80,80,80,80,80,80,80,80,80,80,80,80,80,80,80,80,80,80,80,80,80,80,80],"card_choices":[{"not_picked":["Barrage","Sweeping Beam"],"picked":"Self Repair","floor":1.0},{"not_picked":["Aggregate","Beam Cell"],"picked":"Hyperbeam","floor":3.0},{"not_picked":["Turbo","Sweeping Beam"],"picked":"Cold Snap","floor":4.0},{"not_picked":["Stack","Beam Cell","Turbo"],"picked":"SKIP","floor":5.0},{"not_picked":["Thunder Strike","Steam Power"],"picked":"Hologram","floor":6.0},{"not_picked":["Reprogram","Blizzard"],"picked":"Capacitor","floor":8},{"not_picked":["Doom and Gloom","Storm"],"picked":"Sweeping Beam","floor":10},{"not_picked":["Sweeping Beam","Tempest"],"picked":"Conserve Battery","floor":14},{"not_picked":["Meteor Strike","Fission"],"picked":"Biased Cognition","floor":16},{"not_picked":["Coolheaded","Ball Lightning"],"picked":"Reinforced Body","floor":18},{"not_picked":["Turbo","Ball Lightning+1"],"picked":"Auto Shields","floor":19},{"not_picked":["Go for the Eyes","Rebound"],"picked":"Consume","floor":22},{"not_picked":["Reprogram","Go for the Eyes"],"picked":"Loop","floor":24},{"not_picked":["Fusion","Coolheaded"],"picked":"Hologram","floor":28},{"not_picked":["Undo","Hologram+1"],"picked":"Compile Driver","floor":29},{"not_picked":["Turbo","Stack"],"picked":"Steam+1","floor":31}],"player_experience":433355,"relics_obtained":[{"floor":6.0,"key":"Bag of Marbles"},{"floor":8,"key":"Nunchaku"},{"floor":9,"key":"Dodecahedron"},{"floor":14,"key":"Lantern"},{"floor":24,"key":"Meat on the Bone"},{"floor":26,"key":"Happy Flower"},{"floor":29,"key":"Molten Egg 2"}],"event_choices":[{"event_name":"The Lab","player_choice":"Got Potions","floor":2.0,"damage_taken":0.0},{"event_name":"Living Wall","player_choice":"Grow","floor":12,"damage_taken":0},{"event_name":"Addict","player_choice":"Obtained Relic","floor":20,"damage_taken":0},{"event_name":"Beggar","player_choice":"Gave Gold","floor":21,"damage_taken":0},{"event_name":"Wheel of Change","player_choice":"Relic","floor":30,"damage_taken":0}],"is_beta":false,"boss_relics":[{"not_picked":["Snecko Eye","Fusion Hammer"],"picked":"Inserter"}],"items_purged_floors":[],"is_endless":false,"potions_floor_spawned":[3,6,8,14,19,24],"killed_by":"Collector","ascension_level":12}