{"gold_per_floor":[110,127,76,94,94,94,129,129,129,129,129,149,168,203,203,276,276,295,308,43,43,43,43,53,72,99,116,116,148,6,6,6,85,85,102,52,52,98,0,0,0,0,27,39,51,63,75],"floor_reached":47,"playtime":2546,"items_purged":["Strike_B","Capacitor+1"],"score":872,"play_id":"e2fe3cb4-c8c1-44c9-879d-c48f4b8073d6","local_time":"20190331032555","is_ascension_mode":true,"campfire_choices":[{"data":"Zap","floor":6.0,"key":"SMITH"},{"floor":8.0,"key":"REST"},{"data":"Go for the Eyes","floor":10.0,"key":"SMITH"},{"data":"Ball Lightning","floor":15.0,"key":"SMITH"},{"data":"Go for the Eyes","floor":23.0,"key":"SMITH"},{"floor":28.0,"key":"REST"},{"data":"Dualcast","floor":32.0,"key":"SMITH"},{"floor":40,"key":"REST"},{"floor":42,"key":"REST"},{"floor":44,"key":"RECALL"},{"floor":45,"key":"REST"}],"neow_cost":"NONE","seed_source_timestamp":1457881688252200,"circlet_count":0,"master_deck":["AscendersBane","Strike_B","Strike_B","Defend_B","Defend_B","Defend_B","Defend_B","Zap+1","Dualcast+1","Sweeping Beam","Ball Lightning","Steam","Go for the Eyes+1","Ball Lightning+1","Cold Snap","Undo","Defragment+1","Electrodynamics+1","Stack","Go for the Eyes+1","Steam","Self Repair+1","Loop+1","Leap","Steam","Seek","Compile Driver","Impatience","Bandage Up","Conserve Battery"],"special_seed":0,"relics":["Cracked Core","Frozen Egg 2","Bag of Preparation","Bottled Flame","PreservedInsect","Philosopher\u0027s Stone","Bag of Marbles","DataDisk","Smiling Mask","Inserter","WingedGreaves","Red Mask","MawBank"],"potions_floor_usage":[38,38],"damage_taken":[{"damage":2.0,"enemies":"Jaw Worm","floor":1.0,"turns":3.0},{"damage":0.0,"enemies":"Small Slimes","floor":2.0,"turns":3.0},{"damage":1.0,"enemies":"Cultist","floor":4.0,"turns":3.0},{"damage":25.0,"enemies":"Lagavulin","floor":7.0,"turns":4.0},{"damage":0.0,"enemies":"2 Fungi Beasts","floor":12.0,"turns":2.0},{"damage":1.0,"enemies":"Exordium Wildlife","floor":13.0,"turns":2.0},{"damage":6.0,"enemies":"Gremlin Nob","floor":14.0,"turns":3.0},{"damage":9.0,"enemies":"The Guardian","floor":16.0,"turns":9.0},{"damage":15.0,"enemies":"Shell Parasite","floor":18.0,"turns":4.0},{"damage":0.0,"enemies":"Chosen","floor":19.0,"turns":4.0},{"damage":0.0,"enemies":"3 Cultists","floor":24.0,"turns":2.0},{"damage":19.0,"enemies":"Snake Plant","floor":25.0,"turns":3.0},{"damage":5.0,"enemies":"Centurion and Healer","floor":27.0,"turns":2.0},{"damage":5.0,"enemies":"Book of Stabbing","floor":29.0,"turns":3.0},{"damage":32.0,"enemies":"Collector","floor":33.0,"turns":8.0},{"damage":21.0,"enemies":"3 Shapes","floor":35.0,"turns":3.0},{"damage":34,"enemies":"2 Orb Walkers","floor":38,"turns":5},{"damage":79,"enemies":"Giant Head","floor":47,"turns":6}],"seed_played":"8162758516180677928","potions_obtained":[{"floor":0.0,"key":"Fruit Juice"},{"floor":0.0,"key":"FearPotion"},{"floor":0.0,"key":"LiquidBronze"},{"floor":11.0,"key":"PowerPotion"},{"floor":13.0,"key":"Fire Potion"},{"floor":18.0,"key":"AttackPotion"},{"floor":25.0,"key":"FearPotion"}],"is_trial":false,"path_per_floor":["M","M","$","M","?","R","E","R","T","R","?","M","M","E","R","B",null,"M","M","$","?","T","R","M","M","T","M","R","E","$","?","R","B",null,"M","$","?","?","?","R","$","R","T","R","R","?","E"],"character_chosen":"DEFECT","items_purchased":["Steam","Bag of Marbles","Steam","Capacitor+1","Steam"],"campfire_rested":5,"item_purchase_floors":[3,20,20,30,30],"current_hp_per_floor":[67,67,67,66,48,48,23,45,45,45,45,45,44,38,38,29,64,49,49,49,49,49,49,49,30,30,25,47,42,42,57,57,35,66,45,45,35,1,1,23,23,45,45,45,67,67,0],"gold":75,"neow_bonus":"THREE_SMALL_POTIONS","is_prod":false,"is_daily":false,"chose_seed":false,"campfire_upgraded":5,"win_rate":0,"timestamp":1554017155,"path_taken":["M","M","$","M","?","R","E","R","T","R","?","M","?","E","R","BOSS","M","M","$","?","?","R","M","M","T","?","R","E","$","?","R","BOSS","M","$","?","?","?","R","?","R","T","R","R","?","E"],"build_version":"2019-01-23","purchased_purges":2,"victory":false,"max_hp_per_floor":[76,76,76,76,76,76,76,76,76,76,76,76,76,76,76,76,76,76,76,76,76,76,76,76,76,76,76,76,76,76,76,76,76,76,76,76,76,76,76,76,76,76,76,76,76,76,76],"card_choices":[{"not_picked":["Hello World","Chaos"],"picked":"Sweeping Beam","floor":1.0},{"not_picked":["Auto Shields","Chaos"],"picked":"Ball Lightning","floor":2.0},{"not_picked":["Steam Power","Conserve Battery"],"picked":"Go for the Eyes","floor":4.0},{"not_picked":["Hello World+1","Recycle"],"picked":"Ball Lightning","floor":7.0},{"not_picked":["Steam","Compile Driver"],"picked":"Cold Snap","floor":12.0},{"not_picked":["Hologram","Rebound"],"picked":"Undo","floor":13.0},{"not_picked":["Rebound","Force Field"],"picked":"Defragment+1","floor":14.0},{"not_picked":["Reboot","Creative AI+1"],"picked":"Electrodynamics+1","floor":16.0},{"not_picked":["Coolheaded","Redo"],"picked":"Stack","floor":18.0},{"not_picked":["Rebound","Beam Cell"],"picked":"Go for the Eyes","floor":19.0},{"not_picked":["Steam Power","Rip and Tear","Lockon"],"picked":"SKIP","floor":24.0},{"not_picked":["Darkness","Recycle"],"picked":"Self Repair+1","floor":25.0},{"not_picked":["Sweeping Beam","Steam"],"picked":"Loop+1","floor":27.0},{"not_picked":["Biased Cognition+1","Coolheaded"],"picked":"Leap","floor":29.0},{"not_picked":["Fission","Biased Cognition+1"],"picked":"Seek","floor":33.0},{"not_picked":["Cold Snap","Hologram"],"picked":"Compile Driver","floor":35.0},{"not_picked":["Transmutation","PanicButton"],"picked":"Impatience","floor":37.0},{"not_picked":["Thinking Ahead","Panacea"],"picked":"Bandage Up","floor":37.0},{"not_picked":["Skim","Sweeping Beam"],"picked":"Conserve Battery","floor":38}],"player_experience":768898,"relics_obtained":[{"floor":7.0,"key":"Bag of Preparation"},{"floor":9.0,"key":"Bottled Flame"},{"floor":14.0,"key":"PreservedInsect"},{"floor":26.0,"key":"DataDisk"},{"floor":29.0,"key":"Smiling Mask"},{"floor":38,"key":"WingedGreaves"},{"floor":43,"key":"MawBank"}],"event_choices":[{"damage_healed":0.0,"max_hp_gain":0.0,"max_hp_loss":0.0,"gold_gain":0.0,"event_name":"Scrap Ooze","player_choice":"Success","floor":5.0,"gold_loss":0.0,"damage_taken":18.0,"relics_obtained":["Frozen Egg 2"]},{"damage_healed":0.0,"max_hp_gain":0.0,"max_hp_loss":0.0,"gold_gain":0.0,"event_name":"Lab","player_choice":"Got Potions","floor":11.0,"gold_loss":0.0,"damage_taken":0.0},{"damage_healed":0.0,"max_hp_gain":0.0,"max_hp_loss":0.0,"gold_gain":0.0,"event_name":"Beggar","player_choice":"Ignored","floor":21.0,"gold_loss":0.0,"damage_taken":0.0},{"damage_healed":15.0,"max_hp_gain":0.0,"max_hp_loss":0.0,"gold_gain":0.0,"event_name":"The Library","player_choice":"Heal","floor":31.0,"gold_loss":0.0,"damage_taken":0.0},{"damage_healed":0.0,"max_hp_gain":0.0,"max_hp_loss":0.0,"gold_gain":0.0,"event_name":"SensoryStone","player_choice":"Memory 3","floor":37.0,"gold_loss":0.0,"damage_taken":10.0},{"damage_healed":0,"gold_gain":0,"player_choice":"Fight","damage_taken":0,"max_hp_gain":0,"max_hp_loss":0,"event_name":"Mysterious Sphere","floor":38,"gold_loss":0},{"damage_healed":0,"gold_gain":0,"player_choice":"Paid","damage_taken":0,"relics_obtained":["Red Mask"],"max_hp_gain":0,"max_hp_loss":0,"event_name":"Tomb of Lord Red Mask","floor":39,"gold_loss":98},{"cards_removed":["Strike_B"],"damage_healed":0,"gold_gain":0,"player_choice":"Removed Attack","damage_taken":0,"max_hp_gain":0,"max_hp_loss":0,"event_name":"Falling","floor":46,"gold_loss":0}],"is_beta":false,"boss_relics":[{"not_picked":["Black Star","Eternal Feather"],"picked":"Philosopher\u0027s Stone"},{"not_picked":["Astrolabe","Cursed Key"],"picked":"Inserter"}],"items_purged_floors":[20,36],"is_endless":false,"potions_floor_spawned":[2,4,12,13,18,25,33],"killed_by":"Giant Head","ascension_level":19}