{"gold_per_floor":[117,134,151,76,76,109,123,23,49,64,64],"floor_reached":11,"playtime":645,"items_purged":["Strike_G","Strike_G"],"score":75,"play_id":"f1094d99-0a75-44aa-b7e4-ae9e6099c2b2","local_time":"20180720143814","is_ascension_mode":false,"campfire_choices":[],"neow_cost":"","seed_source_timestamp":397025329713256,"circlet_count":0,"master_deck":["Defend_G","Defend_G","Defend_G+1","Defend_G","Defend_G","Strike_G","Strike_G","Strike_G","Survivor","Neutralize","Acrobatics","Deadly Poison","Deadly Poison+1","Malaise","Prepared","Quick Slash"],"relics":["Ring of the Snake","Anchor","War Paint","Bronze Scales"],"potions_floor_usage":[6],"damage_taken":[{"damage":9,"enemies":"Cultist","floor":1,"turns":4},{"damage":3,"enemies":"Jaw Worm","floor":2,"turns":5},{"damage":7,"enemies":"2 Louse","floor":3,"turns":3},{"damage":34,"enemies":"Gremlin Nob","floor":6,"turns":4},{"damage":0,"enemies":"Exordium Wildlife","floor":7,"turns":5},{"damage":0,"enemies":"Looter","floor":10,"turns":3},{"damage":7,"enemies":"Lagavulin","floor":11,"turns":4}],"seed_played":"-9016323590754068829","potions_obtained":[{"floor":1,"key":"Fire Potion"},{"floor":6,"key":"LiquidBronze"}],"is_trial":false,"path_per_floor":["M","M","M","$","?","E","M","$","T","M"],"character_chosen":"THE_SILENT","items_purchased":[],"campfire_rested":0,"item_purchase_floors":[],"current_hp_per_floor":[61,58,51,51,39,5,5,5,5,5,0],"gold":64,"neow_bonus":"","is_prod":false,"is_daily":false,"chose_seed":false,"campfire_upgraded":0,"win_rate":0.0,"timestamp":1532122694,"path_taken":["M","M","?","$","?","E","M","?","T","?","E"],"build_version":"2018-07-19v2","purchased_purges":2,"victory":false,"max_hp_per_floor":[70,70,70,70,70,70,70,70,70,70,70],"card_choices":[{"not_picked":["Choke","Expertise"],"picked":"Acrobatics","floor":1},{"not_picked":["Poisoned Stab","Slice"],"picked":"Deadly Poison","floor":2},{"not_picked":["Dodge and Roll","Tactician"],"picked":"Deadly Poison","floor":3},{"not_picked":["Blur","PiercingWail"],"picked":"Malaise","floor":6},{"not_picked":["Quick Slash","Sucker Punch"],"picked":"Prepared","floor":7},{"not_picked":["Underhanded Strike","Dagger Throw"],"picked":"Quick Slash","floor":10}],"player_experience":32858,"relics_obtained":[{"floor":6,"key":"War Paint"},{"floor":9,"key":"Bronze Scales"}],"event_choices":[{"event_name":"Scrap Ooze","player_choice":"success","floor":5,"damage_taken":12}],"is_beta":false,"boss_relics":[],"items_purged_floors":[4,8],"is_endless":false,"potions_floor_spawned":[1,6],"killed_by":"Lagavulin","ascension_level":0}