{"gold_per_floor":[363,381,65,77,90,90,124,124,206,21,47,61,94,94,94,192,192,210,11,11,27,27,27,52,52,52,70,70,88,112,152,152,241,241,257,0,0,20,35,35,66,66,66,79,119,137,171,39,39,39],"floor_reached":51,"playtime":7957,"items_purged":[],"score":1410,"play_id":"b7d9bd46-a8b4-44fb-9859-e6346dcfe098","local_time":"20180823152532","is_ascension_mode":true,"campfire_choices":[{"data":"Neutralize","floor":6.0,"key":"SMITH"},{"data":"Sucker Punch","floor":8.0,"key":"SMITH"},{"data":"Dagger Spray","floor":15.0,"key":"SMITH"},{"data":"Backstab","floor":23.0,"key":"SMITH"},{"data":"Die Die Die","floor":25.0,"key":"SMITH"},{"floor":28.0,"key":"REST"},{"floor":32.0,"key":"REST"},{"data":"Glass Knife","floor":40.0,"key":"SMITH"},{"data":"Glass Knife","floor":42.0,"key":"SMITH"},{"data":"Survivor","floor":49,"key":"SMITH"}],"neow_cost":"PERCENT_DAMAGE","seed_source_timestamp":545366596553245,"circlet_count":0,"master_deck":["Defend_G","Defend_G","Defend_G","Defend_G","Defend_G","Strike_G","Strike_G","Strike_G","Strike_G","Survivor+1","Neutralize+1","AscendersBane","Sucker Punch+1","Dagger Throw","Dagger Spray+1","Backstab+1","Slice","Expertise+1","After Image+1","Cloak And Dagger+1","Dodge and Roll+1","Die Die Die+1","Backflip+1","Deflect+1","Distraction+1","Prepared+1","Endless Agony","Deflect+1","Footwork+1","Blur+1","Distraction+1","Escape Plan+1","Dagger Spray+1","PiercingWail+1","A Thousand Cuts+1","Blade Dance+1","PiercingWail+1","Glass Knife+1","Glass Knife+1","Dodge and Roll+1","Infinite Blades+1","Heel Hook","Skewer+1","Footwork+1"],"special_seed":0,"relics":["Ring of the Snake","Toxic Egg 2","Ice Cream","Frozen Egg 2","Anchor","Happy Flower","Bottled Flame","Golden Idol","Orrery","Darkstone Periapt","Meat on the Bone","Eternal Feather","Red Mask","Juzu Bracelet","Ninja Scroll","Blue Candle","Vajra"],"potions_floor_usage":[47,50,50],"damage_taken":[{"damage":0.0,"enemies":"Cultist","floor":1.0,"turns":5.0},{"damage":1.0,"enemies":"Small Slimes","floor":2.0,"turns":4.0},{"damage":0.0,"enemies":"Jaw Worm","floor":4.0,"turns":4.0},{"damage":1.0,"enemies":"Lots of Slimes","floor":5.0,"turns":4.0},{"damage":14.0,"enemies":"3 Sentries","floor":7.0,"turns":7.0},{"damage":0.0,"enemies":"Lagavulin","floor":11.0,"turns":6.0},{"damage":0.0,"enemies":"Large Slime","floor":12.0,"turns":4.0},{"damage":2.0,"enemies":"Gremlin Nob","floor":13.0,"turns":4.0},{"damage":2.0,"enemies":"Hexaghost","floor":16.0,"turns":14.0},{"damage":14.0,"enemies":"Spheric Guardian","floor":18.0,"turns":4.0},{"damage":0.0,"enemies":"Chosen","floor":21.0,"turns":7.0},{"damage":5.0,"enemies":"3 Cultists","floor":24.0,"turns":7.0},{"damage":1.0,"enemies":"Snake Plant","floor":27.0,"turns":6.0},{"damage":0.0,"enemies":"Centurion and Healer","floor":29.0,"turns":3.0},{"damage":20.0,"enemies":"Cultist and Chosen","floor":30.0,"turns":7.0},{"damage":0.0,"enemies":"Book of Stabbing","floor":31.0,"turns":9.0},{"damage":3.0,"enemies":"Collector","floor":33.0,"turns":12.0},{"damage":0.0,"enemies":"3 Shapes","floor":35.0,"turns":6.0},{"damage":0.0,"enemies":"Orb Walker","floor":38.0,"turns":4.0},{"damage":0.0,"enemies":"Maw","floor":39.0,"turns":13.0},{"damage":25.0,"enemies":"Giant Head","floor":41.0,"turns":9.0},{"damage":14.0,"enemies":"4 Shapes","floor":44.0,"turns":5.0},{"damage":2.0,"enemies":"Nemesis","floor":45.0,"turns":9.0},{"damage":16.0,"enemies":"Spire Growth","floor":46.0,"turns":7.0},{"damage":3,"enemies":"2 Orb Walkers","floor":47,"turns":4},{"damage":18,"enemies":"Awakened One","floor":50,"turns":23}],"seed_played":"1020764566950848361","potions_obtained":[{"floor":1.0,"key":"Block Potion"},{"floor":4.0,"key":"Explosive Potion"},{"floor":11.0,"key":"EssenceOfSteel"},{"floor":16.0,"key":"Poison Potion"},{"floor":33.0,"key":"SneckoOil"},{"floor":35.0,"key":"AttackPotion"},{"floor":41.0,"key":"SteroidPotion"},{"floor":46.0,"key":"Explosive Potion"}],"is_trial":false,"path_per_floor":["M","M","$","M","M","R","E","R","T","$","E","M","E","?","R","B",null,"M","$","?","M","?","R","M","R","T","M","R","M","M","E","R","B",null,"M","?","?","M","M","R","E","R","T","M","E","M","E","$","R","B"],"character_chosen":"THE_SILENT","items_purchased":["Toxic Egg 2","Dagger Spray","Anchor","Expertise+1","Footwork+1","Blur+1","PowerPotion","Footwork+1","Weak Potion"],"campfire_rested":2,"item_purchase_floors":[3,3,10,10,19,19,19,48,48],"current_hp_per_floor":[44,43,43,43,42,42,28,28,28,28,28,28,26,26,26,24,51,37,37,37,37,37,37,32,32,32,31,49,49,29,29,47,44,56,56,56,56,56,56,60,35,56,56,42,40,36,33,33,57,39],"gold":39,"neow_bonus":"TWO_FIFTY_GOLD","is_prod":false,"is_daily":false,"chose_seed":false,"campfire_upgraded":8,"win_rate":0,"timestamp":1535063132,"path_taken":["M","?","$","M","M","R","E","R","T","$","E","M","E","?","R","BOSS","M","?","?","?","?","R","M","R","T","M","R","M","M","E","R","BOSS","M","?","?","M","?","R","E","R","T","M","E","M","E","$","R","BOSS"],"build_version":"2018-08-16","purchased_purges":0,"victory":true,"max_hp_per_floor":[66,66,66,66,66,66,66,66,66,66,66,66,66,60,60,60,60,60,60,60,60,60,60,60,60,60,60,60,60,60,60,60,60,60,60,60,60,60,60,60,60,60,60,60,60,60,60,60,60,60],"card_choices":[{"not_picked":["Infinite Blades","Tactician"],"picked":"Sucker Punch","floor":1.0},{"not_picked":["Concentrate","Poisoned Stab"],"picked":"Dagger Throw","floor":2.0},{"not_picked":["Dodge and Roll+1","Deadly Poison+1"],"picked":"Backstab","floor":4.0},{"not_picked":["Flechettes","Riddle With Holes","Underhanded Strike"],"picked":"SKIP","floor":5.0},{"not_picked":["Accuracy","Sucker Punch"],"picked":"Slice","floor":7.0},{"not_picked":["Poisoned Stab","Well Laid Plans+1"],"picked":"After Image+1","floor":11.0},{"not_picked":["Deflect+1","PiercingWail+1"],"picked":"Cloak And Dagger+1","floor":12.0},{"not_picked":["Venomology+1","Dash"],"picked":"Dodge and Roll+1","floor":13.0},{"not_picked":["Unload","Wraith Form v2+1"],"picked":"Die Die Die","floor":16.0},{"not_picked":["Acrobatics+1","Blade Dance+1"],"picked":"Backflip+1","floor":17.0},{"not_picked":["Deadly Poison+1","Underhanded Strike"],"picked":"Deflect+1","floor":17.0},{"not_picked":["Finisher","Dagger Spray"],"picked":"Distraction+1","floor":17.0},{"not_picked":["Slice","Outmaneuver+1"],"picked":"Prepared+1","floor":17.0},{"not_picked":["Accuracy+1","Grand Finale"],"picked":"Endless Agony","floor":17.0},{"not_picked":["Slice","Poisoned Stab"],"picked":"Deflect+1","floor":18.0},{"not_picked":["Slice","Masterful Stab"],"picked":"Distraction+1","floor":21.0},{"not_picked":["Bane","Quick Slash+1"],"picked":"Escape Plan+1","floor":24.0},{"not_picked":["Riddle With Holes","Quick Slash"],"picked":"Dagger Spray+1","floor":27.0},{"not_picked":["Bouncing Flask+1","Deflect+1"],"picked":"PiercingWail+1","floor":29.0},{"not_picked":["Underhanded Strike","Dagger Spray","All Out Attack"],"picked":"SKIP","floor":30.0},{"not_picked":["Underhanded Strike","Riddle With Holes","Slice"],"picked":"SKIP","floor":31.0},{"not_picked":["Burst+1","Wraith Form v2+1"],"picked":"A Thousand Cuts+1","floor":33.0},{"not_picked":["Underhanded Strike","Prepared+1"],"picked":"Blade Dance+1","floor":35.0},{"not_picked":["Dagger Spray","Deadly Poison+1"],"picked":"PiercingWail+1","floor":38.0},{"not_picked":["Masterful Stab","Underhanded Strike"],"picked":"Glass Knife","floor":39.0},{"not_picked":["Underhanded Strike","Endless Agony"],"picked":"Glass Knife","floor":41.0},{"not_picked":["Dagger Throw","Eviscerate"],"picked":"Dodge and Roll+1","floor":44.0},{"not_picked":["Deflect+1","Deadly Poison+1"],"picked":"Infinite Blades+1","floor":45.0},{"not_picked":["Acrobatics+1","Accuracy+1"],"picked":"Heel Hook","floor":46.0},{"not_picked":["Dagger Throw+1","Dagger Spray+1"],"picked":"Skewer+1","floor":47}],"player_experience":582429,"relics_obtained":[{"floor":7.0,"key":"Ice Cream"},{"floor":9.0,"key":"Frozen Egg 2"},{"floor":11.0,"key":"Happy Flower"},{"floor":13.0,"key":"Bottled Flame"},{"floor":26.0,"key":"Darkstone Periapt"},{"floor":31.0,"key":"Meat on the Bone"},{"floor":41.0,"key":"Juzu Bracelet"},{"floor":43.0,"key":"Ninja Scroll"},{"floor":45.0,"key":"Blue Candle"},{"floor":47,"key":"Vajra"}],"event_choices":[{"event_name":"Golden Idol","player_choice":"Lose Max HP","floor":14.0,"damage_taken":0.0},{"event_name":"The Mausoleum","player_choice":"No","floor":20.0,"damage_taken":0.0},{"event_name":"Drug Dealer","player_choice":"Ignored","floor":22.0,"damage_taken":0.0},{"event_name":"Tomb of Lord Red Mask","player_choice":"Paid","floor":36.0,"damage_taken":0.0},{"event_name":"Purifier","player_choice":"One Purge","floor":37.0,"damage_taken":0.0}],"is_beta":false,"boss_relics":[{"not_picked":["WristBlade","Runic Pyramid"],"picked":"Orrery"},{"not_picked":["Snecko Eye","White Beast Statue"],"picked":"Eternal Feather"}],"items_purged_floors":[],"is_endless":false,"potions_floor_spawned":[1,4,11,16,27,29,30,31,33,35,41,46],"ascension_level":15}