{"gold_per_floor":[119,130,430,505,505,540,558,558,558,10,36,36,50,62,62,133,133,149,168,182,182],"floor_reached":21,"playtime":2694,"items_purged":["Strike_G"],"score":410,"play_id":"1767e98a-7718-45d8-b80d-a0ac82d91794","local_time":"20181224222646","is_ascension_mode":true,"campfire_choices":[{"floor":8.0,"key":"REST"},{"data":"Sucker Punch","floor":12.0,"key":"SMITH"},{"data":"Cloak And Dagger","floor":15.0,"key":"SMITH"}],"neow_cost":"NONE","seed_source_timestamp":0,"circlet_count":0,"master_deck":["AscendersBane","Defend_G","Defend_G","Defend_G","Defend_G","Defend_G","Strike_G","Strike_G","Strike_G","Strike_G","Survivor","Neutralize+1","Infinite Blades","Deadly Poison","Flying Knee","Die Die Die","Deadly Poison","Sucker Punch+1","Flash of Steel","Cloak And Dagger+1","Backflip","Catalyst","Escape Plan","Deflect","Die Die Die","Dagger Spray+1","Die Die Die","Slice","Predator","Backflip+1","Sucker Punch+1"],"special_seed":0,"relics":["Ring of the Snake","NeowsBlessing","Old Coin","Question Card","Prayer Wheel","Ninja Scroll","Ornamental Fan","Eternal Feather"],"potions_floor_usage":[16,16,20],"damage_taken":[{"damage":0.0,"enemies":"Cultist","floor":1.0,"turns":1.0},{"damage":0.0,"enemies":"Small Slimes","floor":2.0,"turns":1.0},{"damage":0.0,"enemies":"Lagavulin","floor":6.0,"turns":1.0},{"damage":4.0,"enemies":"2 Louse","floor":7.0,"turns":3.0},{"damage":24.0,"enemies":"3 Sentries","floor":11.0,"turns":8.0},{"damage":9.0,"enemies":"Exordium Wildlife","floor":13.0,"turns":4.0},{"damage":0.0,"enemies":"Gremlin Gang","floor":14.0,"turns":3.0},{"damage":4,"enemies":"Hexaghost","floor":16,"turns":6},{"damage":19,"enemies":"Spheric Guardian","floor":18,"turns":4},{"damage":9,"enemies":"2 Thieves","floor":19,"turns":3},{"damage":9,"enemies":"Centurion and Healer","floor":20,"turns":8},{"damage":16,"enemies":"Snake Plant","floor":21,"turns":2}],"seed_played":"7404976986406456297","potions_obtained":[{"floor":2.0,"key":"Dexterity Potion"},{"floor":11.0,"key":"Poison Potion"},{"floor":16,"key":"Weak Potion"},{"floor":19,"key":"FearPotion"}],"is_trial":false,"path_per_floor":["M","M","?","?","?","E","M","R","T","$","E","R","M","M","M","R","B",null,"M","M","M","M"],"character_chosen":"THE_SILENT","items_purchased":["Deadly Poison","Sucker Punch","Flash of Steel","Ninja Scroll"],"campfire_rested":1,"item_purchase_floors":[10,10,10,10],"current_hp_per_floor":[59,59,41,30,30,30,26,45,45,45,21,21,12,12,12,8,52,33,24,15,0],"gold":182,"neow_bonus":"THREE_ENEMY_KILL","is_prod":false,"is_daily":false,"chose_seed":false,"campfire_upgraded":2,"win_rate":0,"timestamp":1545719206,"path_taken":["M","?","?","?","?","E","?","R","T","$","E","R","M","M","R","BOSS","M","?","M","M"],"build_version":"2018-12-20","purchased_purges":1,"victory":false,"max_hp_per_floor":[66,66,66,66,66,66,66,66,66,66,66,66,66,66,66,66,66,66,66,66,66],"card_choices":[{"not_picked":["Dagger Spray","Acrobatics"],"picked":"Infinite Blades","floor":1.0},{"not_picked":["Deflect","Bane"],"picked":"Deadly Poison","floor":2.0},{"not_picked":["Acrobatics","Tactician"],"picked":"Flying Knee","floor":6.0},{"not_picked":["Accuracy","Setup","Backflip"],"picked":"Die Die Die","floor":7.0},{"not_picked":["Sucker Punch","Skewer","Prepared"],"picked":"Cloak And Dagger","floor":11.0},{"not_picked":["Sucker Punch","Finisher","PiercingWail"],"picked":"Backflip","floor":13.0},{"not_picked":["Heel Hook","Dodge and Roll","Tactician"],"picked":"Catalyst","floor":13.0},{"not_picked":["Terror","Dagger Throw","Caltrops"],"picked":"Escape Plan","floor":14.0},{"not_picked":["Prepared","Acrobatics","Bouncing Flask"],"picked":"Deflect","floor":14.0},{"not_picked":["Phantasmal Killer","Doppelganger","Burst"],"picked":"Die Die Die","floor":16},{"not_picked":["Dodge and Roll","Acrobatics","Flying Knee"],"picked":"Dagger Spray+1","floor":18},{"not_picked":["Deflect","Poisoned Stab+1","Acrobatics"],"picked":"Die Die Die","floor":18},{"not_picked":["Outmaneuver","Blade Dance","Crippling Poison"],"picked":"Slice","floor":19},{"not_picked":["Eviscerate","Masterful Stab","Poisoned Stab"],"picked":"Predator","floor":19},{"not_picked":["Sucker Punch","Expertise","Infinite Blades"],"picked":"Backflip+1","floor":20},{"not_picked":["PiercingWail","Infinite Blades","Deflect"],"picked":"Sucker Punch+1","floor":20}],"player_experience":694669,"relics_obtained":[{"floor":6.0,"key":"Question Card"},{"floor":9.0,"key":"Prayer Wheel"},{"floor":11.0,"key":"Ornamental Fan"}],"event_choices":[{"damage_healed":0.0,"max_hp_gain":0.0,"max_hp_loss":0.0,"gold_gain":0.0,"event_name":"Scrap Ooze","player_choice":"Success","floor":3.0,"gold_loss":0.0,"damage_taken":18.0,"relics_obtained":["Old Coin"]},{"damage_healed":0.0,"max_hp_gain":0.0,"max_hp_loss":0.0,"gold_gain":75.0,"event_name":"World of Goop","player_choice":"Gather Gold","floor":4.0,"gold_loss":0.0,"damage_taken":11.0},{"damage_healed":0.0,"max_hp_gain":0.0,"max_hp_loss":0.0,"gold_gain":0.0,"event_name":"Living Wall","player_choice":"Grow","floor":5.0,"gold_loss":0.0,"damage_taken":0.0,"cards_upgraded":["Neutralize"]}],"is_beta":false,"boss_relics":[{"not_picked":["Calling Bell","Black Star"],"picked":"Eternal Feather"}],"items_purged_floors":[10],"is_endless":false,"potions_floor_spawned":[2,11,16,19],"killed_by":"Snake Plant","ascension_level":18}