{"gold_per_floor":[117,117,128,143,155,155,182,43,43,73,73,22,22,32,32,32],"floor_reached":16,"playtime":942,"items_purged":[],"score":160,"play_id":"148467e8-fe53-4fd4-b2c3-c4d6247007b0","local_time":"20180808134648","is_ascension_mode":true,"campfire_choices":[{"data":"Go for the Eyes","floor":6,"key":"SMITH"},{"data":"Zap","floor":11,"key":"SMITH"},{"data":"Hologram","floor":13,"key":"SMITH"},{"data":"Cold Snap","floor":15,"key":"SMITH"}],"neow_cost":"NONE","seed_source_timestamp":1388904681034288,"circlet_count":0,"master_deck":["Strike_B","Strike_B","Strike_B","Defend_B","Defend_B","Defend_B","Defend_B","Zap+1","Dualcast","Gash","Coolheaded","Go for the Eyes+1","Cold Snap+1","Steam","Hologram+1","Steam"],"relics":["Cracked Core","MawBank","DataDisk","Darkstone Periapt","Unceasing Top"],"potions_floor_usage":[5,10,10,10,10,10,16],"damage_taken":[{"damage":2,"enemies":"Jaw Worm","floor":1,"turns":3},{"damage":0,"enemies":"Small Slimes","floor":3,"turns":2},{"damage":5,"enemies":"2 Louse","floor":4,"turns":3},{"damage":14,"enemies":"Exordium Wildlife","floor":5,"turns":5},{"damage":19,"enemies":"3 Sentries","floor":7,"turns":9},{"damage":10,"enemies":"Gremlin Nob","floor":10,"turns":4},{"damage":1,"enemies":"Red Slaver","floor":14,"turns":3},{"damage":10,"enemies":"Hexaghost","floor":16,"turns":15}],"seed_played":"-2581308298718372745","potions_obtained":[{"floor":5,"key":"Weak Potion"},{"floor":14,"key":"Explosive Potion"}],"is_trial":false,"path_per_floor":["M","?","M","M","M","R","E","$","T","E","R","$","R","M","R"],"character_chosen":"DEFECT","items_purchased":["DataDisk","Hologram"],"campfire_rested":0,"item_purchase_floors":[8,12],"current_hp_per_floor":[66,59,59,54,40,40,21,21,21,11,11,11,11,10,10,0],"gold":32,"neow_bonus":"THREE_SMALL_POTIONS","is_prod":false,"is_daily":false,"chose_seed":false,"campfire_upgraded":4,"win_rate":0,"timestamp":1533761208,"path_taken":["M","?","M","M","?","R","E","?","T","E","R","$","R","M","R","BOSS"],"build_version":"2018-08-02","purchased_purges":0,"victory":false,"max_hp_per_floor":[75,75,75,75,75,75,75,75,75,75,75,75,75,75,75,75],"card_choices":[{"not_picked":["Coolheaded","Rebound"],"picked":"Gash","floor":1},{"not_picked":["Skim","Stack"],"picked":"Coolheaded","floor":3},{"not_picked":["Coolheaded","Hologram"],"picked":"Go for the Eyes","floor":4},{"not_picked":["Heatsinks","Reinforced Body"],"picked":"Cold Snap","floor":5},{"not_picked":["Barrage","Double Energy","Hologram"],"picked":"SKIP","floor":7},{"not_picked":["Compile Driver","Rip and Tear"],"picked":"Steam","floor":10},{"not_picked":["Storm","Heatsinks"],"picked":"Steam","floor":14}],"player_experience":363659,"relics_obtained":[{"floor":7,"key":"MawBank"},{"floor":9,"key":"Darkstone Periapt"},{"floor":10,"key":"Unceasing Top"}],"event_choices":[{"event_name":"Golden Wing","player_choice":"Card Removal","floor":2,"damage_taken":0}],"is_beta":false,"boss_relics":[],"items_purged_floors":[],"is_endless":false,"potions_floor_spawned":[5,14],"killed_by":"Hexaghost","ascension_level":9}