{"gold_per_floor":[112,112,123,198,198,198,224,224,224,224,255,271,282,298,298,298],"floor_reached":16,"playtime":1499,"items_purged":[],"score":209,"play_id":"ff1056e2-8221-46f6-b63c-0a43eda79aea","local_time":"20181223212454","is_ascension_mode":true,"campfire_choices":[{"data":"Headbutt","floor":6,"key":"SMITH"},{"floor":8,"key":"REST"},{"data":"Twin Strike","floor":10,"key":"SMITH"},{"data":"Uppercut","floor":15,"key":"SMITH"}],"neow_cost":"NONE","seed_source_timestamp":212278868034236,"circlet_count":0,"master_deck":["AscendersBane","Strike_R","Strike_R","Strike_R","Strike_R","Defend_R","Defend_R","Defend_R","Defend_R","Bash+1","Headbutt+1","Clothesline+1","Twin Strike+1","Feed","Ghostly Armor","Uppercut+1"],"relics":["Burning Blood","Dodecahedron","Orichalcum","Ornamental Fan"],"potions_floor_usage":[16,16],"damage_taken":[{"damage":6,"enemies":"Jaw Worm","floor":1,"turns":6},{"damage":0,"enemies":"2 Louse","floor":3,"turns":3},{"damage":27,"enemies":"Lagavulin","floor":7,"turns":6},{"damage":55,"enemies":"3 Sentries","floor":11,"turns":13},{"damage":0,"enemies":"Cultist","floor":12,"turns":3},{"damage":2,"enemies":"2 Fungi Beasts","floor":13,"turns":5},{"damage":2,"enemies":"Lots of Slimes","floor":14,"turns":4},{"damage":28,"enemies":"The Guardian","floor":16,"turns":13}],"seed_played":"8322065633553032461","potions_obtained":[{"floor":11,"key":"Swift Potion"},{"floor":13,"key":"AttackPotion"}],"is_trial":false,"path_per_floor":["M","?","M","?","?","R","E","R","T","R","E","M","M","M","R","B"],"character_chosen":"IRONCLAD","items_purchased":[],"campfire_rested":1,"item_purchase_floors":[],"current_hp_per_floor":[68,61,67,56,56,56,35,57,57,57,8,14,18,25,25,0],"gold":298,"neow_bonus":"UPGRADE_CARD","is_prod":false,"is_daily":false,"chose_seed":false,"campfire_upgraded":3,"win_rate":0,"timestamp":1545629094,"path_taken":["M","?","M","?","?","R","E","R","T","R","E","?","M","M","R","BOSS"],"build_version":"2018-12-20","purchased_purges":0,"victory":false,"max_hp_per_floor":[75,75,75,75,75,75,75,75,75,75,75,75,75,78,78,78],"card_choices":[{"not_picked":["Flex","Shrug It Off"],"picked":"Headbutt","floor":1},{"not_picked":["Metallicize","Havoc"],"picked":"Clothesline","floor":3},{"not_picked":["Flex","Reckless Charge"],"picked":"Twin Strike","floor":7},{"not_picked":["Iron Wave","Battle Trance"],"picked":"Feed","floor":11},{"not_picked":["True Grit","Headbutt"],"picked":"Ghostly Armor","floor":12},{"not_picked":["Rage","Thunderclap","Warcry"],"picked":"SKIP","floor":13},{"not_picked":["Armaments","Body Slam"],"picked":"Uppercut","floor":14}],"player_experience":672847,"relics_obtained":[{"floor":7,"key":"Dodecahedron"},{"floor":9,"key":"Orichalcum"},{"floor":11,"key":"Ornamental Fan"}],"event_choices":[{"cards_removed":["Strike_R"],"damage_healed":0,"gold_gain":0,"player_choice":"Card Removal","damage_taken":7,"max_hp_gain":0,"max_hp_loss":0,"event_name":"Golden Wing","floor":2,"gold_loss":0},{"damage_healed":0,"gold_gain":75,"player_choice":"Gather Gold","damage_taken":11,"max_hp_gain":0,"max_hp_loss":0,"event_name":"World of Goop","floor":4,"gold_loss":0},{"damage_healed":0,"gold_gain":0,"player_choice":"Upgraded","damage_taken":0,"max_hp_gain":0,"max_hp_loss":0,"event_name":"Upgrade Shrine","floor":5,"gold_loss":0,"cards_upgraded":["Clothesline"]}],"is_beta":false,"boss_relics":[],"items_purged_floors":[],"is_endless":false,"potions_floor_spawned":[11,13,14],"killed_by":"The Guardian","ascension_level":18}