{"gold_per_floor":[114,132,132,132,143,143,169,169,169,202,217,217],"floor_reached":12,"playtime":668,"items_purged":[],"score":150,"play_id":"1a26493c-72e3-43be-aef3-7b37fe7b39e0","local_time":"20180816105410","is_ascension_mode":true,"campfire_choices":[{"data":"Bash","floor":6,"key":"SMITH"},{"data":"Dark Embrace","floor":8,"key":"SMITH"}],"neow_cost":"NONE","seed_source_timestamp":2070018041569629,"circlet_count":0,"master_deck":["Strike_R","Strike_R","Strike_R","Strike_R","Strike_R","Defend_R","Defend_R","Defend_R","Bash+1","AscendersBane","Dark Embrace+1","Metallicize","Spot Weakness","Cleave","Sever Soul","Shrug It Off","Whirlwind"],"relics":["Burning Blood","Charon\u0027s Ashes","Unceasing Top","Frozen Egg 2"],"potions_floor_usage":[10,12],"damage_taken":[{"damage":1,"enemies":"Cultist","floor":1,"turns":3},{"damage":6,"enemies":"Jaw Worm","floor":2,"turns":5},{"damage":0,"enemies":"2 Louse","floor":5,"turns":4},{"damage":25,"enemies":"3 Sentries","floor":7,"turns":7},{"damage":39,"enemies":"Lagavulin","floor":10,"turns":8},{"damage":14,"enemies":"Gremlin Gang","floor":11,"turns":4},{"damage":13,"enemies":"Gremlin Nob","floor":12,"turns":2}],"seed_played":"2818241151740471866","potions_obtained":[{"floor":5,"key":"EssenceOfSteel"},{"floor":11,"key":"Poison Potion"}],"is_trial":false,"path_per_floor":["M","M","?","?","M","R","E","R","T","E","M"],"character_chosen":"IRONCLAD","items_purchased":[],"campfire_rested":0,"item_purchase_floors":[],"current_hp_per_floor":[73,73,66,66,72,72,53,53,53,20,12,0],"gold":217,"neow_bonus":"ONE_RANDOM_RARE_CARD","is_prod":false,"is_daily":false,"chose_seed":false,"campfire_upgraded":2,"win_rate":0,"timestamp":1534442050,"path_taken":["M","?","?","?","M","R","E","R","T","E","M","E"],"build_version":"2018-08-09","purchased_purges":0,"victory":false,"max_hp_per_floor":[75,75,75,75,75,75,75,75,75,75,75,75],"card_choices":[{"not_picked":["Pommel Strike","Wild Strike"],"picked":"Metallicize","floor":1},{"not_picked":["Armaments","Perfected Strike"],"picked":"Spot Weakness","floor":2},{"not_picked":["Reckless Charge","Dual Wield"],"picked":"Cleave","floor":5},{"not_picked":["Hemokinesis","Perfected Strike"],"picked":"Sever Soul","floor":7},{"not_picked":["Ghostly Armor","Offering"],"picked":"Shrug It Off","floor":10},{"not_picked":["Shockwave","Wild Strike"],"picked":"Whirlwind","floor":11}],"player_experience":476287,"relics_obtained":[{"floor":7,"key":"Charon\u0027s Ashes"},{"floor":9,"key":"Unceasing Top"},{"floor":10,"key":"Frozen Egg 2"}],"event_choices":[{"event_name":"Golden Wing","player_choice":"Card Removal","floor":3,"damage_taken":0},{"event_name":"Liars Game","player_choice":"disagreed","floor":4,"damage_taken":0}],"is_beta":false,"boss_relics":[],"items_purged_floors":[],"is_endless":false,"potions_floor_spawned":[5,11],"killed_by":"Gremlin Nob","ascension_level":14}