{"gold_per_floor":[118,129,7,24,41,69,79,114,114,142,161,161,192,210,210,308,308,327,67,267,235,2,2,17,17],"floor_reached":25,"playtime":6231,"items_purged":["Defend_G","Strike_G"],"score":295,"play_id":"5277a211-13de-456c-befd-41cad2827ab2","local_time":"20180723172313","is_ascension_mode":true,"campfire_choices":[{"data":"Noxious Fumes","floor":12,"key":"SMITH"},{"floor":15,"key":"REST"},{"data":"Outmaneuver","floor":23,"key":"SMITH"}],"neow_cost":"NONE","seed_source_timestamp":0,"circlet_count":0,"master_deck":["Defend_G","Defend_G","Defend_G","Defend_G","Strike_G","Strike_G","Strike_G","Survivor","Neutralize","Calculated Gamble","Backflip","Cloak And Dagger","Crippling Poison","Cloak And Dagger","Dagger Spray","Noxious Fumes+1","Well Laid Plans","Deflect","Backflip","Deadly Poison","Venomology","Backflip","Escape Plan","Footwork+1","Poisoned Stab","Finesse","Caltrops+1","Backflip","Outmaneuver+1"],"special_seed":0,"relics":["Ring of the Serpent","Boot","Regal Pillow","Bag of Marbles","Art of War","Frozen Egg 2"],"potions_floor_usage":[16,16,21],"damage_taken":[{"damage":0.0,"enemies":"Cultist","floor":1.0,"turns":4.0},{"damage":4.0,"enemies":"Small Slimes","floor":2.0,"turns":5.0},{"damage":1.0,"enemies":"Jaw Worm","floor":4.0,"turns":5.0},{"damage":1.0,"enemies":"Red Slaver","floor":5.0,"turns":5.0},{"damage":12.0,"enemies":"3 Sentries","floor":6.0,"turns":15.0},{"damage":1.0,"enemies":"2 Fungi Beasts","floor":7.0,"turns":3.0},{"damage":11.0,"enemies":"Lagavulin","floor":8.0,"turns":6.0},{"damage":4,"enemies":"3 Sentries","floor":10,"turns":4},{"damage":0,"enemies":"Exordium Wildlife","floor":11,"turns":3},{"damage":8,"enemies":"Lagavulin","floor":13,"turns":8},{"damage":0,"enemies":"Gremlin Gang","floor":14,"turns":2},{"damage":17,"enemies":"Hexaghost","floor":16,"turns":8},{"damage":9,"enemies":"Spheric Guardian","floor":18,"turns":5},{"damage":12,"enemies":"2 Thieves","floor":21,"turns":5},{"damage":18,"enemies":"Centurion and Healer","floor":24,"turns":7},{"damage":32,"enemies":"Gremlin Leader","floor":25,"turns":4}],"seed_played":"-834555822082472572","potions_obtained":[{"floor":1.0,"key":"SkillPotion"},{"floor":2.0,"key":"Poison Potion"},{"floor":8,"key":"LiquidBronze"},{"floor":10,"key":"Energy Potion"},{"floor":16,"key":"LiquidBronze"}],"is_trial":false,"path_per_floor":["M","M","$","M","M","E","M","E","T","E","M","R","E","M","R","B",null,"M","$","?","M","$","R","M"],"character_chosen":"THE_SILENT","items_purchased":["Cloak And Dagger","Escape Plan","Footwork+1","Finesse","Caltrops+1","Backflip","Outmaneuver"],"campfire_rested":1,"item_purchase_floors":[3,19,19,22,22,22,22],"current_hp_per_floor":[70,66,66,65,64,52,51,40,40,36,36,36,28,28,64,47,70,61,61,61,49,49,49,31,0],"gold":17,"neow_bonus":"REMOVE_CARD","is_prod":false,"is_daily":false,"chose_seed":false,"campfire_upgraded":2,"win_rate":0,"timestamp":1532391793,"path_taken":["M","M","?","M","M","E","M","E","T","E","M","R","E","M","R","BOSS","M","$","?","M","$","R","M","E"],"build_version":"2018-07-19v2","purchased_purges":2,"victory":false,"max_hp_per_floor":[70,70,70,70,70,70,70,70,70,70,70,70,70,70,70,70,70,70,70,70,70,70,70,70,70],"card_choices":[{"not_picked":["Reflex","PiercingWail"],"picked":"Calculated Gamble","floor":1.0},{"not_picked":["PiercingWail","Dash"],"picked":"Backflip","floor":2.0},{"not_picked":["All Out Attack","Outmaneuver"],"picked":"Crippling Poison","floor":4.0},{"not_picked":["Acrobatics","PiercingWail"],"picked":"Cloak And Dagger","floor":5.0},{"not_picked":["Outmaneuver","Deadly Poison"],"picked":"Dagger Spray","floor":6.0},{"not_picked":["Reflex","Corpse Explosion"],"picked":"Noxious Fumes","floor":7.0},{"not_picked":["Reflex","Masterful Stab","Wraith Form v2"],"picked":"SKIP","floor":8},{"not_picked":["Dodge and Roll","Caltrops"],"picked":"Well Laid Plans","floor":10},{"not_picked":["Underhanded Strike","Sucker Punch"],"picked":"Deflect","floor":11},{"not_picked":["Cloak And Dagger","Blade Dance"],"picked":"Backflip","floor":13},{"not_picked":["Dagger Throw","Distraction"],"picked":"Deadly Poison","floor":14},{"not_picked":["Night Terror","Doppelganger"],"picked":"Venomology","floor":16},{"not_picked":["Dagger Spray+1","Underhanded Strike"],"picked":"Backflip","floor":18},{"not_picked":["Flying Knee","Well Laid Plans+1"],"picked":"Poisoned Stab","floor":21},{"not_picked":["Flying Knee","PiercingWail","Heel Hook"],"picked":"SKIP","floor":24}],"player_experience":142053,"relics_obtained":[{"floor":6.0,"key":"Boot"},{"floor":8,"key":"Regal Pillow"},{"floor":9,"key":"Bag of Marbles"},{"floor":10,"key":"Art of War"},{"floor":13,"key":"Frozen Egg 2"}],"event_choices":[{"event_name":"The Joust","player_choice":"Bet on Owner","floor":20,"damage_taken":0}],"is_beta":false,"boss_relics":[{"not_picked":["WristBlade","Busted Crown"],"picked":"Ring of the Serpent"}],"items_purged_floors":[3,19],"is_endless":false,"potions_floor_spawned":[1,2,8,10,16],"killed_by":"Gremlin Leader","ascension_level":3}