{"gold_per_floor":[115,127,141,141,164,208,208,239,239,239],"floor_reached":10,"playtime":834,"items_purged":[],"score":117,"play_id":"f93014c7-9aa9-49ca-8757-0db0b07cd5ea","local_time":"20180808202736","is_ascension_mode":true,"campfire_choices":[{"floor":7,"key":"REST"}],"neow_cost":"NONE","seed_source_timestamp":0,"circlet_count":0,"master_deck":["Defend_G","Defend_G","Defend_G","Defend_G","Defend_G","Strike_G","Strike_G","Strike_G","Strike_G","Strike_G","Survivor","Neutralize","AscendersBane","Backflip","Riddle With Holes","Dagger Spray","Cloak And Dagger","Dodge and Roll","Doppelganger"],"special_seed":0,"relics":["Fusion Hammer","Golden Idol","Bottled Lightning","Potion Belt","Mercury Hourglass"],"potions_floor_usage":[10],"damage_taken":[{"damage":6.0,"enemies":"Jaw Worm","floor":1.0,"turns":6.0},{"damage":0.0,"enemies":"Cultist","floor":2.0,"turns":4.0},{"damage":1.0,"enemies":"2 Louse","floor":3.0,"turns":3.0},{"damage":12.0,"enemies":"Exordium Thugs","floor":5.0,"turns":7.0},{"damage":40.0,"enemies":"Lagavulin","floor":6.0,"turns":12.0},{"damage":4,"enemies":"3 Sentries","floor":8,"turns":9},{"damage":25,"enemies":"Gremlin Nob","floor":10,"turns":3}],"seed_played":"7472037892560836664","potions_obtained":[{"floor":1.0,"key":"Weak Potion"},{"floor":6,"key":"LiquidBronze"}],"is_trial":false,"path_per_floor":["M","M","M","?","M","E","R","E","T"],"character_chosen":"THE_SILENT","items_purchased":[],"campfire_rested":1,"item_purchase_floors":[],"current_hp_per_floor":[57,57,56,56,44,4,23,19,19,0],"gold":239,"neow_bonus":"BOSS_RELIC","is_prod":false,"is_daily":false,"chose_seed":false,"campfire_upgraded":0,"win_rate":0,"timestamp":1533785256,"path_taken":["M","M","M","?","M","E","R","E","T","E"],"build_version":"2018-08-02","purchased_purges":0,"victory":false,"max_hp_per_floor":[70,70,70,65,65,65,65,65,65,65],"card_choices":[{"not_picked":["Bouncing Flask","Dodge and Roll"],"picked":"Backflip","floor":1.0},{"not_picked":["Acrobatics","Dodge and Roll"],"picked":"Riddle With Holes","floor":2.0},{"not_picked":["Flying Knee","Dodge and Roll"],"picked":"Dagger Spray","floor":3.0},{"not_picked":["Deflect","Escape Plan"],"picked":"Cloak And Dagger","floor":5.0},{"not_picked":["Deadly Poison","Catalyst"],"picked":"Dodge and Roll","floor":6},{"not_picked":["Deadly Poison","Skewer"],"picked":"Doppelganger","floor":8}],"player_experience":379954,"relics_obtained":[{"floor":6,"key":"Bottled Lightning"},{"floor":8,"key":"Potion Belt"},{"floor":9,"key":"Mercury Hourglass"}],"event_choices":[{"event_name":"Golden Idol","player_choice":"Lose Max HP","floor":4.0,"damage_taken":0.0}],"is_beta":false,"boss_relics":[],"items_purged_floors":[],"is_endless":false,"potions_floor_spawned":[1,6],"killed_by":"Gremlin Nob","ascension_level":10}