{"gold_per_floor":[119,119,139,86,105,105,132,132,132,132,210,225,285,3,3,100,100,100,100,100,100,100,100,100,100,100,100,100,100,100,100,100,100],"floor_reached":33,"playtime":2420,"items_purged":[],"score":329,"play_id":"d6013955-3442-4681-a5f5-8e951c0bbadc","local_time":"20190405220005","is_ascension_mode":true,"campfire_choices":[{"data":"Riddle With Holes","floor":6,"key":"SMITH"},{"floor":10,"key":"REST"},{"floor":15,"key":"REST"},{"floor":23,"key":"REST"},{"floor":25,"key":"REST"},{"floor":30,"key":"REST"},{"floor":32,"key":"REST"}],"neow_cost":"NONE","seed_source_timestamp":1295444284527104,"circlet_count":0,"master_deck":["Defend_G","Defend_G+1","Defend_G","Defend_G","Defend_G","Strike_G","Strike_G","Strike_G","Survivor+1","Neutralize","Riddle With Holes+1","Flash of Steel","Prepared","Dodge and Roll","Deflect","Unload","Flying Knee","Poisoned Stab","Catalyst","Crippling Poison","Bandage Up","Riddle With Holes","Tools of the Trade","Dodge and Roll+1","Deflect","Catalyst","Dodge and Roll","Acrobatics","Poisoned Stab","Deadly Poison","Flying Knee","Poisoned Stab+1","Dagger Throw+1","Noxious Fumes"],"relics":["Ring of the Snake","Anchor","Torii","The Specimen","Gambling Chip","Ectoplasm","Darkstone Periapt","Red Mask","Potion Belt","Dream Catcher","Shuriken"],"potions_floor_usage":[16,16,22,22,24,33],"damage_taken":[{"damage":1,"enemies":"2 Louse","floor":1,"turns":3},{"damage":1,"enemies":"Cultist","floor":3,"turns":4},{"damage":0,"enemies":"Small Slimes","floor":5,"turns":2},{"damage":33,"enemies":"3 Sentries","floor":7,"turns":13},{"damage":0,"enemies":"3 Louse","floor":12,"turns":4},{"damage":32,"enemies":"Gremlin Nob","floor":13,"turns":4},{"damage":33,"enemies":"The Guardian","floor":16,"turns":16},{"damage":12,"enemies":"Spheric Guardian","floor":18,"turns":5},{"damage":0,"enemies":"Shell Parasite","floor":20,"turns":9},{"damage":33,"enemies":"Masked Bandits","floor":22,"turns":5},{"damage":12,"enemies":"Snake Plant","floor":24,"turns":4},{"damage":17,"enemies":"Centurion and Healer","floor":27,"turns":7},{"damage":42,"enemies":"Gremlin Leader","floor":28,"turns":7},{"damage":0,"enemies":"Cultist and Chosen","floor":31,"turns":5},{"damage":64,"enemies":"Champ","floor":33,"turns":9}],"seed_played":"8858787830251634957","potions_obtained":[{"floor":1,"key":"EssenceOfSteel"},{"floor":5,"key":"EssenceOfSteel"},{"floor":13,"key":"Explosive Potion"},{"floor":16,"key":"Energy Potion"},{"floor":20,"key":"Energy Potion"},{"floor":27,"key":"SteroidPotion"},{"floor":31,"key":"GhostInAJar"}],"is_trial":false,"path_per_floor":["M","?","M","$","M","R","E","?","T","R","?","M","?","$","R","B",null,"M","?","M","?","?","R","M","R","T","M","E","?","R","M","R","B"],"character_chosen":"THE_SILENT","items_purchased":["Dodge and Roll","Catalyst","Crippling Poison","Bandage Up","Riddle With Holes"],"campfire_rested":6,"item_purchase_floors":[4,14,14,14,14],"current_hp_per_floor":[69,69,68,68,68,68,35,21,21,42,42,42,10,10,31,2,53,45,45,49,49,20,41,33,54,54,41,3,3,24,28,49,0],"gold":100,"neow_bonus":"RANDOM_COMMON_RELIC","is_prod":false,"is_daily":false,"chose_seed":false,"campfire_upgraded":1,"win_rate":0,"timestamp":1554519605,"path_taken":["M","?","?","$","M","R","E","?","T","R","?","M","?","?","R","BOSS","M","?","M","?","?","R","M","R","T","M","E","?","R","?","R","BOSS"],"build_version":"2019-01-23","purchased_purges":0,"victory":false,"max_hp_per_floor":[70,70,70,70,70,70,70,70,70,70,70,70,70,70,70,70,70,70,70,70,70,70,70,70,70,70,70,70,70,70,70,70,70],"card_choices":[{"not_picked":["Catalyst","Blade Dance"],"picked":"Riddle With Holes","floor":1},{"not_picked":["Dodge and Roll","Quick Slash"],"picked":"Prepared","floor":3},{"not_picked":["Accuracy","Underhanded Strike"],"picked":"Deflect","floor":5},{"not_picked":["Flying Knee","Dodge and Roll"],"picked":"Unload","floor":7},{"not_picked":["Blade Dance","Prepared"],"picked":"Flying Knee","floor":12},{"not_picked":["Catalyst","Accuracy"],"picked":"Poisoned Stab","floor":13},{"not_picked":["A Thousand Cuts","Doppelganger"],"picked":"Tools of the Trade","floor":16},{"not_picked":["Deflect","Dagger Throw"],"picked":"Dodge and Roll+1","floor":18},{"not_picked":["Setup","Reflex"],"picked":"Deflect","floor":20},{"not_picked":["Terror","Dagger Throw+1"],"picked":"Acrobatics","floor":22},{"not_picked":["Cloak And Dagger","Blade Dance+1"],"picked":"Poisoned Stab","floor":24},{"not_picked":["Accuracy","Tactician"],"picked":"Deadly Poison","floor":27},{"not_picked":["Riddle With Holes","Blade Dance"],"picked":"Flying Knee","floor":28},{"not_picked":["Well Laid Plans","Slice"],"picked":"Poisoned Stab+1","floor":30},{"not_picked":["Night Terror","Underhanded Strike"],"picked":"Dagger Throw+1","floor":31},{"not_picked":["Dash+1","Bane"],"picked":"Noxious Fumes","floor":32}],"player_experience":799833,"relics_obtained":[{"floor":7,"key":"Torii"},{"floor":9,"key":"The Specimen"},{"floor":13,"key":"Gambling Chip"},{"floor":22,"key":"Red Mask"},{"floor":26,"key":"Potion Belt"},{"floor":28,"key":"Dream Catcher"},{"floor":29,"key":"Shuriken"}],"event_choices":[{"damage_healed":0,"gold_gain":0,"player_choice":"1 cards matched","damage_taken":0,"max_hp_gain":0,"max_hp_loss":0,"event_name":"Match and Keep!","floor":2,"gold_loss":0,"cards_obtained":["Flash of Steel"]},{"damage_healed":0,"gold_gain":0,"player_choice":"Entered Light","damage_taken":14,"max_hp_gain":0,"max_hp_loss":0,"event_name":"Shining Light","floor":8,"gold_loss":0,"cards_upgraded":["Survivor","Defend_G"]},{"damage_healed":0,"gold_gain":78,"player_choice":"Gained Gold","damage_taken":0,"max_hp_gain":0,"max_hp_loss":0,"event_name":"Golden Wing","floor":11,"gold_loss":0},{"damage_healed":0,"gold_gain":0,"player_choice":"Searched \u00272\u0027 times","damage_taken":0,"max_hp_gain":0,"max_hp_loss":0,"event_name":"Dead Adventurer","floor":13,"gold_loss":0},{"damage_healed":0,"gold_gain":0,"player_choice":"Opened","damage_taken":0,"relics_obtained":["Darkstone Periapt"],"max_hp_gain":0,"max_hp_loss":0,"event_name":"The Mausoleum","floor":19,"gold_loss":0},{"damage_healed":0,"gold_gain":0,"cards_transformed":["Strike_G","Strike_G"],"player_choice":"Became Test Subject","damage_taken":0,"max_hp_gain":0,"max_hp_loss":0,"event_name":"Drug Dealer","floor":21,"gold_loss":0,"cards_obtained":["Catalyst","Dodge and Roll"]},{"damage_healed":0,"gold_gain":0,"player_choice":"Fought Bandits","damage_taken":0,"max_hp_gain":0,"max_hp_loss":0,"event_name":"Masked Bandits","floor":22,"gold_loss":0},{"damage_healed":0,"gold_gain":0,"player_choice":"Relic","damage_taken":0,"max_hp_gain":0,"max_hp_loss":0,"event_name":"Wheel of Change","floor":29,"gold_loss":0}],"is_beta":false,"boss_relics":[{"not_picked":["Lizard Tail","Astrolabe"],"picked":"Ectoplasm"}],"items_purged_floors":[],"is_endless":false,"potions_floor_spawned":[1,5,13,16,20,27,31],"killed_by":"Champ","ascension_level":5}