{"gold_per_floor":[115,134,134,149,162,162,182,194,247,247,259,294,310,339,339,434,434,449,466,466,466],"floor_reached":21,"playtime":3727,"items_purged":[],"score":302,"play_id":"a5537daa-2715-4dca-8d90-22ae246221fc","local_time":"20180809145755","is_ascension_mode":true,"campfire_choices":[{"floor":6.0,"key":"REST"},{"data":"Neutralize","floor":10.0,"key":"SMITH"},{"data":"Footwork","floor":15,"key":"SMITH"}],"neow_cost":"NONE","seed_source_timestamp":0,"circlet_count":0,"master_deck":["Defend_G","Defend_G","Defend_G","Defend_G","Defend_G","Strike_G","Strike_G","Strike_G","Strike_G","Survivor","Neutralize+1","AscendersBane","Dagger Spray","Footwork+1","Blur","Cloak And Dagger","Glass Knife","Sucker Punch","Unload","A Thousand Cuts","Footwork","Noxious Fumes","Slice","Sucker Punch","Cloak And Dagger","Leg Sweep+1","Quick Slash+1","Phantasmal Killer"],"special_seed":0,"relics":["Ring of the Snake","Ancient Tea Set","Lantern","Meat on the Bone","Orrery"],"potions_floor_usage":[12,12,16],"damage_taken":[{"damage":0.0,"enemies":"Small Slimes","floor":1.0,"turns":6.0},{"damage":6.0,"enemies":"Jaw Worm","floor":2.0,"turns":5.0},{"damage":0.0,"enemies":"Cultist","floor":4.0,"turns":5.0},{"damage":11.0,"enemies":"Lots of Slimes","floor":5.0,"turns":3.0},{"damage":0.0,"enemies":"2 Fungi Beasts","floor":7.0,"turns":5.0},{"damage":15.0,"enemies":"Gremlin Gang","floor":8.0,"turns":5.0},{"damage":0,"enemies":"3 Louse","floor":11,"turns":2},{"damage":20,"enemies":"Lagavulin","floor":12,"turns":11},{"damage":0,"enemies":"Looter","floor":13,"turns":4},{"damage":4,"enemies":"3 Sentries","floor":14,"turns":10},{"damage":39,"enemies":"The Guardian","floor":16,"turns":19},{"damage":27,"enemies":"Chosen","floor":18,"turns":6},{"damage":9,"enemies":"Spheric Guardian","floor":19,"turns":6},{"damage":44,"enemies":"Snake Plant","floor":21,"turns":5}],"seed_played":"6471806932064596420","potions_obtained":[{"floor":4.0,"key":"Poison Potion"},{"floor":5.0,"key":"PowerPotion"},{"floor":8.0,"key":"AttackPotion"},{"floor":11,"key":"AttackPotion"},{"floor":12,"key":"Strength Potion"},{"floor":16,"key":"SpeedPotion"}],"is_trial":false,"path_per_floor":["M","M","?","M","M","R","M","M","T","R","M","E","M","E","R","B",null,"M","M","?"],"character_chosen":"THE_SILENT","items_purchased":[],"campfire_rested":1,"item_purchase_floors":[],"current_hp_per_floor":[70,64,69,69,58,82,82,67,67,67,67,47,47,43,43,16,66,51,42,42,0],"gold":466,"neow_bonus":"TEN_PERCENT_HP_BONUS","is_prod":false,"is_daily":false,"chose_seed":false,"campfire_upgraded":2,"win_rate":0,"timestamp":1533851875,"path_taken":["M","M","?","M","M","R","M","M","T","R","M","E","M","E","R","BOSS","M","M","?","M"],"build_version":"2018-08-02","purchased_purges":0,"victory":false,"max_hp_per_floor":[77,77,82,82,82,82,82,82,82,82,82,82,82,82,82,82,82,82,82,82,82],"card_choices":[{"not_picked":["Prepared","Bouncing Flask"],"picked":"Dagger Spray","floor":1.0},{"not_picked":["Eviscerate","Expertise"],"picked":"Footwork","floor":2.0},{"not_picked":["Escape Plan","Deadly Poison","Bane"],"picked":"SKIP","floor":4.0},{"not_picked":["Setup","Terror","Bane"],"picked":"SKIP","floor":5.0},{"not_picked":["Quick Slash","Acrobatics"],"picked":"Blur","floor":7.0},{"not_picked":["PiercingWail","Masterful Stab"],"picked":"Cloak And Dagger","floor":8.0},{"not_picked":["Deadly Poison","Terror","Accuracy"],"picked":"SKIP","floor":11},{"not_picked":["Outmaneuver","Dagger Spray"],"picked":"Glass Knife","floor":12},{"not_picked":["Finisher","Poisoned Stab"],"picked":"Sucker Punch","floor":13},{"not_picked":["Outmaneuver","Concentrate"],"picked":"Unload","floor":14},{"not_picked":["Bullet Time","Malaise"],"picked":"A Thousand Cuts","floor":16},{"not_picked":["Blur","Masterful Stab"],"picked":"Footwork","floor":17},{"not_picked":["Slice","Well Laid Plans"],"picked":"Noxious Fumes","floor":17},{"not_picked":["Calculated Gamble","Prepared"],"picked":"Slice","floor":17},{"not_picked":["Deadly Poison","Bane"],"picked":"Sucker Punch","floor":17},{"not_picked":["Slice","Outmaneuver"],"picked":"Cloak And Dagger","floor":17},{"not_picked":["Slice+1","Footwork"],"picked":"Leg Sweep+1","floor":18},{"not_picked":["Blade Dance","Expertise"],"picked":"Quick Slash+1","floor":19}],"player_experience":398543,"relics_obtained":[{"floor":9.0,"key":"Ancient Tea Set"},{"floor":12,"key":"Lantern"},{"floor":14,"key":"Meat on the Bone"}],"event_choices":[{"event_name":"Big Fish","player_choice":"Donut","floor":3.0,"damage_taken":0.0},{"event_name":"Transmorgrifier","player_choice":"Transform","floor":20,"damage_taken":0}],"is_beta":false,"boss_relics":[{"not_picked":["WristBlade","Coffee Dripper"],"picked":"Orrery"}],"items_purged_floors":[],"is_endless":false,"potions_floor_spawned":[4,5,8,11,12,16],"killed_by":"Snake Plant","ascension_level":11}