{"gold_per_floor":[112,130,130,130,205,234,234,268,292,303,8,8,18,18,18,18],"floor_reached":16,"playtime":669,"items_purged":[],"score":166,"play_id":"bfd7eb3d-a113-434c-a41e-9c434fda254b","local_time":"20190405194804","is_ascension_mode":true,"campfire_choices":[{"data":"Crippling Poison","floor":7,"key":"SMITH"},{"floor":12,"key":"REST"},{"floor":15,"key":"REST"}],"neow_cost":"NONE","seed_source_timestamp":1293928182817514,"circlet_count":0,"master_deck":["Defend_G+1","Defend_G","Defend_G+1","Defend_G","Defend_G+1","Strike_G","Strike_G","Strike_G","Strike_G+1","Strike_G","Survivor","Neutralize","Masterful Stab","Crippling Poison+1","Deadly Poison","Adrenaline","Setup","Acrobatics"],"relics":["Ring of the Snake","NeowsBlessing","Ancient Tea Set","Gremlin Horn","Bronze Scales","War Paint","Ice Cream"],"potions_floor_usage":[16,16],"damage_taken":[{"damage":0,"enemies":"2 Louse","floor":1,"turns":1},{"damage":0,"enemies":"Jaw Worm","floor":2,"turns":1},{"damage":0,"enemies":"3 Sentries","floor":6,"turns":1},{"damage":27,"enemies":"Gremlin Nob","floor":8,"turns":4},{"damage":2,"enemies":"Small Slimes","floor":10,"turns":3},{"damage":0,"enemies":"Gremlin Gang","floor":13,"turns":3},{"damage":61,"enemies":"Slime Boss","floor":16,"turns":13}],"seed_played":"739318630713931053","potions_obtained":[{"floor":6,"key":"Strength Potion"},{"floor":10,"key":"SteroidPotion"},{"floor":13,"key":"SkillPotion"}],"is_trial":false,"path_per_floor":["M","M","?","T","?","E","R","E","T","M","$","R","M","$","R","B"],"character_chosen":"THE_SILENT","items_purchased":["Ice Cream"],"campfire_rested":2,"item_purchase_floors":[11],"current_hp_per_floor":[70,70,56,56,45,45,45,18,18,16,16,37,37,37,58,0],"gold":18,"neow_bonus":"THREE_ENEMY_KILL","is_prod":false,"is_daily":false,"chose_seed":false,"campfire_upgraded":1,"win_rate":0,"timestamp":1554511684,"path_taken":["M","M","?","?","?","E","R","E","T","M","$","R","M","$","R","BOSS"],"build_version":"2019-01-23","purchased_purges":0,"victory":false,"max_hp_per_floor":[70,70,70,70,70,70,70,70,70,70,70,70,70,70,70,70],"card_choices":[{"not_picked":["Bane","Dagger Throw"],"picked":"Masterful Stab","floor":1},{"not_picked":["Endless Agony","Underhanded Strike"],"picked":"Crippling Poison","floor":2},{"not_picked":["Dodge and Roll","Blur"],"picked":"Deadly Poison","floor":6},{"not_picked":["Venomology","Choke"],"picked":"Adrenaline","floor":8},{"not_picked":["Slice","Underhanded Strike"],"picked":"Setup","floor":10},{"not_picked":["Underhanded Strike","Terror"],"picked":"Acrobatics","floor":13}],"player_experience":799164,"relics_obtained":[{"floor":4,"key":"Ancient Tea Set"},{"floor":6,"key":"Gremlin Horn"},{"floor":8,"key":"Bronze Scales"},{"floor":9,"key":"War Paint"}],"event_choices":[{"damage_healed":0,"gold_gain":0,"player_choice":"Entered Light","damage_taken":14,"max_hp_gain":0,"max_hp_loss":0,"event_name":"Shining Light","floor":3,"gold_loss":0,"cards_upgraded":["Strike_G","Defend_G"]},{"damage_healed":0,"gold_gain":75,"player_choice":"Gather Gold","damage_taken":11,"max_hp_gain":0,"max_hp_loss":0,"event_name":"World of Goop","floor":5,"gold_loss":0}],"is_beta":false,"boss_relics":[],"items_purged_floors":[],"is_endless":false,"potions_floor_spawned":[6,10,13],"killed_by":"Slime Boss","ascension_level":5}