{"gold_per_floor":[117,136,211,211,221,253,253,281,281,281],"floor_reached":10,"playtime":204,"items_purged":[],"score":144,"play_id":"23e05460-1c16-4bdc-abd0-b9c24245e55b","local_time":"20190411234233","is_ascension_mode":true,"campfire_choices":[{"data":"Defragment","floor":7,"key":"SMITH"}],"neow_cost":"NONE","seed_source_timestamp":185647333323200,"circlet_count":0,"master_deck":["AscendersBane","Strike_B","Strike_B","Strike_B","Defend_B","Defend_B","Defend_B","Defend_B","Zap","Dualcast","Cold Snap","Ball Lightning","Defragment+1","Sweeping Beam"],"special_seed":0,"relics":["Cracked Core","Pear","Smiling Mask"],"potions_floor_usage":[6,10],"damage_taken":[{"damage":5.0,"enemies":"Small Slimes","floor":1.0,"turns":3.0},{"damage":2.0,"enemies":"2 Louse","floor":2.0,"turns":3.0},{"damage":0.0,"enemies":"Cultist","floor":5.0,"turns":3.0},{"damage":23,"enemies":"Lagavulin","floor":6,"turns":4},{"damage":30,"enemies":"Gremlin Nob","floor":8,"turns":4},{"damage":8,"enemies":"Lagavulin","floor":10,"turns":3}],"seed_played":"7986500931246392095","potions_obtained":[{"floor":1.0,"key":"EntropicBrew"}],"is_trial":false,"path_per_floor":["M","M","?","?","M","E","R","E","T","E"],"character_chosen":"DEFECT","items_purchased":[],"campfire_rested":0,"item_purchase_floors":[],"current_hp_per_floor":[66,64,53,46,46,33,33,3,3,0],"gold":281,"neow_bonus":"TEN_PERCENT_HP_BONUS","is_prod":false,"is_daily":false,"chose_seed":false,"campfire_upgraded":1,"win_rate":0,"timestamp":1555051353,"path_taken":["M","M","?","?","M","E","R","E","T","E"],"build_version":"2019-01-23","purchased_purges":0,"victory":false,"max_hp_per_floor":[78,78,78,78,78,88,88,88,88,88],"card_choices":[{"not_picked":["Fusion","Hello World"],"picked":"Cold Snap","floor":1.0},{"not_picked":["Static Discharge","Beam Cell","Scrape"],"picked":"SKIP","floor":2.0},{"not_picked":["Aggregate","Go for the Eyes"],"picked":"Ball Lightning","floor":5.0},{"not_picked":["BootSequence","Auto Shields"],"picked":"Defragment","floor":6},{"not_picked":["Barrage","Turbo"],"picked":"Sweeping Beam","floor":8}],"player_experience":534781,"relics_obtained":[{"floor":6,"key":"Pear"},{"floor":8,"key":"Smiling Mask"}],"event_choices":[{"damage_healed":0.0,"max_hp_gain":0.0,"max_hp_loss":0.0,"gold_gain":75.0,"event_name":"World of Goop","player_choice":"Gather Gold","floor":3.0,"gold_loss":0.0,"damage_taken":11.0},{"cards_removed":["Strike_B"],"damage_healed":0.0,"max_hp_gain":0.0,"max_hp_loss":0.0,"gold_gain":0.0,"event_name":"Golden Wing","player_choice":"Card Removal","floor":4.0,"gold_loss":0.0,"damage_taken":7.0}],"is_beta":false,"boss_relics":[],"items_purged_floors":[],"is_endless":false,"potions_floor_spawned":[1,2],"killed_by":"Lagavulin","ascension_level":18}