{"gold_per_floor":[116,132,132,4,18,18,293,293,293,310,343,343,370,390,390,489,489,501,501,202,202,202,202,202],"floor_reached":24,"playtime":6493,"items_purged":["Regret"],"score":303,"play_id":"6ceb1867-1214-4d02-a3a7-24fb87f312ca","local_time":"20190115211139","is_ascension_mode":true,"campfire_choices":[{"data":"Footwork","floor":6,"key":"SMITH"},{"data":"Bane","floor":8,"key":"SMITH"},{"data":"Bane","floor":12,"key":"SMITH"},{"floor":15,"key":"REST"},{"data":"Burst","floor":23,"key":"SMITH"}],"neow_cost":"NONE","seed_source_timestamp":42202320936181,"circlet_count":0,"master_deck":["Defend_G","Defend_G","Defend_G","Defend_G","Defend_G","Survivor","Neutralize","Masterful Stab","Poisoned Stab","Bane+1","Footwork+1","Bane+1","Bane","Poisoned Stab","Bane","Blur","Burst+1","Deadly Poison","Cloak And Dagger","Dash","Acrobatics","Escape Plan","Terror","Bite","Bite","Bite","Bite","Bite","Noxious Fumes","Footwork"],"relics":["Ring of the Snake","Blue Candle","Bottled Lightning","Pen Nib","Pear","Orrery","Blood Vial"],"potions_floor_usage":[16,24],"damage_taken":[{"damage":0,"enemies":"Cultist","floor":1,"turns":3},{"damage":3,"enemies":"2 Louse","floor":2,"turns":3},{"damage":0,"enemies":"Small Slimes","floor":5,"turns":4},{"damage":4,"enemies":"Looter","floor":10,"turns":2},{"damage":27,"enemies":"3 Sentries","floor":11,"turns":9},{"damage":18,"enemies":"Gremlin Nob","floor":13,"turns":3},{"damage":10,"enemies":"Large Slime","floor":14,"turns":6},{"damage":29,"enemies":"Hexaghost","floor":16,"turns":11},{"damage":26,"enemies":"Shell Parasite","floor":18,"turns":7},{"damage":45,"enemies":"Book of Stabbing","floor":24,"turns":4}],"seed_played":"9140794222735818995","potions_obtained":[{"floor":13,"key":"Explosive Potion"},{"floor":14,"key":"PowerPotion"}],"is_trial":false,"path_per_floor":["M","M","T","$","M","R","?","R","T","M","E","R","E","M","R","B",null,"M","?","$","?","?","R","E"],"character_chosen":"THE_SILENT","items_purchased":["Footwork","Bane","Noxious Fumes","Blood Vial"],"campfire_rested":1,"item_purchase_floors":[4,4,20,20],"current_hp_per_floor":[70,67,67,67,67,67,67,67,67,63,36,36,28,18,42,13,63,37,37,37,37,37,37,0],"gold":202,"neow_bonus":"TRANSFORM_CARD","is_prod":false,"is_daily":false,"chose_seed":false,"campfire_upgraded":4,"win_rate":0,"timestamp":1547608299,"path_taken":["M","M","?","$","M","R","?","R","T","?","E","R","E","M","R","BOSS","M","?","$","?","?","R","E"],"build_version":"2019-01-10","purchased_purges":1,"victory":false,"max_hp_per_floor":[70,70,70,70,70,70,70,70,70,70,70,70,80,80,80,80,80,80,56,56,56,56,56,56],"card_choices":[{"not_picked":["Deadly Poison","Flying Knee"],"picked":"Poisoned Stab","floor":1},{"not_picked":["Reflex","All Out Attack"],"picked":"Bane","floor":2},{"not_picked":["Acrobatics","Quick Slash"],"picked":"Bane","floor":5},{"not_picked":["Flying Knee","Quick Slash","Eviscerate"],"picked":"SKIP","floor":10},{"not_picked":["Bouncing Flask","Terror"],"picked":"Poisoned Stab","floor":11},{"not_picked":["Flying Knee","Malaise"],"picked":"Bane","floor":13},{"not_picked":["Sucker Punch","Cloak And Dagger"],"picked":"Blur","floor":14},{"not_picked":["Doppelganger","Adrenaline"],"picked":"Burst","floor":16},{"not_picked":["Prepared","Sucker Punch"],"picked":"Deadly Poison","floor":17},{"not_picked":["Sucker Punch","Deflect"],"picked":"Cloak And Dagger","floor":17},{"not_picked":["Quick Slash","Heel Hook"],"picked":"Dash","floor":17},{"not_picked":["Riddle With Holes","Dagger Throw"],"picked":"Acrobatics","floor":17},{"not_picked":["Eviscerate","Flying Knee"],"picked":"Escape Plan","floor":17},{"not_picked":["Eviscerate","Tactician"],"picked":"Terror","floor":18}],"player_experience":692205,"relics_obtained":[{"floor":3,"key":"Blue Candle"},{"floor":9,"key":"Bottled Lightning"},{"floor":11,"key":"Pen Nib"},{"floor":13,"key":"Pear"}],"event_choices":[{"damage_healed":0,"gold_gain":275,"player_choice":"Desecrate","damage_taken":0,"max_hp_gain":0,"max_hp_loss":0,"event_name":"Golden Shrine","floor":7,"gold_loss":0,"cards_obtained":["Regret"]},{"damage_healed":0,"gold_gain":0,"player_choice":"Became a vampire","damage_taken":0,"max_hp_gain":0,"max_hp_loss":24,"event_name":"Vampires","floor":19,"gold_loss":0,"cards_obtained":["Bite","Bite","Bite","Bite","Bite"]},{"damage_healed":0,"gold_gain":0,"player_choice":"Read","damage_taken":0,"max_hp_gain":0,"max_hp_loss":0,"event_name":"The Library","floor":21,"gold_loss":0,"cards_obtained":["Footwork"]},{"damage_healed":0,"gold_gain":0,"player_choice":"Ignored","damage_taken":0,"max_hp_gain":0,"max_hp_loss":0,"event_name":"Ghosts","floor":22,"gold_loss":0}],"is_beta":false,"boss_relics":[{"not_picked":["Philosopher\u0027s Stone","Astrolabe"],"picked":"Orrery"}],"items_purged_floors":[20],"is_endless":false,"potions_floor_spawned":[13,14],"killed_by":"Book of Stabbing","ascension_level":5}