{"gold_per_floor":[114,129,129,129,129,129,129,129,129,129,129,148,167,186,186,311,311,330,245,245,245,245,245,6,6,56,56],"floor_reached":27,"playtime":1495,"items_purged":[],"score":222,"play_id":"15946344-f1b1-4e77-a190-851c4103cd1a","local_time":"20190402131923","daily_mods":["Chimera","Vintage","Binary"],"is_ascension_mode":false,"campfire_choices":[{"data":"Zap","floor":6,"key":"SMITH"},{"data":"Survivor","floor":8,"key":"SMITH"},{"data":"Bash","floor":10,"key":"SMITH"},{"floor":15,"key":"REST"},{"floor":23,"key":"REST"},{"data":"Phantasmal Killer","floor":25,"key":"SMITH"}],"neow_cost":"","seed_source_timestamp":0,"circlet_count":0,"master_deck":["Bash+1","Survivor+1","Zap+1","Strike_R","Strike_G+1","Strike_B","Defend_R+1","Defend_G","Defend_B","Phantasmal Killer+1","Parasite","Decay","Clumsy","Necronomicurse","Poisoned Stab+1","Catalyst"],"special_seed":17988,"relics":["Ring of the Snake","Prayer Wheel","Strawberry","Golden Idol","Shuriken","Dodecahedron","Smiling Mask","Torii","Calling Bell","Art of War","Molten Egg 2","Mango","Du-Vu Doll","Happy Flower","Necronomicon","Lantern","Snake Skull"],"potions_floor_usage":[16,21],"damage_taken":[{"damage":3,"enemies":"Cultist","floor":1,"turns":5},{"damage":0,"enemies":"Small Slimes","floor":2,"turns":4},{"damage":0,"enemies":"Jaw Worm","floor":12,"turns":3},{"damage":0,"enemies":"Looter","floor":13,"turns":3},{"damage":0,"enemies":"Blue Slaver","floor":14,"turns":4},{"damage":68,"enemies":"Slime Boss","floor":16,"turns":17},{"damage":39,"enemies":"2 Thieves","floor":18,"turns":4},{"damage":13,"enemies":"Colosseum Slavers","floor":21,"turns":5},{"damage":49,"enemies":"Slavers","floor":27,"turns":4}],"seed_played":"1331452613733458112","potions_obtained":[{"floor":2,"key":"Dexterity Potion"},{"floor":18,"key":"Strength Potion"}],"is_trial":false,"path_per_floor":["M","?","$","?","?","?","?","?"],"character_chosen":"THE_SILENT","items_purchased":["Lantern","Poisoned Stab+1","Catalyst"],"campfire_rested":2,"item_purchase_floors":[24,24,24],"current_hp_per_floor":[67,74,71,71,71,71,71,71,71,71,57,57,57,57,71,3,85,46,46,30,17,17,42,42,42,42,0],"gold":56,"neow_bonus":"","is_prod":false,"is_daily":true,"chose_seed":false,"campfire_upgraded":4,"win_rate":0.0,"timestamp":1554221963,"path_taken":["M","?","?","?","$","R","$","R","T","R","?","M","M","M","R","BOSS","M","?","?","?","?","R","$","R","T","E"],"build_version":"2019-01-23","purchased_purges":0,"victory":false,"max_hp_per_floor":[70,77,71,71,71,71,71,71,71,71,71,71,71,71,71,71,85,85,85,85,85,85,85,85,85,85,85],"card_choices":[{"not_picked":["Venomology"],"picked":"Phantasmal Killer","floor":16}],"player_experience":3309,"relics_obtained":[{"floor":1,"key":"Prayer Wheel"},{"floor":2,"key":"Strawberry"},{"floor":9,"key":"Shuriken"},{"floor":12,"key":"Dodecahedron"},{"floor":13,"key":"Smiling Mask"},{"floor":14,"key":"Torii"},{"floor":17,"key":"Art of War"},{"floor":17,"key":"Molten Egg 2"},{"floor":17,"key":"Mango"},{"floor":18,"key":"Du-Vu Doll"},{"floor":20,"key":"Necronomicon"},{"floor":26,"key":"Snake Skull"}],"event_choices":[{"damage_healed":0,"gold_gain":0,"player_choice":"Lose Max HP","damage_taken":0,"relics_obtained":["Golden Idol"],"max_hp_gain":0,"max_hp_loss":6,"event_name":"Golden Idol","floor":3,"gold_loss":0},{"damage_healed":0,"gold_gain":0,"player_choice":"Entered Light","damage_taken":14,"max_hp_gain":0,"max_hp_loss":0,"event_name":"Shining Light","floor":11,"gold_loss":0,"cards_upgraded":["Strike_G","Defend_R"]},{"damage_healed":0,"gold_gain":0,"player_choice":"Obtained Relic","damage_taken":0,"relics_obtained":["Happy Flower"],"max_hp_gain":0,"max_hp_loss":0,"event_name":"Addict","floor":19,"gold_loss":85},{"damage_healed":0,"gold_gain":0,"player_choice":"Obtained Book","damage_taken":16,"max_hp_gain":0,"max_hp_loss":0,"event_name":"Cursed Tome","floor":20,"gold_loss":0},{"damage_healed":0,"gold_gain":0,"player_choice":"Fight","damage_taken":0,"max_hp_gain":0,"max_hp_loss":0,"event_name":"Colosseum","floor":21,"gold_loss":0},{"damage_healed":0,"gold_gain":0,"player_choice":"Fled From Nobs","damage_taken":0,"max_hp_gain":0,"max_hp_loss":0,"event_name":"Colosseum","floor":21,"gold_loss":0},{"damage_healed":0,"gold_gain":0,"player_choice":"Ignored","damage_taken":0,"max_hp_gain":0,"max_hp_loss":0,"event_name":"Vampires","floor":22,"gold_loss":0}],"is_beta":false,"boss_relics":[{"not_picked":["Tiny House","Astrolabe"],"picked":"Calling Bell"}],"items_purged_floors":[],"is_endless":false,"potions_floor_spawned":[2,18],"killed_by":"Slavers","ascension_level":0}