{"gold_per_floor":[99,13,13,13,13,13,13,13,13,13,13,13,13,13,13,13,13,0,0,0,0,0,0,0,0,0,0,0],"floor_reached":28,"playtime":1542,"items_purged":[],"score":323,"play_id":"ee485598-50c8-434e-90dc-c059e61ca85e","local_time":"20190330132621","is_ascension_mode":true,"campfire_choices":[{"data":"Infinite Blades","floor":6,"key":"SMITH"},{"floor":11,"key":"REST"},{"floor":15,"key":"REST"},{"floor":23,"key":"REST"}],"neow_cost":"NONE","seed_source_timestamp":1114813259329194,"circlet_count":0,"master_deck":["Defend_G+1","Defend_G+1","Defend_G+1","Defend_G+1","Defend_G+1","Strike_G+1","Strike_G+1","Strike_G+1","Strike_G+1","Survivor","Neutralize","Predator","Dramatic Entrance","Backstab","Infinite Blades+1","Quick Slash","Backflip","Quick Slash","Leg Sweep","Dagger Spray","Envenom","Outmaneuver","Backflip+1","Heel Hook","Cloak And Dagger","Accuracy"],"relics":["Ectoplasm","Golden Idol","Ancient Tea Set","Bag of Marbles","Lantern","Paper Crane","WristBlade","Dodecahedron","Toxic Egg 2"],"potions_floor_usage":[16,22,22],"damage_taken":[{"damage":0,"enemies":"2 Louse","floor":1,"turns":3},{"damage":6,"enemies":"Small Slimes","floor":3,"turns":2},{"damage":4,"enemies":"Jaw Worm","floor":4,"turns":3},{"damage":9,"enemies":"Gremlin Nob","floor":7,"turns":4},{"damage":10,"enemies":"Exordium Wildlife","floor":8,"turns":3},{"damage":2,"enemies":"3 Sentries","floor":10,"turns":7},{"damage":12,"enemies":"Large Slime","floor":12,"turns":5},{"damage":11,"enemies":"Lagavulin","floor":13,"turns":6},{"damage":11,"enemies":"Hexaghost","floor":16,"turns":12},{"damage":11,"enemies":"2 Thieves","floor":18,"turns":4},{"damage":16,"enemies":"3 Byrds","floor":19,"turns":3},{"damage":18,"enemies":"Snake Plant","floor":20,"turns":5},{"damage":4,"enemies":"Centurion and Healer","floor":22,"turns":4},{"damage":27,"enemies":"Gremlin Leader","floor":24,"turns":6},{"damage":6,"enemies":"Chosen and Byrds","floor":28,"turns":1}],"seed_played":"6684214005993602880","potions_obtained":[{"floor":3,"key":"Strength Potion"},{"floor":4,"key":"Ancient Potion"},{"floor":7,"key":"GamblersBrew"},{"floor":13,"key":"SteroidPotion"},{"floor":19,"key":"Dexterity Potion"}],"is_trial":false,"path_per_floor":["M","$","M","M","?","R","E","M","T","E","R","M","E","?","R","B",null,"M","M","M","?","M","R","E","?","T","?","M"],"character_chosen":"THE_SILENT","items_purchased":["Dramatic Entrance"],"campfire_rested":3,"item_purchase_floors":[2],"current_hp_per_floor":[70,70,64,60,43,43,34,24,24,22,43,31,20,13,34,23,58,47,31,13,13,9,30,3,3,3,3,0],"gold":0,"neow_bonus":"BOSS_RELIC","is_prod":false,"is_daily":false,"chose_seed":false,"campfire_upgraded":1,"win_rate":0,"timestamp":1553970381,"path_taken":["M","$","M","M","?","R","E","M","T","E","R","M","E","?","R","BOSS","M","M","M","?","M","R","E","?","T","?","?"],"build_version":"2019-01-23","purchased_purges":0,"victory":false,"max_hp_per_floor":[70,70,70,70,70,70,70,70,70,70,70,70,70,70,70,70,70,70,70,70,70,70,70,70,70,70,70,70],"card_choices":[{"not_picked":["Bane","Eviscerate"],"picked":"Predator","floor":1},{"not_picked":["Riddle With Holes","Prepared"],"picked":"Backstab","floor":3},{"not_picked":["Outmaneuver","Dodge and Roll"],"picked":"Infinite Blades","floor":4},{"not_picked":["Deflect","Slice"],"picked":"Quick Slash","floor":7},{"not_picked":["Outmaneuver","Reflex"],"picked":"Backflip","floor":8},{"not_picked":["Dagger Throw","Dodge and Roll"],"picked":"Quick Slash","floor":10},{"not_picked":["Dodge and Roll","Dagger Throw"],"picked":"Leg Sweep","floor":12},{"not_picked":["Masterful Stab","Quick Slash"],"picked":"Dagger Spray","floor":13},{"not_picked":["Night Terror","Malaise"],"picked":"Envenom","floor":16},{"not_picked":["Prepared","Eviscerate"],"picked":"Outmaneuver","floor":18},{"not_picked":["Acrobatics","Prepared"],"picked":"Backflip+1","floor":19},{"not_picked":["Crippling Poison","Prepared"],"picked":"Heel Hook","floor":20},{"not_picked":["Concentrate","PiercingWail"],"picked":"Cloak And Dagger","floor":22},{"not_picked":["Burst","PiercingWail"],"picked":"Accuracy","floor":24}],"player_experience":778902,"relics_obtained":[{"floor":7,"key":"Ancient Tea Set"},{"floor":9,"key":"Bag of Marbles"},{"floor":10,"key":"Lantern"},{"floor":13,"key":"Paper Crane"},{"floor":24,"key":"Dodecahedron"},{"floor":26,"key":"Toxic Egg 2"}],"event_choices":[{"damage_healed":0,"gold_gain":0,"player_choice":"Take Damage","damage_taken":17,"relics_obtained":["Golden Idol"],"max_hp_gain":0,"max_hp_loss":0,"event_name":"Golden Idol","floor":5,"gold_loss":0},{"cards_removed":["Strike_G"],"damage_healed":0,"gold_gain":0,"player_choice":"Card Removal","damage_taken":7,"max_hp_gain":0,"max_hp_loss":0,"event_name":"Golden Wing","floor":14,"gold_loss":0},{"damage_healed":0,"gold_gain":0,"player_choice":"Simplicity","damage_taken":0,"max_hp_gain":0,"max_hp_loss":0,"event_name":"Back to Basics","floor":21,"gold_loss":0,"cards_upgraded":["Defend_G","Defend_G","Defend_G","Defend_G","Defend_G","Strike_G","Strike_G","Strike_G","Strike_G"]},{"damage_healed":0,"gold_gain":0,"player_choice":"Ignored","damage_taken":0,"max_hp_gain":0,"max_hp_loss":0,"event_name":"Vampires","floor":25,"gold_loss":0},{"damage_healed":0,"gold_gain":0,"player_choice":"Ignored","damage_taken":0,"max_hp_gain":0,"max_hp_loss":0,"event_name":"Beggar","floor":27,"gold_loss":0}],"is_beta":false,"boss_relics":[{"not_picked":["Calling Bell","Runic Pyramid"],"picked":"WristBlade"}],"items_purged_floors":[],"is_endless":false,"potions_floor_spawned":[3,4,7,13,19],"killed_by":"Chosen and Byrds","ascension_level":5}