{"gold_per_floor":[112,132,57,76,93,93,120,120,147,164,219,238,271,285,285,285],"floor_reached":16,"playtime":1009,"items_purged":["Strike_G"],"score":136,"play_id":"1793915b-6e15-4ac0-b9cd-1b4f00559e5c","local_time":"20180722015211","is_ascension_mode":true,"campfire_choices":[{"floor":6,"key":"REST"},{"floor":15,"key":"REST"}],"neow_cost":"FIFTY_PERCENT_DAMAGE","seed_source_timestamp":523499625827751,"circlet_count":0,"master_deck":["Defend_G","Defend_G","Defend_G","Strike_G","Strike_G","Strike_G","Survivor+1","Neutralize","Bane","Phantasmal Killer","Sucker Punch","Backstab","Quick Slash","Skewer","Corpse Explosion+1","Infinite Blades","Burst","Prepared","Well Laid Plans"],"relics":["Ring of the Snake","Omamori","War Paint","Tiny Chest","Bag of Marbles"],"potions_floor_usage":[11,11],"damage_taken":[{"damage":0,"enemies":"Cultist","floor":1,"turns":4},{"damage":1,"enemies":"2 Louse","floor":2,"turns":3},{"damage":1,"enemies":"Jaw Worm","floor":4,"turns":3},{"damage":6,"enemies":"Red Slaver","floor":5,"turns":4},{"damage":13,"enemies":"Gremlin Nob","floor":7,"turns":4},{"damage":4,"enemies":"Blue Slaver","floor":10,"turns":2},{"damage":21,"enemies":"Lagavulin","floor":11,"turns":4},{"damage":0,"enemies":"2 Fungi Beasts","floor":12,"turns":1},{"damage":8,"enemies":"3 Sentries","floor":13,"turns":2},{"damage":0,"enemies":"3 Louse","floor":14,"turns":1},{"damage":2,"enemies":"Slime Boss","floor":16,"turns":6}],"seed_played":"-5548319044195868169","potions_obtained":[{"floor":2,"key":"SmokeBomb"},{"floor":7,"key":"Dexterity Potion"},{"floor":10,"key":"Weak Potion"},{"floor":14,"key":"Explosive Potion"}],"is_trial":false,"path_per_floor":["M","M","$","M","M","R","E","?","T","M","E","M","E","M","R"],"character_chosen":"THE_SILENT","items_purchased":[],"campfire_rested":2,"item_purchase_floors":[],"current_hp_per_floor":[35,34,34,33,27,48,35,35,35,31,10,10,2,2,23,21],"gold":285,"neow_bonus":"TRANSFORM_TWO_CARDS","is_prod":false,"is_daily":false,"chose_seed":false,"campfire_upgraded":0,"win_rate":0,"timestamp":1532249531,"path_taken":["M","M","$","M","?","R","E","?","T","M","E","?","E","M","R","BOSS"],"build_version":"2018-07-19v2","purchased_purges":1,"victory":false,"max_hp_per_floor":[70,70,70,70,70,70,70,70,70,70,70,70,70,70,70,70],"card_choices":[{"not_picked":["Acrobatics","Bane"],"picked":"Sucker Punch","floor":1},{"not_picked":["Sucker Punch","Poisoned Stab"],"picked":"Backstab","floor":2},{"not_picked":["Leg Sweep","Slice","Riddle With Holes"],"picked":"SKIP","floor":4},{"not_picked":["Outmaneuver","Eviscerate"],"picked":"Quick Slash","floor":5},{"not_picked":["Endless Agony","Eviscerate"],"picked":"Skewer","floor":7},{"not_picked":["Riddle With Holes","Flying Knee"],"picked":"Infinite Blades","floor":10},{"not_picked":["Flechettes","PiercingWail","Dagger Spray"],"picked":"SKIP","floor":11},{"not_picked":["Expertise","Deflect"],"picked":"Burst","floor":12},{"not_picked":["Deflect","Bane"],"picked":"Prepared","floor":13},{"not_picked":["Footwork","Deadly Poison"],"picked":"Well Laid Plans","floor":14}],"player_experience":94318,"relics_obtained":[{"floor":7,"key":"Omamori"},{"floor":9,"key":"War Paint"},{"floor":11,"key":"Tiny Chest"},{"floor":13,"key":"Bag of Marbles"}],"event_choices":[{"event_name":"Living Wall","player_choice":"Change","floor":8,"damage_taken":0}],"is_beta":false,"boss_relics":[],"items_purged_floors":[3],"is_endless":false,"potions_floor_spawned":[2,7,10,14],"killed_by":"Slime Boss","ascension_level":2}