{"gold_per_floor":[114,164,175,187,75,75,109,128,128,163,176,206,224,74,74,151,151,162,77,77,97,108,108,121,154,154,154,186,86,96,126,126,200,500,519,535,545,645,645],"floor_reached":39,"playtime":1915,"items_purged":["Strike_R","Strike_R"],"score":1028,"play_id":"aa68314a-0bf8-4e6d-abd7-3dc536826da4","local_time":"20190331215405","is_ascension_mode":true,"campfire_choices":[{"data":"Inflame","floor":6.0,"key":"SMITH"},{"data":"True Grit","floor":15.0,"key":"SMITH"},{"data":"Fiend Fire","floor":23.0,"key":"SMITH"},{"data":"Bash","floor":27.0,"key":"SMITH"},{"floor":32.0,"key":"REST"}],"neow_cost":"TEN_PERCENT_HP_LOSS","seed_source_timestamp":150692237623700,"circlet_count":0,"master_deck":["AscendersBane","Strike_R","Strike_R","Strike_R","Defend_R","Defend_R","Defend_R","Defend_R","Bash+1","Anger","Sword Boomerang","Inflame+1","True Grit+1","Evolve","Ghostly Armor","Clothesline","Offering","Fiend Fire+1","Decay","Injury","Shrug It Off","Rupture","Brutality","Decay","Regret","Decay"],"special_seed":0,"relics":["Burning Blood","Torii","Gremlin Horn","Matryoshka","Darkstone Periapt","Vajra","Cursed Key","Incense Burner","Bag of Preparation","Paper Frog","Orichalcum","Oddly Smooth Stone","Pear","Mercury Hourglass","Calling Bell","Blood Vial","Meat on the Bone","Old Coin","Peace Pipe"],"potions_floor_usage":[33,39],"damage_taken":[{"damage":7.0,"enemies":"2 Louse","floor":1.0,"turns":4.0},{"damage":0.0,"enemies":"Cultist","floor":3.0,"turns":2.0},{"damage":2.0,"enemies":"Jaw Worm","floor":4.0,"turns":3.0},{"damage":20.0,"enemies":"Lagavulin","floor":7.0,"turns":5.0},{"damage":8.0,"enemies":"Exordium Wildlife","floor":8.0,"turns":4.0},{"damage":2.0,"enemies":"Gremlin Nob","floor":10.0,"turns":4.0},{"damage":14.0,"enemies":"Red Slaver","floor":11.0,"turns":4.0},{"damage":33.0,"enemies":"Lagavulin","floor":12.0,"turns":5.0},{"damage":2.0,"enemies":"Looter","floor":13.0,"turns":3.0},{"damage":18.0,"enemies":"Hexaghost","floor":16.0,"turns":8.0},{"damage":19.0,"enemies":"2 Thieves","floor":18.0,"turns":3.0},{"damage":7.0,"enemies":"3 Byrds","floor":21.0,"turns":4.0},{"damage":8.0,"enemies":"Cultist and Chosen","floor":22.0,"turns":4.0},{"damage":14.0,"enemies":"Centurion and Healer","floor":24.0,"turns":9.0},{"damage":19.0,"enemies":"Book of Stabbing","floor":25.0,"turns":6.0},{"damage":15.0,"enemies":"Slavers","floor":28.0,"turns":6.0},{"damage":6.0,"enemies":"Chosen and Byrds","floor":30.0,"turns":5.0},{"damage":6.0,"enemies":"Gremlin Leader","floor":31.0,"turns":1.0},{"damage":33,"enemies":"Champ","floor":33,"turns":9},{"damage":29,"enemies":"3 Darklings","floor":35,"turns":6},{"damage":22,"enemies":"3 Shapes","floor":36,"turns":5},{"damage":56,"enemies":"Transient","floor":37,"turns":5},{"damage":8,"enemies":"Mind Bloom Boss Battle","floor":38,"turns":7},{"damage":50,"enemies":"Jaw Worm Horde","floor":39,"turns":4}],"seed_played":"-67514079479917457","potions_obtained":[{"floor":4.0,"key":"PowerPotion"},{"floor":8.0,"key":"Block Potion"},{"floor":11.0,"key":"Fire Potion"},{"floor":18.0,"key":"PowerPotion"},{"floor":28.0,"key":"SteroidPotion"},{"floor":33,"key":"FearPotion"},{"floor":35,"key":"Ancient Potion"}],"is_trial":false,"path_per_floor":["M","?","M","M","$","R","E","M","T","E","M","E","M","$","R","B",null,"M","?","T","M","M","R","M","E","T","R","E","$","M","E","R","B",null,"M","M","M","?","M"],"character_chosen":"IRONCLAD","items_purchased":["Inflame","Offering"],"campfire_rested":1,"item_purchase_floors":[5,14],"current_hp_per_floor":[67,61,67,68,68,68,54,52,52,56,48,21,25,25,25,13,54,41,41,47,46,44,44,36,23,29,29,30,30,30,30,57,30,93,72,70,34,46,0],"gold":645,"neow_bonus":"ONE_RARE_RELIC","is_prod":false,"is_daily":false,"chose_seed":false,"campfire_upgraded":4,"win_rate":0,"timestamp":1554094445,"path_taken":["M","?","M","?","$","R","E","M","T","E","M","E","M","$","R","BOSS","M","?","?","M","?","R","M","E","T","R","E","$","M","E","R","BOSS","M","M","M","?","M"],"build_version":"2019-01-23","purchased_purges":2,"victory":false,"max_hp_per_floor":[68,68,68,68,68,68,68,68,68,68,68,68,68,68,68,68,68,68,68,74,74,74,74,74,74,80,80,90,90,90,90,90,90,108,108,108,108,108,108],"card_choices":[{"not_picked":["Wild Strike","Thunderclap"],"picked":"Anger","floor":1.0},{"not_picked":["Cleave","Twin Strike"],"picked":"Sword Boomerang","floor":3.0},{"not_picked":["Seeing Red","Clash","Anger"],"picked":"SKIP","floor":4.0},{"not_picked":["Havoc","Berserk","Clash"],"picked":"SKIP","floor":7.0},{"not_picked":["Body Slam","Heavy Blade","Blood for Blood"],"picked":"SKIP","floor":8.0},{"not_picked":["Havoc","Armaments"],"picked":"True Grit","floor":10.0},{"not_picked":["Rage","Pommel Strike"],"picked":"Evolve","floor":11.0},{"not_picked":["Flex","Anger"],"picked":"Ghostly Armor","floor":12.0},{"not_picked":["Iron Wave","Dual Wield"],"picked":"Clothesline","floor":13.0},{"not_picked":["Berserk","Offering"],"picked":"Fiend Fire","floor":16.0},{"not_picked":["Reckless Charge","Twin Strike","Flex"],"picked":"SKIP","floor":18.0},{"not_picked":["Reckless Charge","Twin Strike","Flex"],"picked":"SKIP","floor":18.0},{"not_picked":["Reckless Charge","Twin Strike","Flex"],"picked":"SKIP","floor":18.0},{"not_picked":["Twin Strike","True Grit","Wild Strike"],"picked":"SKIP","floor":21.0},{"not_picked":["Twin Strike","True Grit","Wild Strike"],"picked":"SKIP","floor":21.0},{"not_picked":["True Grit","Iron Wave","Evolve"],"picked":"SKIP","floor":22.0},{"not_picked":["Fire Breathing","Havoc+1","Heavy Blade"],"picked":"SKIP","floor":24.0},{"not_picked":["Combust","Anger","Dropkick+1"],"picked":"SKIP","floor":25.0},{"not_picked":["Perfected Strike","Dual Wield+1","Brutality"],"picked":"SKIP","floor":28.0},{"not_picked":["Cleave","Clothesline"],"picked":"Shrug It Off","floor":30.0},{"not_picked":["Headbutt+1","Pommel Strike"],"picked":"Rupture","floor":31.0},{"not_picked":["Limit Break","Dark Embrace"],"picked":"Brutality","floor":33},{"not_picked":["Perfected Strike","Flex","Evolve"],"picked":"SKIP","floor":35},{"not_picked":["Havoc","Rupture","Clash"],"picked":"SKIP","floor":36},{"not_picked":["Clash","Twin Strike","Iron Wave"],"picked":"SKIP","floor":37}],"player_experience":466212,"relics_obtained":[{"floor":7.0,"key":"Gremlin Horn"},{"floor":9.0,"key":"Matryoshka"},{"floor":10.0,"key":"Darkstone Periapt"},{"floor":12.0,"key":"Vajra"},{"floor":20.0,"key":"Bag of Preparation"},{"floor":20.0,"key":"Paper Frog"},{"floor":25.0,"key":"Orichalcum"},{"floor":26.0,"key":"Oddly Smooth Stone"},{"floor":28.0,"key":"Pear"},{"floor":31.0,"key":"Mercury Hourglass"},{"floor":34,"key":"Blood Vial"},{"floor":34,"key":"Meat on the Bone"},{"floor":34,"key":"Old Coin"},{"floor":38,"key":"Peace Pipe"}],"event_choices":[{"damage_healed":0.0,"max_hp_gain":0.0,"max_hp_loss":0.0,"gold_gain":50.0,"event_name":"FaceTrader","player_choice":"Touch","floor":2.0,"gold_loss":0.0,"damage_taken":6.0},{"damage_healed":0.0,"max_hp_gain":0.0,"max_hp_loss":0.0,"gold_gain":0.0,"event_name":"Addict","player_choice":"Obtained Relic","floor":19.0,"gold_loss":85.0,"damage_taken":0.0,"relics_obtained":["Incense Burner"]},{"damage_healed":0,"gold_gain":0,"player_choice":"Fight","damage_taken":0,"max_hp_gain":0,"max_hp_loss":0,"event_name":"MindBloom","floor":38,"gold_loss":0}],"is_beta":false,"boss_relics":[{"not_picked":["Lizard Tail","Velvet Choker"],"picked":"Cursed Key"},{"not_picked":["White Beast Statue","Black Blood"],"picked":"Calling Bell"}],"items_purged_floors":[5,29],"is_endless":false,"potions_floor_spawned":[4,8,11,18,25,28,30,33,35,38],"killed_by":"Jaw Worm Horde","ascension_level":16}