{"gold_per_floor":[114,124,77,96,23,23,42,42,65,80,94,124,198,216,216,318,318,291,304,322,322],"floor_reached":21,"playtime":956,"items_purged":[],"score":213,"play_id":"c01b32f7-f059-4251-b630-e63135553772","local_time":"20180923212449","is_ascension_mode":true,"campfire_choices":[{"data":"Noxious Fumes","floor":6,"key":"SMITH"},{"floor":15,"key":"REST"}],"neow_cost":"TEN_PERCENT_HP_LOSS","seed_source_timestamp":206431404727894,"circlet_count":0,"master_deck":["Defend_G","Defend_G","Defend_G","Defend_G","Defend_G","Strike_G","Strike_G","Strike_G","Strike_G","Strike_G","Survivor","Neutralize","Glass Knife","Endless Agony","Crippling Poison","Cloak And Dagger","All Out Attack","Noxious Fumes+1","Outmaneuver","Endless Agony","Burst","Dagger Throw","Riddle With Holes","Burst","Deadly Poison+1","Blade Dance+1","Poisoned Stab"],"relics":["Ring of the Serpent","Snake Skull","Bronze Scales","Mango"],"potions_floor_usage":[18,20,20],"damage_taken":[{"damage":4,"enemies":"Small Slimes","floor":1,"turns":3},{"damage":0,"enemies":"2 Louse","floor":2,"turns":2},{"damage":0,"enemies":"Cultist","floor":4,"turns":4},{"damage":0,"enemies":"2 Fungi Beasts","floor":7,"turns":3},{"damage":1,"enemies":"Large Slime","floor":10,"turns":5},{"damage":0,"enemies":"Gremlin Gang","floor":11,"turns":2},{"damage":15,"enemies":"Lagavulin","floor":12,"turns":5},{"damage":8,"enemies":"Blue Slaver","floor":14,"turns":4},{"damage":35,"enemies":"Hexaghost","floor":16,"turns":10},{"damage":13,"enemies":"2 Thieves","floor":18,"turns":5},{"damage":0,"enemies":"3 Byrds","floor":19,"turns":3},{"damage":35,"enemies":"Sentry and Sphere","floor":20,"turns":6},{"damage":30,"enemies":"Centurion and Healer","floor":21,"turns":4}],"seed_played":"-8526382103126608855","potions_obtained":[{"floor":2,"key":"AttackPotion"},{"floor":4,"key":"Fire Potion"},{"floor":7,"key":"Block Potion"},{"floor":18,"key":"EssenceOfSteel"}],"is_trial":false,"path_per_floor":["M","M","$","M","$","R","M","?","T","M","M","E","?","M","R","B",null,"M","M","M"],"character_chosen":"THE_SILENT","items_purchased":["Cloak And Dagger","Noxious Fumes"],"campfire_rested":1,"item_purchase_floors":[3,5],"current_hp_per_floor":[59,59,59,59,59,59,59,41,41,40,40,39,39,31,54,19,77,64,64,29,0],"gold":322,"neow_bonus":"THREE_RARE_CARDS","is_prod":false,"is_daily":false,"chose_seed":false,"campfire_upgraded":1,"win_rate":0,"timestamp":1537755889,"path_taken":["M","M","$","M","$","R","M","?","T","M","M","E","?","M","R","BOSS","M","M","M","M"],"build_version":"2018-09-20","purchased_purges":0,"victory":false,"max_hp_per_floor":[63,63,63,63,63,63,63,63,63,63,63,77,77,77,77,77,77,77,77,77,77],"card_choices":[{"not_picked":["Night Terror","Phantasmal Killer"],"picked":"Glass Knife","floor":0},{"not_picked":["Sucker Punch","Caltrops"],"picked":"Endless Agony","floor":1},{"not_picked":["Deadly Poison","Acrobatics"],"picked":"Crippling Poison","floor":2},{"not_picked":["PiercingWail","Quick Slash"],"picked":"All Out Attack","floor":4},{"not_picked":["Reflex","Quick Slash"],"picked":"Outmaneuver","floor":7},{"not_picked":["Tactician","Blade Dance"],"picked":"Endless Agony","floor":10},{"not_picked":["Terror","Cloak And Dagger"],"picked":"Burst","floor":11},{"not_picked":["Bullet Time","Dagger Spray"],"picked":"Dagger Throw","floor":12},{"not_picked":["Dagger Throw","Underhanded Strike"],"picked":"Riddle With Holes","floor":14},{"not_picked":["Malaise","Night Terror"],"picked":"Burst","floor":16},{"not_picked":["Dash","Dagger Throw+1"],"picked":"Deadly Poison+1","floor":18},{"not_picked":["Deflect","Setup"],"picked":"Blade Dance+1","floor":19},{"not_picked":["Burst","Prepared"],"picked":"Poisoned Stab","floor":20}],"player_experience":383181,"relics_obtained":[{"floor":9,"key":"Bronze Scales"},{"floor":12,"key":"Mango"}],"event_choices":[{"event_name":"Scrap Ooze","player_choice":"success","floor":8,"damage_taken":18},{"event_name":"Golden Wing","player_choice":"Gained Gold","floor":13,"damage_taken":0}],"is_beta":false,"boss_relics":[{"not_picked":["Snecko Eye","Calling Bell"],"picked":"Ring of the Serpent"}],"items_purged_floors":[],"is_endless":false,"potions_floor_spawned":[2,4,7,10,14,18],"killed_by":"Centurion and Healer","ascension_level":3}