{"path_per_floor":["M","?","?","M","?","E","?","M","T","T","$","M","M","M","R"],"character_chosen":"DEFECT","items_purchased":["Regal Pillow"],"gold_per_floor":[115,115,115,130,130,163,163,173,203,203,53,71,82,96,96,96],"floor_reached":16,"campfire_rested":1,"playtime":336,"current_hp_per_floor":[57,57,57,57,57,16,16,15,15,15,15,9,8,8,44,0],"items_purged":[],"gold":96,"score":178,"play_id":"39f07d62-fc2f-46d5-91df-d89864904056","local_time":"20180518215503","is_prod":false,"is_daily":false,"chose_seed":false,"is_ascension_mode":true,"campfire_upgraded":0,"timestamp":1526651703,"campfire_choices":[{"floor":15,"key":"REST"}],"path_taken":["M","?","?","M","?","E","?","M","T","?","$","M","M","M","R","BOSS"],"build_version":"2018-05-17","seed_source_timestamp":725631922298908,"purchased_purges":0,"victory":false,"master_deck":["Strike_B","Strike_B","Strike_B","Strike_B","Defend_B","Defend_B","Defend_B","Defend_B","Zap","Dualcast","AscendersBane","Streamline","Go for the Eyes","Leap","Recycle","Turbo","Streamline"],"max_hp_per_floor":[71,71,71,71,71,71,71,71,71,71,71,71,71,71,71,71],"relics":["Cracked Core","Calipers","Ice Cream","Spirit Poop","Matryoshka","Tiny Chest","Mercury Hourglass","Anchor","Ginger","Regal Pillow"],"card_choices":[{"not_picked":["Stack","Skim"],"picked":"Streamline","floor":1},{"not_picked":["Stack","Beam Cell"],"picked":"Go for the Eyes","floor":4},{"not_picked":["Skim","Redo"],"picked":"Leap","floor":6},{"not_picked":["Aggregate","Stack","Go for the Eyes"],"picked":"SKIP","floor":8},{"not_picked":["Hologram","Capacitor"],"picked":"Recycle","floor":12},{"not_picked":["Steam","Barrage"],"picked":"Turbo","floor":13},{"not_picked":["Darkness","Leap"],"picked":"Streamline","floor":14}],"player_experience":1002179,"potions_floor_usage":[],"damage_taken":[{"damage":7,"enemies":"2 Louse","floor":1,"turns":3},{"damage":0,"enemies":"Small Slimes","floor":4,"turns":2},{"damage":41,"enemies":"Lagavulin","floor":6,"turns":6},{"damage":1,"enemies":"Cultist","floor":8,"turns":3},{"damage":6,"enemies":"Exordium Thugs","floor":12,"turns":3},{"damage":1,"enemies":"Looter","floor":13,"turns":3},{"damage":0,"enemies":"Exordium Wildlife","floor":14,"turns":4},{"damage":46,"enemies":"The Guardian","floor":16,"turns":8}],"relics_obtained":[{"floor":6,"key":"Matryoshka"},{"floor":9,"key":"Tiny Chest"},{"floor":9,"key":"Mercury Hourglass"},{"floor":10,"key":"Anchor"},{"floor":10,"key":"Ginger"}],"event_choices":[{"event_name":"Big Fish","player_choice":"Box","floor":2,"damage_taken":0},{"event_name":"Bonfire Elementals","player_choice":"CURSE","floor":3,"damage_taken":0},{"event_name":"Living Wall","player_choice":"Forget","floor":5,"damage_taken":0},{"event_name":"Dead Adventurer","player_choice":"Searched \u00270\u0027 times","floor":7,"damage_taken":0}],"boss_relics":[],"potions_floor_spawned":[4],"seed_played":"3895827726247823128","killed_by":"The Guardian","ascension_level":15,"potions_obtained":[{"floor":4,"key":"Dexterity Potion"}],"is_trial":false}