{"gold_per_floor":[117,134,134,134,88,115,115,115,190,190,190,72,84,84,84,183,183,168,168,168,5,5,5,5,5,5,5,5,5,5,5,5,5,5,5,5,5,5,5,5,5,5,5,5,5,5,5,5,5,5],"floor_reached":51,"playtime":1975,"items_purged":[],"score":1337,"play_id":"8884c39c-6864-497c-8ef9-0decbbbd28fd","local_time":"20190216182853","daily_mods":["SealedDeck","Vintage","Heirloom","Flight"],"is_ascension_mode":false,"campfire_choices":[{"data":"Hologram","floor":7,"key":"SMITH"},{"data":"Conserve Battery","floor":8,"key":"SMITH"},{"data":"Conserve Battery","floor":10,"key":"SMITH"},{"data":"White Noise","floor":15,"key":"SMITH"},{"data":"Biased Cognition","floor":32,"key":"SMITH"},{"data":"Steam","floor":41,"key":"SMITH"},{"data":"Steam","floor":49,"key":"SMITH"}],"neow_cost":"","seed_source_timestamp":0,"circlet_count":0,"master_deck":["Hologram+1","Hologram+1","Conserve Battery+1","Leap","Gash","Gash","Beam Cell+1","Beam Cell","Chill+1","BootSequence","White Noise+1","Biased Cognition+1","Core Surge","Beam Cell+1","Redo+1","Gash+1","Core Surge+1","Steam+1","Go for the Eyes+1","Steam+1"],"relics":["Unceasing Top","Pocketwatch","Bottled Lightning","Blood Vial","Omamori","Dodecahedron","Ornamental Fan","Ectoplasm","Anchor","Tiny Chest","Molten Egg 2","Letter Opener","Matryoshka","PreservedInsect","Bottled Tornado","Lantern","Oddly Smooth Stone","Art of War","Turnip","Orichalcum","Coffee Dripper","Vajra","Boot","Happy Flower","Juzu Bracelet","Gremlin Horn","Bag of Marbles","Dream Catcher","Ancient Tea Set","Smiling Mask","Meat on the Bone","Pantograph","Blue Candle","Incense Burner"],"potions_floor_usage":[50,50],"damage_taken":[{"damage":0,"enemies":"2 Louse","floor":1,"turns":2},{"damage":0,"enemies":"Small Slimes","floor":2,"turns":2},{"damage":0,"enemies":"3 Sentries","floor":6,"turns":7},{"damage":0,"enemies":"Cultist","floor":13,"turns":2},{"damage":0,"enemies":"Slime Boss","floor":16,"turns":4},{"damage":0,"enemies":"2 Thieves","floor":18,"turns":2},{"damage":0,"enemies":"3 Byrds","floor":22,"turns":3},{"damage":0,"enemies":"Book of Stabbing","floor":23,"turns":3},{"damage":0,"enemies":"Centurion and Healer","floor":24,"turns":3},{"damage":0,"enemies":"Cultist and Chosen","floor":25,"turns":2},{"damage":0,"enemies":"Gremlin Leader","floor":27,"turns":2},{"damage":0,"enemies":"Snake Plant","floor":28,"turns":2},{"damage":0,"enemies":"Book of Stabbing","floor":29,"turns":2},{"damage":0,"enemies":"Slavers","floor":30,"turns":2},{"damage":0,"enemies":"Gremlin Leader","floor":31,"turns":2},{"damage":0,"enemies":"Automaton","floor":33,"turns":3},{"damage":0,"enemies":"3 Shapes","floor":35,"turns":2},{"damage":0,"enemies":"3 Darklings","floor":37,"turns":1},{"damage":0,"enemies":"Spire Growth","floor":38,"turns":2},{"damage":0,"enemies":"Transient","floor":39,"turns":3},{"damage":0,"enemies":"Giant Head","floor":40,"turns":2},{"damage":0,"enemies":"4 Shapes","floor":42,"turns":1},{"damage":0,"enemies":"Reptomancer","floor":44,"turns":1},{"damage":0,"enemies":"Nemesis","floor":45,"turns":1},{"damage":0,"enemies":"Jaw Worm Horde","floor":46,"turns":1},{"damage":0,"enemies":"Spire Growth","floor":47,"turns":1},{"damage":0,"enemies":"4 Shapes","floor":48,"turns":1},{"damage":0,"enemies":"Awakened One","floor":50,"turns":2}],"seed_played":"1045078368658829561","potions_obtained":[{"floor":2,"key":"Ancient Potion"},{"floor":6,"key":"LiquidBronze"},{"floor":13,"key":"AttackPotion"},{"floor":22,"key":"Dexterity Potion"},{"floor":27,"key":"Energy Potion"},{"floor":42,"key":"Strength Potion"}],"is_trial":true,"path_per_floor":["M","M","?","?","?","E","R","R","T","R","?","$","M","?","R","B",null,"M","$","?","$","M","E","M","M","T","E","M","E","E","E","R","B",null,"M","?","M","M","M","E","R","M","T","E","E","M","M","M","R","B",null],"character_chosen":"DEFECT","items_purchased":["BootSequence","White Noise","Core Surge"],"campfire_rested":0,"item_purchase_floors":[12,12,21],"current_hp_per_floor":[1,1,1,1,1,1,1,1,1,1,1,1,1,1,1,1,1,1,1,1,1,1,1,1,1,1,1,1,1,1,1,1,1,1,1,1,1,1,1,1,1,1,1,1,1,1,1,1,1,1],"gold":5,"neow_bonus":"","is_prod":false,"is_daily":false,"chose_seed":false,"campfire_upgraded":7,"win_rate":0,"timestamp":1550359733,"path_taken":["M","M","?","?","?","E","R","R","T","R","?","$","?","?","R","BOSS","M","$","?","$","M","E","M","M","T","E","M","E","E","E","R","BOSS","M","?","M","M","M","E","R","M","T","E","E","M","M","M","R","BOSS"],"build_version":"2019-02-06","purchased_purges":0,"victory":true,"max_hp_per_floor":[1,1,1,1,1,1,1,1,1,1,1,1,1,1,1,1,1,1,1,1,1,1,1,1,1,1,1,1,1,1,1,1,1,1,1,1,1,1,1,1,1,1,1,1,1,1,1,1,1,1],"card_choices":[{"not_picked":["Barrage","Rebound","Electrodynamics"],"picked":"SKIP","floor":6},{"not_picked":["Core Surge","Amplify"],"picked":"Biased Cognition","floor":16},{"not_picked":["Storm","Meteor Strike"],"picked":"Beam Cell","floor":23},{"not_picked":["Defragment","Consume"],"picked":"Redo+1","floor":27},{"not_picked":["Static Discharge","Ball Lightning+1"],"picked":"Gash+1","floor":29},{"not_picked":["Genetic Algorithm","Stack+1","White Noise"],"picked":"SKIP","floor":30},{"not_picked":["Conserve Battery","Cold Snap+1","Sunder+1"],"picked":"SKIP","floor":31},{"not_picked":["Amplify","Machine Learning"],"picked":"Core Surge+1","floor":33},{"not_picked":["Echo Form","Sunder+1"],"picked":"Steam","floor":40},{"not_picked":["Turbo","Sweeping Beam+1"],"picked":"Go for the Eyes+1","floor":44},{"not_picked":["Stack+1","Cold Snap+1"],"picked":"Steam","floor":45}],"player_experience":733628,"relics_obtained":[{"floor":1,"key":"Bottled Lightning"},{"floor":2,"key":"Blood Vial"},{"floor":6,"key":"Omamori"},{"floor":9,"key":"Dodecahedron"},{"floor":13,"key":"Ornamental Fan"},{"floor":18,"key":"Anchor"},{"floor":22,"key":"Tiny Chest"},{"floor":23,"key":"Molten Egg 2"},{"floor":24,"key":"Letter Opener"},{"floor":25,"key":"Matryoshka"},{"floor":26,"key":"PreservedInsect"},{"floor":26,"key":"Bottled Tornado"},{"floor":27,"key":"Lantern"},{"floor":28,"key":"Oddly Smooth Stone"},{"floor":29,"key":"Art of War"},{"floor":30,"key":"Turnip"},{"floor":31,"key":"Orichalcum"},{"floor":35,"key":"Vajra"},{"floor":37,"key":"Boot"},{"floor":38,"key":"Happy Flower"},{"floor":39,"key":"Juzu Bracelet"},{"floor":40,"key":"Gremlin Horn"},{"floor":42,"key":"Bag of Marbles"},{"floor":43,"key":"Dream Catcher"},{"floor":43,"key":"Ancient Tea Set"},{"floor":44,"key":"Smiling Mask"},{"floor":45,"key":"Meat on the Bone"},{"floor":46,"key":"Pantograph"},{"floor":47,"key":"Blue Candle"},{"floor":48,"key":"Incense Burner"}],"event_choices":[{"damage_healed":0,"gold_gain":0,"player_choice":"Fled","damage_taken":0,"max_hp_gain":0,"max_hp_loss":0,"event_name":"Scrap Ooze","floor":3,"gold_loss":0},{"damage_healed":0,"gold_gain":0,"player_choice":"Entered Light","damage_taken":0,"max_hp_gain":0,"max_hp_loss":0,"event_name":"Shining Light","floor":4,"gold_loss":0,"cards_upgraded":["Chill","Hologram"]},{"damage_healed":0,"gold_gain":0,"player_choice":"Left Gold","damage_taken":0,"max_hp_gain":0,"max_hp_loss":0,"event_name":"World of Goop","floor":5,"gold_loss":46},{"damage_healed":0,"gold_gain":0,"player_choice":"Upgraded","damage_taken":0,"max_hp_gain":0,"max_hp_loss":0,"event_name":"Upgrade Shrine","floor":11,"gold_loss":0,"cards_upgraded":["Beam Cell"]},{"damage_healed":0,"gold_gain":0,"player_choice":"Bought 0 Potions","damage_taken":0,"max_hp_gain":0,"max_hp_loss":0,"event_name":"The Woman in Blue","floor":14,"gold_loss":0},{"damage_healed":0,"gold_gain":0,"player_choice":"Ignored","damage_taken":0,"max_hp_gain":0,"max_hp_loss":0,"event_name":"Beggar","floor":20,"gold_loss":0},{"cards_removed":["Conserve Battery"],"damage_healed":0,"gold_gain":0,"player_choice":"Removed Skill","damage_taken":0,"max_hp_gain":0,"max_hp_loss":0,"event_name":"Falling","floor":36,"gold_loss":0}],"is_beta":true,"boss_relics":[{"not_picked":["Orrery","Eternal Feather"],"picked":"Ectoplasm"},{"not_picked":["Cursed Key","White Beast Statue"],"picked":"Coffee Dripper"}],"items_purged_floors":[],"is_endless":false,"potions_floor_spawned":[2,6,13,22,24,27,31,33,35,37,42,44,46,47],"ascension_level":0}