{"gold_per_floor":[111,111,122,122,138,168,186,186,186,200,226,236,236,22,22,122,122,138,228,242,256,269,304,51,80,80,80,94,114,114,114,114,217,217,235,235,250,0,0,32,43,55,55,74,103,11,11,44,44,44],"floor_reached":51,"playtime":98081,"items_purged":["Defend_B+1"],"score":889,"play_id":"1c431588-8f31-4129-8305-26f5f1891a54","local_time":"20181222220719","is_ascension_mode":false,"campfire_choices":[{"data":"Hologram","floor":8,"key":"SMITH"},{"data":"Strike_B","floor":13,"key":"PURGE"},{"data":"Reinforced Body","floor":15,"key":"SMITH"},{"data":"Pain","floor":27,"key":"PURGE"},{"data":"Biased Cognition","floor":32,"key":"SMITH"},{"data":"Writhe","floor":47,"key":"PURGE"},{"data":"Blizzard","floor":49,"key":"SMITH"}],"neow_cost":"NONE","seed_source_timestamp":83093790610802,"circlet_count":0,"master_deck":["Strike_B+1","Strike_B+1","Defend_B+1","Defend_B+1","Zap","Dualcast","Conserve Battery+1","Reinforced Body+1","Hologram+1","Ball Lightning","Self Repair","Cold Snap","Capacitor","Biased Cognition+1","Barrage","Go for the Eyes+1","Coolheaded","Cold Snap","Creative AI","Reinforced Body+1","Conserve Battery+1","Machine Learning","Force Field+1","Conserve Battery+1","Glacier+1","Ball Lightning+1","Lockon+1","FTL","Hologram+1","Storm","Blizzard+1"],"relics":["Cracked Core","Boot","Pocketwatch","Darkstone Periapt","Peace Pipe","Happy Flower","Cursed Key","Orichalcum","Toxic Egg 2","Gremlin Horn","Bag of Marbles","Coffee Dripper","Bronze Scales","Bird Faced Urn","Anchor","StoneCalendar"],"potions_floor_usage":[6,6,11,21,33,37,50,50,50],"damage_taken":[{"damage":2,"enemies":"2 Louse","floor":1,"turns":3},{"damage":0,"enemies":"Cultist","floor":3,"turns":4},{"damage":0,"enemies":"Small Slimes","floor":5,"turns":3},{"damage":4,"enemies":"Lagavulin","floor":6,"turns":9},{"damage":0,"enemies":"Red Slaver","floor":7,"turns":4},{"damage":0,"enemies":"3 Louse","floor":10,"turns":3},{"damage":0,"enemies":"Gremlin Nob","floor":11,"turns":4},{"damage":2,"enemies":"Blue Slaver","floor":12,"turns":3},{"damage":18,"enemies":"Hexaghost","floor":16,"turns":11},{"damage":15,"enemies":"Spheric Guardian","floor":18,"turns":5},{"damage":0,"enemies":"3 Byrds","floor":20,"turns":5},{"damage":0,"enemies":"Snecko","floor":21,"turns":5},{"damage":1,"enemies":"Sentry and Sphere","floor":22,"turns":5},{"damage":7,"enemies":"Gremlin Leader","floor":23,"turns":8},{"damage":7,"enemies":"Book of Stabbing","floor":25,"turns":6},{"damage":8,"enemies":"Shelled Parasite and Fungi","floor":28,"turns":6},{"damage":0,"enemies":"Snecko","floor":29,"turns":5},{"damage":0,"enemies":"Champ","floor":33,"turns":10},{"damage":9,"enemies":"3 Shapes","floor":35,"turns":5},{"damage":7,"enemies":"Orb Walker","floor":37,"turns":4},{"damage":0,"enemies":"Giant Head","floor":40,"turns":9},{"damage":0,"enemies":"Spire Growth","floor":41,"turns":5},{"damage":2,"enemies":"Writhing Mass","floor":42,"turns":7},{"damage":0,"enemies":"4 Shapes","floor":44,"turns":5},{"damage":12,"enemies":"Nemesis","floor":45,"turns":7},{"damage":0,"enemies":"Giant Head","floor":48,"turns":11},{"damage":25,"enemies":"Time Eater","floor":50,"turns":10}],"seed_played":"1365275090529366191","potions_obtained":[{"floor":3,"key":"Poison Potion"},{"floor":5,"key":"Swift Potion"},{"floor":7,"key":"Block Potion"},{"floor":10,"key":"SmokeBomb"},{"floor":18,"key":"Swift Potion"},{"floor":22,"key":"PowerPotion"},{"floor":25,"key":"Regen Potion"},{"floor":41,"key":"Weak Potion"}],"is_trial":false,"path_per_floor":["M","?","M","?","M","E","M","R","T","M","E","M","R","$","R","B",null,"M","?","M","M","M","E","$","E","T","R","M","M","?","?","R","B",null,"M","?","M","$","?","E","M","M","T","M","E","$","R","E","R","B",null],"character_chosen":"DEFECT","items_purchased":["Capacitor","Happy Flower","Toxic Egg 2","Glacier+1","AttackPotion","Dexterity Potion","Hologram+1","Storm"],"campfire_rested":0,"item_purchase_floors":[14,14,24,38,38,38,46,46],"current_hp_per_floor":[80,80,80,62,62,58,58,58,58,65,72,77,77,77,77,66,82,74,58,65,65,71,71,71,71,77,77,76,83,83,83,83,88,88,86,86,88,88,88,88,88,86,92,94,93,93,93,94,94,94],"gold":44,"neow_bonus":"TEN_PERCENT_HP_BONUS","is_prod":false,"is_daily":false,"chose_seed":false,"campfire_upgraded":4,"win_rate":0.0,"timestamp":1545534439,"path_taken":["M","?","?","?","M","E","M","R","T","M","E","M","R","$","R","BOSS","M","?","M","M","M","E","$","E","T","R","M","?","?","?","R","BOSS","M","?","M","$","?","E","M","M","T","?","E","?","R","E","R","BOSS"],"build_version":"2018-11-15","purchased_purges":1,"victory":true,"max_hp_per_floor":[82,82,82,82,82,82,82,82,82,82,82,82,82,82,82,82,82,82,82,82,82,82,82,82,82,88,88,88,88,88,88,88,88,88,88,88,88,88,88,88,88,88,94,94,94,94,94,94,94,94],"card_choices":[{"not_picked":["Gash","Melter"],"picked":"Conserve Battery","floor":1},{"not_picked":["Beam Cell","Consume"],"picked":"Reinforced Body","floor":3},{"not_picked":["Blizzard","Leap"],"picked":"Hologram","floor":5},{"not_picked":["Aggregate","Lockon"],"picked":"Ball Lightning","floor":6},{"not_picked":["Hello World","Genetic Algorithm"],"picked":"Self Repair","floor":7},{"not_picked":["Steam","Multi-Cast","Static Discharge"],"picked":"SKIP","floor":10},{"not_picked":["Hello World","Streamline"],"picked":"Cold Snap","floor":11},{"not_picked":["Steam","Static Discharge","Reprogram"],"picked":"SKIP","floor":12},{"not_picked":["Thunder Strike","Amplify"],"picked":"Biased Cognition","floor":16},{"not_picked":["Gash","Hello World+1"],"picked":"Barrage","floor":18},{"not_picked":["Cold Snap","Hologram"],"picked":"Go for the Eyes+1","floor":20},{"not_picked":["Cold Snap","Beam Cell"],"picked":"Coolheaded","floor":21},{"not_picked":["Conserve Battery","Leap"],"picked":"Cold Snap","floor":22},{"not_picked":["Darkness","Steam+1"],"picked":"Creative AI","floor":23},{"not_picked":["Skim+1","Leap+1"],"picked":"Reinforced Body+1","floor":25},{"not_picked":["Stack+1","Compile Driver"],"picked":"Conserve Battery+1","floor":28},{"not_picked":["Compile Driver","Conserve Battery+1","Go for the Eyes"],"picked":"SKIP","floor":29},{"not_picked":["Rainbow+1","Thunder Strike"],"picked":"Machine Learning","floor":33},{"not_picked":["Melter+1","Rebound"],"picked":"Force Field+1","floor":35},{"not_picked":["Barrage+1","Hello World"],"picked":"Conserve Battery+1","floor":37},{"not_picked":["Compile Driver+1","BootSequence+1"],"picked":"Ball Lightning+1","floor":40},{"not_picked":["Double Energy+1","Streamline"],"picked":"Lockon+1","floor":41},{"not_picked":["Steam+1","Sweeping Beam","Steam Power+1"],"picked":"SKIP","floor":42},{"not_picked":["Redo+1","Genetic Algorithm+1","Lockon"],"picked":"SKIP","floor":44},{"not_picked":["Compile Driver","Go for the Eyes+1"],"picked":"FTL","floor":45},{"not_picked":["Sweeping Beam","Tempest+1"],"picked":"Blizzard","floor":48}],"player_experience":72829,"relics_obtained":[{"floor":6,"key":"Pocketwatch"},{"floor":9,"key":"Darkstone Periapt"},{"floor":11,"key":"Peace Pipe"},{"floor":23,"key":"Orichalcum"},{"floor":25,"key":"Gremlin Horn"},{"floor":26,"key":"Bag of Marbles"},{"floor":40,"key":"Bronze Scales"},{"floor":43,"key":"Bird Faced Urn"},{"floor":45,"key":"Anchor"},{"floor":48,"key":"StoneCalendar"}],"event_choices":[{"damage_healed":0,"gold_gain":0,"player_choice":"Forge","damage_taken":0,"max_hp_gain":0,"max_hp_loss":0,"event_name":"Accursed Blacksmith","floor":2,"gold_loss":0,"cards_upgraded":["Conserve Battery"]},{"damage_healed":0,"gold_gain":0,"player_choice":"Success","damage_taken":18,"relics_obtained":["Boot"],"max_hp_gain":0,"max_hp_loss":0,"event_name":"Scrap Ooze","floor":4,"gold_loss":0},{"damage_healed":0,"gold_gain":90,"player_choice":"GOLD ","damage_taken":16,"max_hp_gain":0,"max_hp_loss":0,"event_name":"Knowing Skull","floor":19,"potions_obtained":[],"gold_loss":0,"cards_obtained":[]},{"damage_healed":0,"gold_gain":0,"player_choice":"Simplicity","damage_taken":0,"max_hp_gain":0,"max_hp_loss":0,"event_name":"Back to Basics","floor":30,"gold_loss":0,"cards_upgraded":["Strike_B","Strike_B","Strike_B","Defend_B","Defend_B","Defend_B","Defend_B"]},{"cards_removed":["Defend_B"],"damage_healed":0,"gold_gain":0,"player_choice":"Offered Basic","damage_taken":0,"max_hp_gain":0,"max_hp_loss":0,"event_name":"Bonfire Elementals","floor":31,"gold_loss":0},{"cards_removed":["Strike_B"],"damage_healed":0,"gold_gain":0,"player_choice":"Removed Attack","damage_taken":0,"max_hp_gain":0,"max_hp_loss":0,"event_name":"Falling","floor":36,"gold_loss":0},{"damage_healed":0,"gold_gain":0,"player_choice":"Ignored","damage_taken":0,"max_hp_gain":0,"max_hp_loss":0,"event_name":"SecretPortal","floor":39,"gold_loss":0}],"is_beta":false,"boss_relics":[{"not_picked":["Astrolabe","FrozenCore"],"picked":"Cursed Key"},{"not_picked":["Calling Bell","Velvet Choker"],"picked":"Coffee Dripper"}],"items_purged_floors":[38],"is_endless":false,"potions_floor_spawned":[3,5,7,10,18,22,25,41,42,44,45],"ascension_level":0}