{"path_per_floor":["M","M","M","$","M","R","M","R","T","M","R","M"],"character_chosen":"DEFECT","items_purchased":["Consume","Capacitor","Turbo"],"gold_per_floor":[119,131,145,18,28,28,40,40,40,54,54,73,73],"floor_reached":13,"campfire_rested":1,"playtime":286,"item_purchase_floors":[4,4,4],"current_hp_per_floor":[64,57,57,57,42,42,41,41,41,1,22,10,0],"items_purged":[],"gold":73,"score":138,"play_id":"122d8d23-f38c-418f-b99a-54857ea2c307","local_time":"20180520175040","is_prod":false,"is_daily":false,"chose_seed":false,"is_ascension_mode":true,"campfire_upgraded":2,"timestamp":1526809840,"campfire_choices":[{"data":"Capacitor","floor":6,"key":"SMITH"},{"data":"Consume","floor":8,"key":"SMITH"},{"floor":11,"key":"REST"}],"path_taken":["M","M","M","$","M","R","M","R","T","M","R","M","M"],"build_version":"2018-05-18","seed_source_timestamp":883823163426067,"purchased_purges":0,"victory":false,"master_deck":["Strike_B","Strike_B","Strike_B","Strike_B","Defend_B","Defend_B","Defend_B","Defend_B","Zap","Dualcast","AscendersBane","Rip and Tear","Defragment","Leap","Consume+1","Capacitor+1","Turbo","Reinforced Body","Darkness","Auto Shields+1","Capacitor"],"max_hp_per_floor":[71,71,71,71,71,71,71,71,71,71,71,71,71],"relics":["Cracked Core","Toxic Egg 2"],"card_choices":[{"not_picked":["Rebound","Axe Kick"],"picked":"Rip and Tear","floor":1},{"not_picked":["Rebound","Redo"],"picked":"Defragment","floor":2},{"not_picked":["BootSequence","Streamline"],"picked":"Leap","floor":3},{"not_picked":["Ball Lightning","Skim"],"picked":"Reinforced Body","floor":5},{"not_picked":["Conserve Battery","Axe Kick"],"picked":"Darkness","floor":7},{"not_picked":["Stack+1","Genetic Algorithm+1"],"picked":"Auto Shields+1","floor":10},{"not_picked":["Genetic Algorithm+1","Tempest+1"],"picked":"Capacitor","floor":12}],"player_experience":1033776,"potions_floor_usage":[],"damage_taken":[{"damage":0,"enemies":"Cultist","floor":1,"turns":4},{"damage":7,"enemies":"Jaw Worm","floor":2,"turns":3},{"damage":0,"enemies":"2 Louse","floor":3,"turns":1},{"damage":15,"enemies":"Looter","floor":5,"turns":4},{"damage":1,"enemies":"2 Fungi Beasts","floor":7,"turns":4},{"damage":40,"enemies":"Large Slime","floor":10,"turns":6},{"damage":12,"enemies":"Looter","floor":12,"turns":3},{"damage":11,"enemies":"Exordium Wildlife","floor":13,"turns":4}],"relics_obtained":[{"floor":9,"key":"Toxic Egg 2"}],"event_choices":[],"boss_relics":[],"items_purged_floors":[],"potions_floor_spawned":[3,7,12],"seed_played":"924109573618686474","killed_by":"Exordium Wildlife","ascension_level":15,"potions_obtained":[{"floor":3,"key":"EssenceOfSteel"},{"floor":7,"key":"Energy Potion"},{"floor":12,"key":"FearPotion"}],"is_trial":false}