{"gold_per_floor":[119,119,119,143,163,194,206,218],"floor_reached":8,"playtime":598,"items_purged":[],"score":59,"play_id":"61f0cd46-acfe-4b82-9b7d-34de0643e722","local_time":"20190209040134","is_ascension_mode":true,"campfire_choices":[{"data":"Riddle With Holes","floor":7,"key":"SMITH"}],"neow_cost":"NONE","seed_source_timestamp":3274084187063,"circlet_count":0,"master_deck":["Defend_G","Defend_G","Defend_G","Defend_G","Strike_G","Strike_G","Strike_G","Strike_G","Strike_G","Survivor","Neutralize","Cloak And Dagger","Blur","Riddle With Holes+1","PiercingWail"],"relics":["Ring of the Snake","Golden Idol","MawBank"],"potions_floor_usage":[6],"damage_taken":[{"damage":5,"enemies":"Small Slimes","floor":1,"turns":5},{"damage":1,"enemies":"Jaw Worm","floor":4,"turns":4},{"damage":0,"enemies":"2 Louse","floor":5,"turns":2},{"damage":34,"enemies":"Lagavulin","floor":6,"turns":11},{"damage":11,"enemies":"Gremlin Nob","floor":8,"turns":3}],"seed_played":"-4828410870948589840","potions_obtained":[{"floor":4,"key":"Dexterity Potion"}],"is_trial":false,"path_per_floor":["M","?","?","M","M","E","R","E"],"character_chosen":"THE_SILENT","items_purchased":[],"campfire_rested":0,"item_purchase_floors":[],"current_hp_per_floor":[72,53,46,45,45,11,11,0],"gold":218,"neow_bonus":"TEN_PERCENT_HP_BONUS","is_prod":false,"is_daily":false,"chose_seed":false,"campfire_upgraded":1,"win_rate":0,"timestamp":1549702894,"path_taken":["M","?","?","M","M","E","R","E"],"build_version":"2019-01-23","purchased_purges":0,"victory":false,"max_hp_per_floor":[77,77,77,77,77,77,77,77],"card_choices":[{"not_picked":["Dagger Throw","Slice"],"picked":"Cloak And Dagger","floor":1},{"not_picked":["Deadly Poison","Flying Knee"],"picked":"Blur","floor":4},{"not_picked":["Calculated Gamble","Deflect"],"picked":"Riddle With Holes","floor":5},{"not_picked":["Calculated Gamble","Deflect"],"picked":"PiercingWail","floor":6}],"player_experience":88503,"relics_obtained":[{"floor":6,"key":"MawBank"}],"event_choices":[{"damage_healed":0,"gold_gain":0,"player_choice":"Take Damage","damage_taken":19,"relics_obtained":["Golden Idol"],"max_hp_gain":0,"max_hp_loss":0,"event_name":"Golden Idol","floor":2,"gold_loss":0},{"cards_removed":["Defend_G"],"damage_healed":0,"gold_gain":0,"player_choice":"Card Removal","damage_taken":7,"max_hp_gain":0,"max_hp_loss":0,"event_name":"Golden Wing","floor":3,"gold_loss":0}],"is_beta":false,"boss_relics":[],"items_purged_floors":[],"is_endless":false,"potions_floor_spawned":[4],"killed_by":"Gremlin Nob","ascension_level":1}