{"gold_per_floor":[217,21,21,35,46,46,81,81,108,139,139,149,161,191,191,287,287,305,318,5,5,20,20,54,34,57,130,147,147,163,163],"floor_reached":31,"playtime":1065,"items_purged":[],"score":398,"play_id":"23a2b38f-1c28-4c5f-9253-3f2f5fb3540d","local_time":"20181130152309","is_ascension_mode":true,"campfire_choices":[{"data":"Zap","floor":6,"key":"SMITH"},{"data":"Sweeping Beam","floor":8,"key":"SMITH"},{"data":"Self Repair","floor":11,"key":"SMITH"},{"data":"Cold Snap","floor":15,"key":"SMITH"},{"data":"Barrage","floor":23,"key":"SMITH"},{"data":"Echo Form","floor":29,"key":"SMITH"}],"neow_cost":"NONE","seed_source_timestamp":11684021700889,"circlet_count":0,"master_deck":["AscendersBane","Strike_B","Strike_B","Strike_B","Strike_B","Defend_B","Defend_B","Defend_B","Defend_B","Zap+1","Dualcast+1","Capacitor","Sweeping Beam+1","BootSequence","Auto Shields+1","Cold Snap+1","Self Repair+1","Ball Lightning","Stack","Echo Form+1","Barrage+1","Genetic Algorithm","Defragment","Coolheaded+1","Go for the Eyes","Rainbow+1","Fusion+1"],"relics":["Cracked Core","DataDisk","Juzu Bracelet","Oddly Smooth Stone","Symbiotic Virus","Ice Cream","Velvet Choker","Toxic Egg 2","War Paint","Blue Candle"],"potions_floor_usage":[7,7,19,24,30],"damage_taken":[{"damage":3,"enemies":"Small Slimes","floor":1,"turns":4},{"damage":2,"enemies":"Jaw Worm","floor":4,"turns":3},{"damage":1,"enemies":"Cultist","floor":5,"turns":3},{"damage":19,"enemies":"Gremlin Nob","floor":7,"turns":4},{"damage":17,"enemies":"3 Sentries","floor":10,"turns":7},{"damage":3,"enemies":"Exordium Thugs","floor":12,"turns":4},{"damage":3,"enemies":"2 Fungi Beasts","floor":13,"turns":3},{"damage":21,"enemies":"Hexaghost","floor":16,"turns":8},{"damage":0,"enemies":"Chosen","floor":18,"turns":4},{"damage":12,"enemies":"2 Thieves","floor":19,"turns":4},{"damage":31,"enemies":"Snake Plant","floor":22,"turns":4},{"damage":25,"enemies":"Book of Stabbing","floor":24,"turns":6},{"damage":13,"enemies":"3 Cultists","floor":28,"turns":6},{"damage":16,"enemies":"Shelled Parasite and Fungi","floor":30,"turns":4},{"damage":18,"enemies":"Snecko","floor":31,"turns":3}],"seed_played":"8976159675867155228","potions_obtained":[{"floor":1,"key":"Swift Potion"},{"floor":5,"key":"Poison Potion"},{"floor":12,"key":"Energy Potion"},{"floor":13,"key":"Poison Potion"},{"floor":22,"key":"Explosive Potion"},{"floor":25,"key":"Energy Potion"}],"is_trial":false,"path_per_floor":["M","$","?","M","M","R","E","R","T","E","R","M","M","?","R","B",null,"M","M","$","?","M","R","E","?","T","T","M","R","M","M"],"character_chosen":"DEFECT","items_purchased":["DataDisk","Sweeping Beam","Toxic Egg 2","Defragment"],"campfire_rested":0,"item_purchase_floors":[2,2,20,20],"current_hp_per_floor":[65,65,70,68,67,67,48,48,48,31,31,38,45,45,45,34,69,69,67,67,67,36,36,21,21,21,21,18,18,12,0],"gold":163,"neow_bonus":"HUNDRED_GOLD","is_prod":false,"is_daily":false,"chose_seed":false,"campfire_upgraded":6,"win_rate":0,"timestamp":1543571589,"path_taken":["M","$","?","M","M","R","E","R","T","E","R","M","M","?","R","BOSS","M","M","$","?","M","R","E","?","T","?","M","R","M","M"],"build_version":"2018-11-15","purchased_purges":0,"victory":false,"max_hp_per_floor":[75,75,80,80,80,80,80,80,80,80,80,80,80,80,80,80,80,80,80,80,80,80,80,80,80,80,80,80,80,80,80],"card_choices":[{"not_picked":["White Noise","Leap"],"picked":"Capacitor","floor":1},{"not_picked":["Sweeping Beam","Capacitor"],"picked":"BootSequence","floor":4},{"not_picked":["Turbo","Compile Driver"],"picked":"Auto Shields","floor":5},{"not_picked":["Reinforced Body","Gash"],"picked":"Cold Snap","floor":7},{"not_picked":["All For One","Static Discharge"],"picked":"Self Repair","floor":10},{"not_picked":["Rebound","Sweeping Beam"],"picked":"Ball Lightning","floor":12},{"not_picked":["White Noise","Recycle"],"picked":"Stack","floor":13},{"not_picked":["Buffer","Electrodynamics"],"picked":"Echo Form","floor":16},{"not_picked":["Compile Driver","Hologram+1"],"picked":"Barrage","floor":18},{"not_picked":["Seek","Ball Lightning"],"picked":"Genetic Algorithm","floor":19},{"not_picked":["Doom and Gloom","Barrage"],"picked":"Coolheaded+1","floor":22},{"not_picked":["Streamline+1","Ball Lightning"],"picked":"Go for the Eyes","floor":24},{"not_picked":["Rebound","Barrage"],"picked":"Rainbow+1","floor":28},{"not_picked":["Barrage","White Noise+1"],"picked":"Fusion+1","floor":30}],"player_experience":801395,"relics_obtained":[{"floor":7,"key":"Juzu Bracelet"},{"floor":9,"key":"Oddly Smooth Stone"},{"floor":10,"key":"Symbiotic Virus"},{"floor":24,"key":"War Paint"},{"floor":27,"key":"Blue Candle"}],"event_choices":[{"damage_healed":0,"gold_gain":0,"player_choice":"Donut","damage_taken":0,"max_hp_gain":5,"max_hp_loss":0,"event_name":"Big Fish","floor":3,"gold_loss":0},{"damage_healed":0,"gold_gain":30,"player_choice":"Searched \u00273\u0027 times","damage_taken":0,"relics_obtained":["Ice Cream"],"max_hp_gain":0,"max_hp_loss":0,"event_name":"Dead Adventurer","floor":14,"gold_loss":0},{"damage_healed":0,"gold_gain":0,"player_choice":"Ignored","damage_taken":0,"max_hp_gain":0,"max_hp_loss":0,"event_name":"N\u0027loth","floor":21,"gold_loss":0},{"damage_healed":0,"gold_gain":0,"player_choice":"Bought 1 Potion","damage_taken":0,"max_hp_gain":0,"max_hp_loss":0,"event_name":"The Woman in Blue","floor":25,"gold_loss":0}],"is_beta":true,"boss_relics":[{"not_picked":["Cursed Key","Black Star"],"picked":"Velvet Choker"}],"items_purged_floors":[],"is_endless":false,"potions_floor_spawned":[1,5,12,13,22],"killed_by":"Snecko","ascension_level":10}