{"gold_per_floor":[118,133,133,147,163,163,191,209,209,234,234,1,1,28,28,127,127,138,155,155,174,187,218,218,218],"floor_reached":25,"playtime":1920,"items_purged":[],"score":308,"play_id":"c0c2614e-b097-4f39-a1c3-176d7515f3ac","local_time":"20190322202222","is_ascension_mode":true,"campfire_choices":[{"data":"Neutralize","floor":6,"key":"SMITH"},{"data":"1","floor":11,"key":"LIFT"},{"data":"2","floor":15,"key":"LIFT"},{"data":"3","floor":24,"key":"LIFT"}],"neow_cost":"NONE","seed_source_timestamp":342964640629800,"circlet_count":0,"master_deck":["Defend_G","Defend_G","Defend_G","Defend_G","Defend_G","Strike_G","Strike_G","Strike_G","Strike_G","Survivor","Neutralize+1","Choke","Endless Agony","Blade Dance","Tools of the Trade","Dash","Die Die Die","Infinite Blades+1","Blade Dance","Corpse Explosion","Caltrops+1","Caltrops+1","Corpse Explosion","Cloak And Dagger+1","Dash","Terror"],"relics":["WristBlade","Girya","Kunai","Frozen Egg 2","OrangePellets","Bag of Preparation","White Beast Statue","Incense Burner"],"potions_floor_usage":[7,16,16,19,19,22,23,23],"damage_taken":[{"damage":7,"enemies":"Jaw Worm","floor":1,"turns":5},{"damage":5,"enemies":"Small Slimes","floor":2,"turns":4},{"damage":0,"enemies":"Cultist","floor":4,"turns":4},{"damage":6,"enemies":"Exordium Wildlife","floor":5,"turns":3},{"damage":9,"enemies":"3 Sentries","floor":7,"turns":7},{"damage":0,"enemies":"Red Slaver","floor":8,"turns":2},{"damage":4,"enemies":"Lagavulin","floor":10,"turns":6},{"damage":4,"enemies":"Gremlin Nob","floor":14,"turns":3},{"damage":0,"enemies":"Slime Boss","floor":16,"turns":6},{"damage":3,"enemies":"Shell Parasite","floor":18,"turns":4},{"damage":0,"enemies":"Spheric Guardian","floor":19,"turns":3},{"damage":2,"enemies":"Centurion and Healer","floor":21,"turns":4},{"damage":10,"enemies":"Chosen and Byrds","floor":22,"turns":3},{"damage":20,"enemies":"Slavers","floor":23,"turns":3},{"damage":42,"enemies":"Book of Stabbing","floor":25,"turns":5}],"seed_played":"5608278090048809940","potions_obtained":[{"floor":1,"key":"Energy Potion"},{"floor":8,"key":"LiquidBronze"},{"floor":10,"key":"Block Potion"},{"floor":14,"key":"Explosive Potion"},{"floor":16,"key":"Ancient Potion"},{"floor":18,"key":"AttackPotion"},{"floor":19,"key":"Dexterity Potion"},{"floor":21,"key":"PowerPotion"},{"floor":22,"key":"LiquidBronze"},{"floor":23,"key":"Explosive Potion"}],"is_trial":false,"path_per_floor":["M","M","?","M","M","R","E","M","T","E","R","$","?","E","R","B",null,"M","M","?","M","M","E","R","E"],"character_chosen":"THE_SILENT","items_purchased":["OrangePellets","Infinite Blades+1"],"campfire_rested":0,"item_purchase_floors":[12,12],"current_hp_per_floor":[63,58,51,51,45,45,36,36,36,32,32,32,37,33,33,33,75,72,72,72,70,60,40,40,0],"gold":218,"neow_bonus":"BOSS_RELIC","is_prod":false,"is_daily":false,"chose_seed":false,"campfire_upgraded":1,"win_rate":0,"timestamp":1553300542,"path_taken":["M","M","?","M","M","R","E","M","T","E","R","$","?","E","R","BOSS","M","M","?","?","M","E","R","E"],"build_version":"2019-01-23","purchased_purges":0,"victory":false,"max_hp_per_floor":[70,70,70,70,70,70,70,70,70,70,70,70,75,75,75,75,75,75,75,75,75,75,75,75,75],"card_choices":[{"not_picked":["Heel Hook","Quick Slash"],"picked":"Choke","floor":1},{"not_picked":["Sucker Punch","Slice"],"picked":"Endless Agony","floor":2},{"not_picked":["Catalyst","Quick Slash"],"picked":"Blade Dance","floor":4},{"not_picked":["Sucker Punch","Bane","Underhanded Strike"],"picked":"SKIP","floor":5},{"not_picked":["All Out Attack","Dodge and Roll"],"picked":"Tools of the Trade","floor":7},{"not_picked":["Deflect","Quick Slash"],"picked":"Dash","floor":8},{"not_picked":["Deflect","Underhanded Strike"],"picked":"Die Die Die","floor":10},{"not_picked":["Quick Slash","Dagger Throw"],"picked":"Blade Dance","floor":14},{"not_picked":["Doppelganger","Phantasmal Killer"],"picked":"Corpse Explosion","floor":16},{"not_picked":["Sucker Punch","Bane+1"],"picked":"Caltrops+1","floor":18},{"not_picked":["Distraction+1","Dagger Throw+1"],"picked":"Caltrops+1","floor":19},{"not_picked":["Acrobatics","Doppelganger"],"picked":"Cloak And Dagger+1","floor":21},{"not_picked":["Dodge and Roll+1","Catalyst"],"picked":"Dash","floor":22},{"not_picked":["Choke","Sucker Punch"],"picked":"Terror","floor":23}],"player_experience":108956,"relics_obtained":[{"floor":7,"key":"Girya"},{"floor":9,"key":"Kunai"},{"floor":10,"key":"Frozen Egg 2"},{"floor":14,"key":"Bag of Preparation"},{"floor":23,"key":"Incense Burner"}],"event_choices":[{"cards_removed":["Strike_G"],"damage_healed":0,"gold_gain":0,"player_choice":"Card Removal","damage_taken":7,"max_hp_gain":0,"max_hp_loss":0,"event_name":"Golden Wing","floor":3,"gold_loss":0},{"damage_healed":0,"gold_gain":0,"player_choice":"Donut","damage_taken":0,"max_hp_gain":5,"max_hp_loss":0,"event_name":"Big Fish","floor":13,"gold_loss":0},{"damage_healed":0,"gold_gain":0,"player_choice":"Copied","damage_taken":0,"max_hp_gain":0,"max_hp_loss":0,"event_name":"Duplicator","floor":20,"gold_loss":0,"cards_obtained":["Corpse Explosion"]}],"is_beta":false,"boss_relics":[{"not_picked":["Runic Pyramid","Snecko Eye"],"picked":"White Beast Statue"}],"items_purged_floors":[],"is_endless":false,"potions_floor_spawned":[1,8,10,14,16,18,19,21,22,23],"killed_by":"Book of Stabbing","ascension_level":1}