{"gold_per_floor":[109,109,128,108,56,56,90,90,90,109,128,162,186,186],"floor_reached":14,"playtime":420,"items_purged":[],"score":147,"play_id":"21da012c-ee22-4656-ab7b-1327cff81e10","local_time":"20181126032044","is_ascension_mode":true,"campfire_choices":[{"data":"Zap","floor":6,"key":"SMITH"},{"data":"Dualcast","floor":8,"key":"SMITH"}],"neow_cost":"NONE","seed_source_timestamp":37920272098768,"circlet_count":0,"master_deck":["AscendersBane","Strike_B+1","Strike_B","Strike_B+1","Strike_B","Defend_B","Defend_B","Defend_B","Defend_B","Zap+1","Dualcast+1","Gash","Coolheaded","Rebound","FTL","Gash","Self Repair","Undo"],"relics":["Cracked Core","Dream Catcher","Regal Pillow","Question Card","Kunai","Pen Nib"],"potions_floor_usage":[12],"damage_taken":[{"damage":0,"enemies":"Small Slimes","floor":1,"turns":4},{"damage":7,"enemies":"Jaw Worm","floor":3,"turns":3},{"damage":16,"enemies":"Lagavulin","floor":7,"turns":7},{"damage":4,"enemies":"Cultist","floor":10,"turns":3},{"damage":6,"enemies":"Exordium Thugs","floor":11,"turns":4},{"damage":19,"enemies":"3 Sentries","floor":12,"turns":5},{"damage":1,"enemies":"Blue Slaver","floor":14,"turns":3}],"seed_played":"4522256851189659760","potions_obtained":[{"floor":4,"key":"FearPotion"},{"floor":7,"key":"Dexterity Potion"},{"floor":11,"key":"PowerPotion"}],"is_trial":false,"path_per_floor":["M","?","M","?","$","R","E","R","T","M","M","E","T","M"],"character_chosen":"DEFECT","items_purchased":["Rebound"],"campfire_rested":0,"item_purchase_floors":[5],"current_hp_per_floor":[68,53,46,46,46,46,30,30,30,26,20,1,1,0],"gold":186,"neow_bonus":"RANDOM_COMMON_RELIC","is_prod":false,"is_daily":false,"chose_seed":false,"campfire_upgraded":2,"win_rate":0,"timestamp":1543182644,"path_taken":["M","?","M","?","$","R","E","R","T","?","M","E","?","M"],"build_version":"2018-11-15","purchased_purges":0,"victory":false,"max_hp_per_floor":[75,75,75,75,75,75,75,75,75,75,75,75,75,75],"card_choices":[{"not_picked":["Doom and Gloom","Redo"],"picked":"Gash","floor":1},{"not_picked":["Conserve Battery","Static Discharge"],"picked":"Coolheaded","floor":3},{"not_picked":["Consume","Stack"],"picked":"FTL","floor":7},{"not_picked":["Heatsinks","Seek","Melter"],"picked":"Gash","floor":10},{"not_picked":["Leap","Sweeping Beam","Coolheaded"],"picked":"Self Repair","floor":11},{"not_picked":["Conserve Battery","Aggregate","Coolheaded"],"picked":"Undo","floor":12}],"player_experience":784761,"relics_obtained":[{"floor":7,"key":"Regal Pillow"},{"floor":9,"key":"Question Card"},{"floor":12,"key":"Kunai"},{"floor":13,"key":"Pen Nib"}],"event_choices":[{"damage_healed":0,"gold_gain":0,"player_choice":"Entered Light","damage_taken":15,"max_hp_gain":0,"max_hp_loss":0,"event_name":"Shining Light","floor":2,"gold_loss":0,"cards_upgraded":["Strike_B","Strike_B"]},{"damage_healed":0,"gold_gain":0,"player_choice":"Bought 1 Potion","damage_taken":0,"max_hp_gain":0,"max_hp_loss":0,"event_name":"The Woman in Blue","floor":4,"gold_loss":0}],"is_beta":true,"boss_relics":[],"items_purged_floors":[],"is_endless":false,"potions_floor_spawned":[7,11],"killed_by":"Blue Slaver","ascension_level":10}