{"gold_per_floor":[117,117,117,117,137,137,165,130,176,176,33,33,33,52,52,127,127,138,163,178,201,213,241,241,274,298,310,310,310,326,182,182,261,261,275,295,136,136,151,151,181,193,241,273,92,124,141,86,86,86,86,86,11,41,41],"floor_reached":56,"playtime":7422,"items_purged":["Strike_B+1"],"score":2124,"play_id":"cc941225-b52d-4c70-9464-de1f04cfc273","local_time":"20190309040453","is_ascension_mode":true,"campfire_choices":[{"floor":6.0,"key":"REST"},{"data":"Buffer","floor":10.0,"key":"SMITH"},{"data":"Recycle","floor":12.0,"key":"SMITH"},{"data":"Doom and Gloom","floor":15.0,"key":"SMITH"},{"floor":24.0,"key":"REST"},{"data":"Heatsinks","floor":29.0,"key":"SMITH"},{"data":"Consume","floor":32.0,"key":"SMITH"},{"floor":40.0,"key":"RECALL"},{"floor":49,"key":"REST"},{"floor":52,"key":"REST"}],"neow_cost":"NONE","seed_source_timestamp":1237163571129588,"circlet_count":0,"master_deck":["AscendersBane","Strike_B+1","Strike_B+1","Defend_B+1","Defend_B+1","Defend_B+1","Defend_B+1","Zap","Dualcast","Buffer+1","Recycle+1","Doom and Gloom+1","Coolheaded","Auto Shields","Creative AI","Leap+1","Compile Driver","Consume+1","Heatsinks+1","Buffer","Reinforced Body","Echo Form","Hologram","Loop+1","Coolheaded","Glacier","Capacitor","Conserve Battery+1","Creative AI"],"special_seed":0,"relics":["Cracked Core","Potion Belt","Du-Vu Doll","Omamori","Anchor","Snecko Eye","Red Mask","War Paint","Bird Faced Urn","Bronze Scales","Fusion Hammer","Dream Catcher","Bag of Preparation","Orichalcum","Juzu Bracelet","Vajra","Sundial"],"potions_floor_usage":[55,55,55,55],"damage_taken":[{"damage":7.0,"enemies":"Jaw Worm","floor":1.0,"turns":4.0},{"damage":10.0,"enemies":"2 Louse","floor":5.0,"turns":3.0},{"damage":12.0,"enemies":"Lagavulin","floor":7.0,"turns":7.0},{"damage":0.0,"enemies":"Small Slimes","floor":14.0,"turns":3.0},{"damage":18.0,"enemies":"Slime Boss","floor":16.0,"turns":10.0},{"damage":25.0,"enemies":"Shell Parasite","floor":18.0,"turns":8.0},{"damage":5.0,"enemies":"Masked Bandits","floor":19.0,"turns":5.0},{"damage":0.0,"enemies":"Spheric Guardian","floor":20.0,"turns":7.0},{"damage":16.0,"enemies":"Centurion and Healer","floor":22.0,"turns":15.0},{"damage":0.0,"enemies":"Gremlin Leader","floor":23.0,"turns":5.0},{"damage":0.0,"enemies":"Slavers","floor":25.0,"turns":5.0},{"damage":0.0,"enemies":"Cultist and Chosen","floor":27.0,"turns":10.0},{"damage":0.0,"enemies":"Snecko","floor":30.0,"turns":8.0},{"damage":1.0,"enemies":"Champ","floor":33.0,"turns":12.0},{"damage":21.0,"enemies":"3 Darklings","floor":35.0,"turns":8.0},{"damage":0.0,"enemies":"3 Shapes","floor":36.0,"turns":3.0},{"damage":0.0,"enemies":"Jaw Worm Horde","floor":39.0,"turns":5.0},{"damage":16.0,"enemies":"Reptomancer","floor":41.0,"turns":9.0},{"damage":0,"enemies":"Writhing Mass","floor":42,"turns":12},{"damage":0,"enemies":"Giant Head","floor":44,"turns":7},{"damage":0,"enemies":"Nemesis","floor":46,"turns":10},{"damage":0,"enemies":"Transient","floor":47,"turns":5},{"damage":47,"enemies":"Awakened One","floor":50,"turns":21},{"damage":61,"enemies":"Shield and Spear","floor":54,"turns":15},{"damage":50,"enemies":"The Heart","floor":55,"turns":10}],"seed_played":"-939236407494210252","potions_obtained":[{"floor":5.0,"key":"SkillPotion"},{"floor":7.0,"key":"FocusPotion"},{"floor":16.0,"key":"Block Potion"},{"floor":22.0,"key":"SkillPotion"},{"floor":25.0,"key":"EssenceOfSteel"},{"floor":27.0,"key":"Energy Potion"},{"floor":33.0,"key":"AttackPotion"},{"floor":35.0,"key":"LiquidBronze"},{"floor":39.0,"key":"Block Potion"},{"floor":44,"key":"Ancient Potion"}],"is_trial":false,"path_per_floor":["M","?","?","?","M","R","E","?","T","R","$","R","$","M","R","B",null,"M","?","M","T","M","E","R","E","T","M","?","R","M","$","R","B",null,"M","M","$","?","M","R","E","M","T","E","$","E","M","?","R","B",null,"R","$","E","B",null],"character_chosen":"DEFECT","items_purchased":["Anchor","Bronze Scales","Loop","Coolheaded","Dexterity Potion","Capacitor","FocusPotion","FocusPotion"],"campfire_rested":4,"item_purchase_floors":[11,31,37,37,37,45,45,45],"current_hp_per_floor":[57,50,39,39,29,50,38,55,55,55,55,55,55,55,55,37,63,38,33,33,33,17,17,38,38,38,52,52,52,68,68,68,71,71,66,71,71,71,71,71,63,71,71,71,71,71,71,71,71,71,71,71,71,71,71],"gold":41,"neow_bonus":"ONE_RANDOM_RARE_CARD","is_prod":false,"is_daily":false,"chose_seed":false,"campfire_upgraded":5,"win_rate":0,"timestamp":1552122293,"path_taken":["M","?","?","?","M","R","E","?","T","R","$","R","?","?","R","BOSS","M","?","M","?","M","E","R","E","T","M","?","R","?","$","R","BOSS","M","M","$","?","?","R","E","M","T","E","$","E","M","?","R","BOSS","R","$","E","BOSS"],"build_version":"2019-02-06","purchased_purges":1,"victory":true,"max_hp_per_floor":[71,71,71,71,71,71,71,71,71,71,71,71,71,71,71,71,71,71,71,71,71,71,71,71,71,71,71,71,71,71,71,71,71,71,71,71,71,71,71,71,71,71,71,71,71,71,71,71,71,71,71,71,71,71,71],"card_choices":[{"not_picked":["Stack","Heatsinks"],"picked":"Recycle","floor":1.0},{"not_picked":["Reinforced Body","Cold Snap"],"picked":"Doom and Gloom","floor":5.0},{"not_picked":["Beam Cell","Reprogram"],"picked":"Coolheaded","floor":7.0},{"not_picked":["Go for the Eyes","Storm"],"picked":"Auto Shields","floor":14.0},{"not_picked":["Meteor Strike","Rainbow"],"picked":"Creative AI","floor":16.0},{"not_picked":["Beam Cell","Turbo"],"picked":"Leap+1","floor":18.0},{"not_picked":["Gash","Sweeping Beam"],"picked":"Compile Driver","floor":19.0},{"not_picked":["Chaos","Compile Driver"],"picked":"Consume","floor":20.0},{"not_picked":["Turbo","Streamline"],"picked":"Heatsinks","floor":22.0},{"not_picked":["Streamline","Go for the Eyes"],"picked":"Buffer","floor":23.0},{"not_picked":["BootSequence","Tempest","Scrape+1"],"picked":"SKIP","floor":25.0},{"not_picked":["Sweeping Beam","Chill","Turbo"],"picked":"SKIP","floor":27.0},{"not_picked":["Blizzard","Streamline"],"picked":"Reinforced Body","floor":30.0},{"not_picked":["Machine Learning","Thunder Strike"],"picked":"Echo Form","floor":33.0},{"not_picked":["Cold Snap","Rebound+1"],"picked":"Hologram","floor":35.0},{"not_picked":["Streamline+1","Ball Lightning","Scrape"],"picked":"SKIP","floor":36.0},{"not_picked":["Scrape","Streamline","Reboot"],"picked":"SKIP","floor":39.0},{"not_picked":["Coolheaded","Ball Lightning"],"picked":"Glacier","floor":41.0},{"not_picked":["Ball Lightning","Stack","Hyperbeam"],"picked":"SKIP","floor":42},{"not_picked":["Barrage","Tempest","Self Repair"],"picked":"SKIP","floor":44},{"not_picked":["Turbo+1","Melter","Gash"],"picked":"SKIP","floor":46},{"not_picked":["Beam Cell","Go for the Eyes"],"picked":"Conserve Battery+1","floor":47},{"not_picked":["Turbo+1","Steam"],"picked":"Creative AI","floor":52},{"not_picked":["Steam","Redo","Hello World"],"picked":"SKIP","floor":54}],"player_experience":775350,"relics_obtained":[{"floor":7.0,"key":"Du-Vu Doll"},{"floor":9.0,"key":"Omamori"},{"floor":19.0,"key":"Red Mask"},{"floor":21.0,"key":"War Paint"},{"floor":25.0,"key":"Bird Faced Urn"},{"floor":41.0,"key":"Dream Catcher"},{"floor":43,"key":"Bag of Preparation"},{"floor":44,"key":"Orichalcum"},{"floor":46,"key":"Juzu Bracelet"},{"floor":54,"key":"Sundial"}],"event_choices":[{"cards_removed":["Strike_B"],"damage_healed":0.0,"max_hp_gain":0.0,"max_hp_loss":0.0,"gold_gain":0.0,"event_name":"Golden Wing","player_choice":"Card Removal","floor":2.0,"gold_loss":0.0,"damage_taken":7.0},{"damage_healed":0.0,"max_hp_gain":0.0,"max_hp_loss":0.0,"gold_gain":0.0,"event_name":"Scrap Ooze","player_choice":"Success","floor":3.0,"gold_loss":0.0,"damage_taken":11.0,"relics_obtained":["Potion Belt"]},{"damage_healed":0.0,"max_hp_gain":0.0,"max_hp_loss":0.0,"gold_gain":0.0,"event_name":"Shining Light","player_choice":"Ignored","floor":4.0,"gold_loss":0.0,"damage_taken":0.0},{"damage_healed":17.0,"max_hp_gain":0.0,"max_hp_loss":0.0,"gold_gain":0.0,"event_name":"The Cleric","player_choice":"Healed","floor":8.0,"gold_loss":35.0,"damage_taken":0.0},{"damage_healed":0.0,"max_hp_gain":0.0,"max_hp_loss":0.0,"gold_gain":0.0,"event_name":"Masked Bandits","player_choice":"Fought Bandits","floor":19.0,"gold_loss":0.0,"damage_taken":0.0},{"damage_healed":0.0,"max_hp_gain":0.0,"max_hp_loss":0.0,"gold_gain":0.0,"event_name":"Back to Basics","player_choice":"Simplicity","floor":28.0,"gold_loss":0.0,"damage_taken":0.0,"cards_upgraded":["Strike_B","Strike_B","Strike_B","Defend_B","Defend_B"]},{"damage_healed":0.0,"max_hp_gain":0.0,"max_hp_loss":0.0,"gold_gain":0.0,"event_name":"Upgrade Shrine","player_choice":"Upgraded","floor":38.0,"gold_loss":0.0,"damage_taken":0.0,"cards_upgraded":["Loop"]},{"damage_healed":0,"gold_gain":0,"player_choice":"Paid Gold","damage_taken":0,"relics_obtained":["Vajra"],"max_hp_gain":0,"max_hp_loss":0,"event_name":"WeMeetAgain","floor":48,"gold_loss":55}],"is_beta":true,"boss_relics":[{"not_picked":["White Beast Statue","Velvet Choker"],"picked":"Snecko Eye"},{"not_picked":["FrozenCore","Astrolabe"],"picked":"Fusion Hammer"}],"items_purged_floors":[53],"is_endless":false,"potions_floor_spawned":[5,7,16,22,25,27,33,35,39,44,54],"ascension_level":15}