{"path_per_floor":["M","?","$","?","M","E","R","E","T","R","M","?","R","M","R","B",null,"M","?","?","M","?","R"],"character_chosen":"IRONCLAD","items_purchased":[],"gold_per_floor":[115,115,40,40,54,109,109,140,140,140,156,156,156,171,171,244,244,260,260,260,278,203,203],"floor_reached":24,"campfire_rested":1,"playtime":888,"current_hp_per_floor":[64,48,48,48,54,18,41,28,28,28,34,34,34,40,40,14,61,47,47,32,34,34,34],"items_purged":["Parasite"],"gold":203,"score":333,"play_id":"ea51eca9-785f-4e07-b61d-2e21f7952044","is_prod":false,"is_daily":false,"is_ascension_mode":true,"campfire_upgraded":4,"path_taken":["M","?","$","?","?","E","R","E","T","R","M","?","R","M","R","BOSS","M","?","?","M","?","R","E"],"build_version":"2018-02-15-PROD1","purchased_purges":1,"victory":false,"master_deck":["Strike_R","Strike_R","Strike_R+1","Defend_R+1","Defend_R+1","Defend_R","Defend_R","Bash+1","Rampage+1","Uppercut+1","Feed","Dropkick","Burning Pact+1"],"max_hp_per_floor":[80,80,77,77,77,77,77,77,77,77,77,77,77,77,77,77,77,80,80,85,85,85,85],"relics":["Burning Blood","Tiny Chest","Anchor","Self Forming Clay","Cursed Key"],"card_choices":[{"not_picked":["Headbutt","Warcry"],"picked":"Rampage"},{"not_picked":["Whirlwind","Body Slam"],"picked":"Uppercut"},{"not_picked":["Fiend Fire","Brutality"],"picked":"Feed"},{"not_picked":["Heavy Blade","Clash"],"picked":"Dropkick"},{"not_picked":["Blood for Blood","Havoc"],"picked":"Burning Pact"}],"player_experience":379027,"potions_floor_usage":[6,6,6,8,16,21],"damage_taken":[{"damage":14,"enemies":"Jaw Worm","floor":1,"turns":3},{"damage":0,"enemies":"2 Louse","floor":5,"turns":3},{"damage":42,"enemies":"3 Sentries","floor":6,"turns":13},{"damage":19,"enemies":"Lagavulin","floor":8,"turns":7},{"damage":0,"enemies":"Cultist","floor":11,"turns":3},{"damage":0,"enemies":"Looter","floor":14,"turns":2},{"damage":32,"enemies":"Hexaghost","floor":16,"turns":11},{"damage":23,"enemies":"Shell Parasite","floor":18,"turns":8},{"damage":4,"enemies":"2 Thieves","floor":21,"turns":4},{"damage":47,"enemies":"Gremlin Leader","floor":24,"turns":5}],"event_choices":[{"event_name":"Shining Light","player_choice":"Entered Light","floor":2,"damage_taken":0},{"event_name":"Purifier","player_choice":"One Purge","floor":4,"damage_taken":0},{"event_name":"Upgrade Shrine","player_choice":"Upgraded","floor":12,"damage_taken":0},{"event_name":"Match and Keep!","player_choice":"0 cards matched","floor":19,"damage_taken":0},{"event_name":"Forgotten Altar","player_choice":"Shed Blood","floor":20,"damage_taken":0},{"event_name":"Beggar","player_choice":"Gave Gold","floor":22,"damage_taken":0}],"boss_relics":[{"not_picked":["Lizard Tail","Eternal Feather"],"picked":"Cursed Key"}],"potions_floor_spawned":[5,6,11,14,18],"seed_played":"-3686425797104745183","killed_by":"Gremlin Leader","ascension_level":13,"is_trial":false}