{"gold_per_floor":[216,216,227,243,318,346,346,346,346,374,143,160,160,177,177,281,281,294,209,32,32,32,32,66,29,77,77,95,95,113,128,128,230,230,244,344,344,29,82,99,116,116,116,151,151,168,184,209,209,209],"floor_reached":51,"playtime":2347,"items_purged":["Strike_R"],"score":758,"play_id":"43f650dc-a3ed-42ea-850c-2b2276c9b617","local_time":"20190420230317","is_ascension_mode":false,"campfire_choices":[{"data":"Shockwave","floor":8,"key":"SMITH"},{"data":"Carnage","floor":13,"key":"SMITH"},{"data":"Trip","floor":15,"key":"SMITH"},{"data":"Seeing Red","floor":23,"key":"SMITH"},{"data":"Rage","floor":27,"key":"SMITH"},{"data":"Corruption","floor":29,"key":"SMITH"},{"data":"Spot Weakness","floor":32,"key":"SMITH"},{"floor":42,"key":"RECALL"},{"floor":49,"key":"REST"}],"neow_cost":"NONE","seed_source_timestamp":733798390111600,"circlet_count":0,"master_deck":["Strike_R","Strike_R","Strike_R","Strike_R","Defend_R","Defend_R+1","Defend_R+1","Defend_R+1","Bash+1","Iron Wave+1","Pommel Strike","Shockwave+1","Carnage+1","Trip+1","Spot Weakness+1","Reaper","Cleave+1","Seeing Red+1","Shrug It Off","RitualDagger","Disarm","Rage+1","Corruption+1","Rampage","Juggernaut","Shrug It Off+1","Iron Wave+1","Pommel Strike+1","Impervious","Limit Break","PanicButton","Secret Weapon","Shrug It Off+1","Dark Embrace"],"relics":["Burning Blood","Gambling Chip","Meat on the Bone","War Paint","Anchor","Eternal Feather","Boot","Omamori","Happy Flower","Fusion Hammer","Ginger","Shuriken","Thread and Needle","Bird Faced Urn","Blood Vial","Charon\u0027s Ashes"],"potions_floor_usage":[6,10,24,33,44,50,50,50],"damage_taken":[{"damage":7,"enemies":"2 Louse","floor":1,"turns":3},{"damage":1,"enemies":"Jaw Worm","floor":3,"turns":3},{"damage":0,"enemies":"Cultist","floor":4,"turns":3},{"damage":11,"enemies":"Lagavulin","floor":6,"turns":6},{"damage":20,"enemies":"3 Sentries","floor":10,"turns":5},{"damage":3,"enemies":"Large Slime","floor":12,"turns":5},{"damage":0,"enemies":"Exordium Thugs","floor":14,"turns":3},{"damage":23,"enemies":"Slime Boss","floor":16,"turns":8},{"damage":2,"enemies":"Chosen","floor":18,"turns":4},{"damage":0,"enemies":"Gremlin Leader","floor":24,"turns":4},{"damage":17,"enemies":"Shell Parasite","floor":28,"turns":5},{"damage":6,"enemies":"Snecko","floor":30,"turns":4},{"damage":6,"enemies":"Centurion and Healer","floor":31,"turns":8},{"damage":90,"enemies":"Champ","floor":33,"turns":13},{"damage":0,"enemies":"3 Shapes","floor":35,"turns":3},{"damage":0,"enemies":"Mind Bloom Boss Battle","floor":36,"turns":5},{"damage":6,"enemies":"2 Orb Walkers","floor":39,"turns":4},{"damage":0,"enemies":"Orb Walker","floor":40,"turns":3},{"damage":0,"enemies":"Maw","floor":41,"turns":7},{"damage":7,"enemies":"Giant Head","floor":44,"turns":9},{"damage":0,"enemies":"Spire Growth","floor":46,"turns":4},{"damage":1,"enemies":"Writhing Mass","floor":47,"turns":4},{"damage":4,"enemies":"Nemesis","floor":48,"turns":5},{"damage":24,"enemies":"Donu and Deca","floor":50,"turns":7}],"seed_played":"1059183045624007310","potions_obtained":[{"floor":1,"key":"SteroidPotion"},{"floor":3,"key":"SteroidPotion"},{"floor":4,"key":"Ancient Potion"},{"floor":16,"key":"AttackPotion"},{"floor":30,"key":"Ancient Potion"},{"floor":31,"key":"EssenceOfSteel"},{"floor":35,"key":"Poison Potion"},{"floor":40,"key":"Dexterity Potion"},{"floor":47,"key":"Swift Potion"},{"floor":48,"key":"Dexterity Potion"}],"is_trial":false,"path_per_floor":["M","?","M","M","?","E","?","R","T","E","$","M","R","M","R","B",null,"M","?","$","?","?","R","E","$","T","R","M","R","M","M","R","B",null,"M","?","?","$","?","M","M","R","T","E","?","M","M","E","R","B",null],"character_chosen":"IRONCLAD","items_purchased":["Trip","Anchor","Seeing Red","Energy Potion","Shrug It Off","Rage","Shuriken"],"campfire_rested":1,"item_purchase_floors":[11,11,20,20,20,25,38],"current_hp_per_floor":[79,63,68,74,63,58,58,58,58,56,56,59,59,65,65,48,80,80,80,80,65,59,71,77,77,77,85,79,85,85,85,85,22,85,85,85,85,85,85,85,85,85,85,85,75,85,85,85,85,85],"gold":209,"neow_bonus":"HUNDRED_GOLD","is_prod":false,"is_daily":false,"chose_seed":false,"campfire_upgraded":7,"win_rate":1,"timestamp":1555826597,"path_taken":["M","?","M","M","?","E","?","R","T","E","$","?","R","M","R","BOSS","M","?","$","?","?","R","E","?","T","R","M","R","?","M","R","BOSS","M","?","?","$","?","M","M","R","T","E","?","M","M","E","R","BOSS"],"build_version":"2019-01-23","purchased_purges":1,"victory":true,"max_hp_per_floor":[80,80,80,80,80,80,80,80,80,80,80,80,80,80,80,80,80,80,80,80,85,85,85,85,85,85,85,85,85,85,85,85,85,85,85,85,85,85,85,85,85,85,85,85,85,85,85,85,85,85],"card_choices":[{"not_picked":["Bloodletting","Hemokinesis"],"picked":"Iron Wave","floor":1},{"not_picked":["Infernal Blade","Sword Boomerang"],"picked":"Pommel Strike","floor":3},{"not_picked":["Thunderclap","Cleave"],"picked":"Anger","floor":4},{"not_picked":["Anger","Warcry"],"picked":"Shockwave","floor":6},{"not_picked":["Evolve","Combust"],"picked":"Carnage","floor":10},{"not_picked":["Sever Soul","Blood for Blood","Heavy Blade"],"picked":"SKIP","floor":12},{"not_picked":["Anger","Metallicize"],"picked":"Spot Weakness","floor":14},{"not_picked":["Juggernaut","Dark Embrace"],"picked":"Reaper","floor":16},{"not_picked":["Searing Blow+1","Flame Barrier"],"picked":"Cleave+1","floor":18},{"not_picked":["Pommel Strike","Sentinel"],"picked":"Disarm","floor":24},{"not_picked":["Clothesline","True Grit"],"picked":"Corruption","floor":28},{"not_picked":["Clash","Brutality"],"picked":"Rampage","floor":30},{"not_picked":["Uppercut","Perfected Strike","Fire Breathing"],"picked":"SKIP","floor":31},{"not_picked":["Brutality","Barricade"],"picked":"Juggernaut","floor":33},{"not_picked":["Rampage+1","Burning Pact+1"],"picked":"Shrug It Off+1","floor":35},{"not_picked":["Shrug It Off","Anger+1"],"picked":"Iron Wave+1","floor":36},{"not_picked":["Searing Blow","Twin Strike"],"picked":"Pommel Strike+1","floor":39},{"not_picked":["Pommel Strike","Entrench+1","Sword Boomerang+1"],"picked":"SKIP","floor":40},{"not_picked":["Dropkick","Sword Boomerang+1"],"picked":"Impervious","floor":41},{"not_picked":["Evolve","Clothesline"],"picked":"Limit Break","floor":44},{"not_picked":["Dark Shackles","Enlightenment"],"picked":"PanicButton","floor":45},{"not_picked":["Chrysalis","Jack Of All Trades"],"picked":"Secret Weapon","floor":45},{"not_picked":["Rampage","Flex"],"picked":"Shrug It Off+1","floor":46},{"not_picked":["Evolve+1","Heavy Blade+1","Wild Strike"],"picked":"SKIP","floor":47},{"not_picked":["Flex+1","Anger"],"picked":"Dark Embrace","floor":48}],"player_experience":466630,"relics_obtained":[{"floor":6,"key":"Gambling Chip"},{"floor":9,"key":"Meat on the Bone"},{"floor":10,"key":"War Paint"},{"floor":24,"key":"Omamori"},{"floor":26,"key":"Happy Flower"},{"floor":36,"key":"Ginger"},{"floor":39,"key":"Thread and Needle"},{"floor":43,"key":"Bird Faced Urn"},{"floor":44,"key":"Blood Vial"},{"floor":48,"key":"Charon\u0027s Ashes"}],"event_choices":[{"damage_healed":0,"gold_gain":0,"player_choice":"Entered Light","damage_taken":16,"max_hp_gain":0,"max_hp_loss":0,"event_name":"Shining Light","floor":2,"gold_loss":0,"cards_upgraded":["Iron Wave","Defend_R"]},{"damage_healed":0,"gold_gain":75,"player_choice":"Gather Gold","damage_taken":11,"max_hp_gain":0,"max_hp_loss":0,"event_name":"World of Goop","floor":5,"gold_loss":0},{"damage_healed":0,"gold_gain":0,"player_choice":"Upgraded","damage_taken":0,"max_hp_gain":0,"max_hp_loss":0,"event_name":"Upgrade Shrine","floor":7,"gold_loss":0,"cards_upgraded":["Bash"]},{"damage_healed":0,"gold_gain":0,"player_choice":"Obtained Relic","damage_taken":0,"relics_obtained":["Boot"],"max_hp_gain":0,"max_hp_loss":0,"event_name":"Addict","floor":19,"gold_loss":85},{"damage_healed":0,"gold_gain":0,"player_choice":"Shed Blood","damage_taken":20,"max_hp_gain":5,"max_hp_loss":0,"event_name":"Forgotten Altar","floor":21,"gold_loss":0},{"damage_healed":0,"gold_gain":0,"player_choice":"Joined the Cult","damage_taken":6,"max_hp_gain":0,"max_hp_loss":0,"event_name":"Nest","floor":22,"gold_loss":0,"cards_obtained":["RitualDagger"]},{"damage_healed":0,"gold_gain":0,"player_choice":"Fight","damage_taken":0,"max_hp_gain":0,"max_hp_loss":0,"event_name":"MindBloom","floor":36,"gold_loss":0},{"cards_removed":["Anger"],"damage_healed":0,"gold_gain":0,"player_choice":"Removed Attack","damage_taken":0,"max_hp_gain":0,"max_hp_loss":0,"event_name":"Falling","floor":37,"gold_loss":0},{"damage_healed":0,"gold_gain":0,"player_choice":"Fight","damage_taken":0,"max_hp_gain":0,"max_hp_loss":0,"event_name":"Mysterious Sphere","floor":39,"gold_loss":0},{"damage_healed":0,"gold_gain":0,"player_choice":"Memory 3","damage_taken":10,"max_hp_gain":0,"max_hp_loss":0,"event_name":"SensoryStone","floor":45,"gold_loss":0}],"is_beta":false,"boss_relics":[{"not_picked":["Empty Cage","Runic Cube"],"picked":"Eternal Feather"},{"not_picked":["Runic Pyramid","Black Star"],"picked":"Fusion Hammer"}],"items_purged_floors":[38],"is_endless":false,"potions_floor_spawned":[1,3,4,16,30,31,35,40,41,47,48],"ascension_level":0}