{"gold_per_floor":[115,115,129,20,195,195,16,16,61,95,95,121,133,163,163,267,267,278,296,296,306,306,339,339,214,214,29,29,42,42,69,69,171,171,183,202,128,128,128,163,180,192,192,192,212,245,245,260,260,260],"floor_reached":51,"playtime":2743,"items_purged":["Strike_G","Doubt","Strike_G","Defend_G"],"score":1102,"play_id":"00fc3216-5ff6-44fc-b1ee-ae5c573f3804","local_time":"20190421222917","is_ascension_mode":true,"campfire_choices":[{"data":"Well Laid Plans","floor":6.0,"key":"SMITH"},{"data":"Blade Dance","floor":8.0,"key":"SMITH"},{"data":"Noxious Fumes","floor":11.0,"key":"SMITH"},{"data":"Catalyst","floor":15.0,"key":"SMITH"},{"data":"Concentrate","floor":24.0,"key":"SMITH"},{"data":"Calculated Gamble","floor":28.0,"key":"SMITH"},{"data":"Catalyst","floor":30.0,"key":"SMITH"},{"data":"Bane","floor":32.0,"key":"SMITH"},{"data":"Malaise","floor":44.0,"key":"SMITH"},{"data":"Backflip","floor":47.0,"key":"SMITH"},{"data":"Backflip","floor":49,"key":"SMITH"}],"neow_cost":"NONE","seed_source_timestamp":867212726782999,"circlet_count":0,"master_deck":["Defend_G","Defend_G","Defend_G","Defend_G","Strike_G","Strike_G+1","Survivor","Neutralize+1","Blade Dance+1","Well Laid Plans+1","Catalyst+1","Noxious Fumes+1","Backflip+1","Backflip+1","Bane+1","Corpse Explosion+1","Backstab","Catalyst+1","Sucker Punch+1","Concentrate+1","Calculated Gamble+1","Backflip+1","Malaise+1","Flechettes+1","PiercingWail+1","Doubt","Adrenaline+1","Reflex+1","Prepared+1"],"special_seed":0,"relics":["Ring of the Snake","NeowsBlessing","Darkstone Periapt","Whetstone","Mercury Hourglass","Meat on the Bone","Kunai","Eternal Feather","Snake Skull","Matryoshka","Pear","Cursed Key","Vajra","Toxic Egg 2","FaceOfCleric","FossilizedHelix","Singing Bowl"],"potions_floor_usage":[48,50,50],"damage_taken":[{"damage":0.0,"enemies":"Small Slimes","floor":1.0,"turns":1.0},{"damage":0.0,"enemies":"Cultist","floor":3.0,"turns":1.0},{"damage":0.0,"enemies":"Lagavulin","floor":10.0,"turns":1.0},{"damage":15.0,"enemies":"3 Sentries","floor":12.0,"turns":6.0},{"damage":7.0,"enemies":"Jaw Worm","floor":13.0,"turns":3.0},{"damage":23.0,"enemies":"Gremlin Nob","floor":14.0,"turns":5.0},{"damage":12.0,"enemies":"Hexaghost","floor":16.0,"turns":9.0},{"damage":0.0,"enemies":"3 Byrds","floor":18.0,"turns":2.0},{"damage":13.0,"enemies":"Spheric Guardian","floor":19.0,"turns":5.0},{"damage":0.0,"enemies":"3 Cultists","floor":21.0,"turns":2.0},{"damage":37.0,"enemies":"Book of Stabbing","floor":23.0,"turns":4.0},{"damage":7.0,"enemies":"Centurion and Healer","floor":29.0,"turns":3.0},{"damage":17.0,"enemies":"Slavers","floor":31.0,"turns":2.0},{"damage":32.0,"enemies":"Automaton","floor":33.0,"turns":7.0},{"damage":9.0,"enemies":"Orb Walker","floor":35.0,"turns":4.0},{"damage":10.0,"enemies":"3 Shapes","floor":36.0,"turns":4.0},{"damage":24.0,"enemies":"Nemesis","floor":40.0,"turns":7.0},{"damage":0.0,"enemies":"Jaw Worm Horde","floor":41.0,"turns":2.0},{"damage":4.0,"enemies":"Maw","floor":42.0,"turns":6.0},{"damage":1.0,"enemies":"Writhing Mass","floor":45.0,"turns":7.0},{"damage":9.0,"enemies":"Giant Head","floor":46.0,"turns":5.0},{"damage":7,"enemies":"Transient","floor":48,"turns":5},{"damage":29,"enemies":"Time Eater","floor":50,"turns":9}],"seed_played":"7619516122336180606","potions_obtained":[{"floor":12.0,"key":"EssenceOfSteel"},{"floor":13.0,"key":"Energy Potion"},{"floor":18.0,"key":"GamblersBrew"},{"floor":19.0,"key":"GamblersBrew"},{"floor":23.0,"key":"Ancient Potion"},{"floor":33.0,"key":"PowerPotion"},{"floor":41.0,"key":"Weak Potion"},{"floor":48,"key":"Swift Potion"}],"is_trial":false,"path_per_floor":["M","?","M","$","?","R","$","R","T","E","R","E","M","E","R","B",null,"M","M","?","M","?","E","R","$","T","$","R","M","R","E","R","B",null,"M","M","$","T","?","E","M","M","T","R","M","E","R","M","R","B",null],"character_chosen":"THE_SILENT","items_purchased":["Well Laid Plans","Catalyst","Calculated Gamble","Regen Potion"],"campfire_rested":0,"item_purchase_floors":[4,7,27,37],"current_hp_per_floor":[63,63,63,63,69,69,69,69,69,69,69,54,47,36,36,36,66,66,53,53,53,53,28,40,40,40,40,52,45,57,50,62,42,75,66,56,56,62,62,54,55,52,52,67,67,61,76,72,87,59],"gold":260,"neow_bonus":"THREE_ENEMY_KILL","is_prod":false,"is_daily":false,"chose_seed":false,"campfire_upgraded":11,"win_rate":0,"timestamp":1555853357,"path_taken":["M","?","M","?","?","R","$","R","T","E","R","E","?","E","R","BOSS","M","?","?","?","?","E","R","$","T","$","R","M","R","E","R","BOSS","M","?","$","?","?","E","M","M","T","R","M","E","R","M","R","BOSS"],"build_version":"2019-01-23","purchased_purges":4,"victory":true,"max_hp_per_floor":[70,70,70,70,76,76,76,76,76,76,76,76,76,76,76,76,76,76,76,76,76,76,76,76,76,76,76,76,76,76,86,86,86,86,86,86,86,92,92,93,94,95,95,95,96,99,99,102,102,103],"card_choices":[{"not_picked":["Bane","Quick Slash"],"picked":"PiercingWail","floor":1.0},{"not_picked":["Distraction","Bane"],"picked":"Blade Dance","floor":3.0},{"not_picked":["Footwork","Poisoned Stab"],"picked":"Noxious Fumes","floor":10.0},{"not_picked":["Prepared","Concentrate"],"picked":"Backflip","floor":12.0},{"not_picked":["Cloak And Dagger","Dash"],"picked":"Backflip","floor":13.0},{"not_picked":["Deflect","Underhanded Strike"],"picked":"Bane","floor":14.0},{"not_picked":["Malaise","Venomology"],"picked":"Corpse Explosion","floor":16.0},{"not_picked":["Cloak And Dagger","Backflip"],"picked":"Backstab","floor":18.0},{"not_picked":["Blade Dance","Backflip"],"picked":"Catalyst","floor":19.0},{"not_picked":["Backflip","Deflect"],"picked":"Sucker Punch+1","floor":21.0},{"not_picked":["Expertise","Sucker Punch"],"picked":"Concentrate","floor":23.0},{"not_picked":["Reflex","Setup+1","Poisoned Stab+1"],"picked":"SKIP","floor":29.0},{"not_picked":["Storm of Steel","Blur"],"picked":"Backflip+1","floor":31.0},{"not_picked":["Storm of Steel","Die Die Die"],"picked":"Malaise","floor":33.0},{"not_picked":["Poisoned Stab","Sucker Punch+1"],"picked":"Flechettes+1","floor":35.0},{"not_picked":["Quick Slash+1","Corpse Explosion"],"picked":"PiercingWail+1","floor":36.0},{"not_picked":["Blade Dance+1","Dagger Throw"],"picked":"Adrenaline+1","floor":40.0},{"not_picked":["Flechettes","Prepared+1"],"picked":"Reflex+1","floor":41.0},{"not_picked":["Cloak And Dagger+1","Predator","Poisoned Stab+1"],"picked":"SKIP","floor":42.0},{"not_picked":["Catalyst+1","Deflect+1"],"picked":"Prepared+1","floor":45.0},{"not_picked":["Finisher+1","Flying Knee+1","Outmaneuver+1"],"picked":"Singing Bowl","floor":46.0},{"not_picked":["Dagger Throw+1","Outmaneuver+1","Flying Knee+1"],"picked":"Singing Bowl","floor":48}],"player_experience":659066,"relics_obtained":[{"floor":9.0,"key":"Whetstone"},{"floor":10.0,"key":"Mercury Hourglass"},{"floor":12.0,"key":"Meat on the Bone"},{"floor":14.0,"key":"Kunai"},{"floor":23.0,"key":"Snake Skull"},{"floor":26.0,"key":"Matryoshka"},{"floor":31.0,"key":"Pear"},{"floor":38.0,"key":"Vajra"},{"floor":38.0,"key":"Toxic Egg 2"},{"floor":40.0,"key":"FossilizedHelix"},{"floor":46.0,"key":"Singing Bowl"}],"event_choices":[{"cards_removed":["PiercingWail"],"damage_healed":0.0,"max_hp_gain":0.0,"max_hp_loss":0.0,"gold_gain":0.0,"event_name":"WeMeetAgain","player_choice":"Gave Card","floor":2.0,"gold_loss":0.0,"damage_taken":0.0,"relics_obtained":["Darkstone Periapt"]},{"damage_healed":0.0,"max_hp_gain":0.0,"max_hp_loss":0.0,"gold_gain":175.0,"event_name":"Liars Game","player_choice":"AGREE","floor":5.0,"gold_loss":0.0,"damage_taken":0.0,"cards_obtained":["Doubt"]},{"cards_removed":["Strike_G"],"damage_healed":0.0,"max_hp_gain":0.0,"max_hp_loss":0.0,"gold_gain":0.0,"event_name":"Bonfire Elementals","player_choice":"Offered Basic","floor":20.0,"gold_loss":0.0,"damage_taken":0.0},{"damage_healed":0.0,"max_hp_gain":0.0,"max_hp_loss":0.0,"gold_gain":0.0,"event_name":"Upgrade Shrine","player_choice":"Upgraded","floor":22.0,"gold_loss":0.0,"damage_taken":0.0,"cards_upgraded":["Corpse Explosion"]},{"damage_healed":0.0,"max_hp_gain":0.0,"max_hp_loss":0.0,"gold_gain":0.0,"event_name":"FaceTrader","player_choice":"Trade","floor":39.0,"gold_loss":0.0,"damage_taken":0.0,"relics_obtained":["FaceOfCleric"]}],"is_beta":false,"boss_relics":[{"not_picked":["Orrery","Snecko Eye"],"picked":"Eternal Feather"},{"not_picked":["Lizard Tail","White Beast Statue"],"picked":"Cursed Key"}],"items_purged_floors":[4,7,25,27],"is_endless":false,"potions_floor_spawned":[12,13,18,19,23,33,41,42,48],"ascension_level":7}