{"path_per_floor":["M","M","M","?","$","E","?","M","T","R","M"],"character_chosen":"DEFECT","items_purchased":["Apotheosis","Doom and Gloom","Dark Shackles"],"gold_per_floor":[359,370,383,383,11,42,117,132,184,184,200,200],"floor_reached":12,"campfire_rested":1,"playtime":261,"current_hp_per_floor":[63,56,51,51,51,24,13,4,4,23,17,0],"items_purged":[],"gold":200,"score":140,"play_id":"8051ce33-71f3-4396-bda2-de6f6b81228c","local_time":"20180515224952","is_prod":false,"is_daily":false,"chose_seed":false,"is_ascension_mode":true,"campfire_upgraded":0,"timestamp":1526395792,"path_taken":["M","?","M","?","$","E","?","M","T","R","M","E"],"build_version":"2018-05-14v2","seed_source_timestamp":469788812806051,"purchased_purges":0,"victory":false,"master_deck":["Strike_B","Strike_B","Strike_B","Strike_B","Defend_B","Defend_B","Defend_B","Defend_B","Zap","Dualcast","AscendersBane","Cold Snap","Amplify","Self Repair","Apotheosis","Doom and Gloom","Dark Shackles","Redo","Capacitor","Leap"],"max_hp_per_floor":[64,64,64,64,64,64,64,64,64,64,64,64],"relics":["Cracked Core","Symbiotic Virus","Potion Belt"],"card_choices":[{"not_picked":["Ball Lightning","Darkness"],"picked":"Cold Snap","floor":1},{"not_picked":["Barrage","Ball Lightning"],"picked":"Amplify","floor":2},{"not_picked":["Stack","Skim"],"picked":"Self Repair","floor":3},{"not_picked":["Sweeping Beam","Go for the Eyes"],"picked":"Redo","floor":6},{"not_picked":["Streamline","Steam"],"picked":"Capacitor","floor":8},{"not_picked":["Tempest","Stack"],"picked":"Leap","floor":11}],"player_experience":997244,"potions_floor_usage":[],"damage_taken":[{"damage":1,"enemies":"Cultist","floor":1,"turns":3},{"damage":7,"enemies":"Jaw Worm","floor":2,"turns":3},{"damage":5,"enemies":"2 Louse","floor":3,"turns":3},{"damage":34,"enemies":"3 Sentries","floor":6,"turns":5},{"damage":9,"enemies":"Red Slaver","floor":8,"turns":3},{"damage":6,"enemies":"Blue Slaver","floor":11,"turns":3},{"damage":43,"enemies":"Gremlin Nob","floor":12,"turns":3}],"relics_obtained":[{"floor":6,"key":"Symbiotic Virus"},{"floor":9,"key":"Potion Belt"}],"event_choices":[{"event_name":"The Cleric","player_choice":"Leave","floor":4,"damage_taken":0},{"event_name":"World of Goop","player_choice":"Gather Gold","floor":7,"damage_taken":0}],"boss_relics":[],"potions_floor_spawned":[2,3,6,8],"seed_played":"-6594826858427014950","killed_by":"Gremlin Nob","ascension_level":15,"potions_obtained":[{"floor":2,"key":"FocusPotion"},{"floor":3,"key":"GamblersBrew"},{"floor":6,"key":"EssenceOfSteel"},{"floor":8,"key":"Weak Potion"}],"is_trial":false}