{"path_per_floor":["M","?","M","?","?","R","E","R","T","M","M","R","M","E","R","B",null,"M","?","$","M","M","R","E","$","T","R","M","M","E","M","R"],"character_chosen":"IRONCLAD","items_purchased":["Anchor","Ornamental Fan","Blind"],"gold_per_floor":[11,86,97,97,97,97,141,141,165,190,203,203,228,264,264,387,387,412,412,22,40,59,59,103,2,26,26,40,61,131,147,147],"floor_reached":33,"campfire_rested":2,"playtime":2712,"current_hp_per_floor":[79,68,73,73,73,73,48,48,48,48,54,54,54,45,86,9,69,44,44,44,43,49,49,48,48,48,48,42,43,34,32,73],"items_purged":[],"gold":147,"play_id":"c6b26caa-1c0e-4266-ad45-80a3b821367a","is_prod":false,"is_daily":false,"is_ascension_mode":true,"campfire_upgraded":5,"path_taken":["M","?","M","?","?","R","E","R","T","M","M","R","?","E","R","BOSS","M","?","$","M","M","R","E","$","T","R","?","M","E","M","R","BOSS"],"build_version":"2018-02-01-PROD3","purchased_purges":1,"victory":false,"master_deck":["Strike_R+1","Strike_R","Strike_R+1","Strike_R","Strike_R","Defend_R","Defend_R","Defend_R","Bash","Flex","Cleave+1","Inflame+1","Pommel Strike+1","Flex","Pommel Strike","Bludgeon+1","Thunderclap","Dropkick+1","Clothesline","Whirlwind","Blind+1","Infernal Blade","Battle Trance","Sword Boomerang","Flex"],"max_hp_per_floor":[96,96,96,89,89,89,89,89,89,89,89,89,89,89,89,89,89,89,89,89,89,89,89,89,89,89,89,89,89,89,89,89],"relics":["Burning Blood","Golden Idol","Regal Pillow","Whetstone","Self Forming Clay","White Beast Statue","Anchor","Ornamental Fan","Bag of Preparation","Vajra","Tiny Chest"],"card_choices":[{"not_picked":["Infernal Blade","Headbutt"],"picked":"Flex"},{"not_picked":["Rage","Headbutt"],"picked":"Cleave"},{"not_picked":["Iron Wave","Wild Strike"],"picked":"Inflame"},{"not_picked":["Cleave","Shockwave"],"picked":"Pommel Strike"},{"not_picked":["Perfected Strike","Ghostly Armor"],"picked":"Flex"},{"not_picked":["Heavy Blade","Intimidate"],"picked":"Pommel Strike"},{"not_picked":["Perfected Strike","Shockwave"],"picked":"Bludgeon"},{"not_picked":["Intimidate","Bloodletting"],"picked":"Thunderclap"},{"not_picked":["Pommel Strike","Headbutt"],"picked":"Dropkick"},{"not_picked":["Shrug It Off","Hemokinesis"],"picked":"Clothesline"},{"not_picked":["Perfected Strike","Hemokinesis"],"picked":"Whirlwind"},{"not_picked":["Wild Strike","Thunderclap"],"picked":"Infernal Blade"},{"not_picked":["Havoc","Sword Boomerang"],"picked":"Battle Trance"},{"not_picked":["Sentinel","Anger"],"picked":"Sword Boomerang"},{"not_picked":["Body Slam","Reckless Charge"],"picked":"Flex"}],"player_experience":269858,"potions_floor_usage":[24,24,28,29,30,33,33,33],"damage_taken":[{"damage":15.0,"enemies":"Small Slimes","floor":1.0,"turns":3.0},{"damage":1.0,"enemies":"Cultist","floor":3.0,"turns":3.0},{"damage":31.0,"enemies":"3 Sentries","floor":7.0,"turns":5.0},{"damage":6.0,"enemies":"2 Louse","floor":10.0,"turns":2.0},{"damage":0.0,"enemies":"2 Fungi Beasts","floor":11.0,"turns":2.0},{"damage":6.0,"enemies":"Exordium Thugs","floor":13.0,"turns":3.0},{"damage":15.0,"enemies":"Gremlin Nob","floor":14.0,"turns":3.0},{"damage":83.0,"enemies":"Hexaghost","floor":16.0,"turns":8.0},{"damage":31.0,"enemies":"Chosen","floor":18.0,"turns":5.0},{"damage":7,"enemies":"Spheric Guardian","floor":21,"turns":3},{"damage":0,"enemies":"Centurion and Healer","floor":22,"turns":4},{"damage":7,"enemies":"Slavers","floor":24,"turns":3},{"damage":12,"enemies":"Slaver and Parasite","floor":28,"turns":4},{"damage":5,"enemies":"Chosen and Byrds","floor":29,"turns":4},{"damage":15,"enemies":"Gremlin Leader","floor":30,"turns":5},{"damage":8,"enemies":"Snake Plant","floor":31,"turns":2},{"damage":78,"enemies":"Automaton","floor":33,"turns":8}],"event_choices":[{"event_name":"World of Goop","player_choice":"Gather Gold","floor":2.0,"damage_taken":0.0},{"event_name":"Golden Idol","player_choice":"Lose Max HP","floor":4.0,"damage_taken":0.0},{"event_name":"Bonfire Elementals","player_choice":"BASIC","floor":5.0,"damage_taken":0.0},{"event_name":"Cursed Tome","player_choice":"Ignored","floor":19.0,"damage_taken":0.0}],"boss_relics":[],"potions_floor_spawned":[3,7,10,13,18,21,22,24,28,29,30,31],"seed_played":"574048401771696863","killed_by":"Automaton","ascension_level":8,"is_trial":false}