{"path_per_floor":["M","M","M","$","M","E","R","M","T","M","E","M","M","?","R","B",null,"M","?","M","?","$","E","?","R","T","E","?","R","E","M","R","B",null,"M","?","$","M","?","E","R","?","T","?","E","$","E","M","R"],"character_chosen":"DEFECT","items_purchased":["Self Repair","Go for the Eyes","Capacitor","Blind","Coolheaded","Capacitor","Nova"],"gold_per_floor":[109,120,137,11,25,58,58,68,68,86,120,133,149,199,199,278,278,278,193,203,203,47,81,81,81,104,130,130,130,156,169,169,241,241,257,257,152,164,164,189,189,242,242,242,270,32,61,73,73,73],"floor_reached":50,"campfire_rested":0,"playtime":2232,"current_hp_per_floor":[52,48,48,48,53,39,39,33,33,40,45,44,51,51,51,46,65,65,65,49,35,35,35,28,28,28,22,22,22,24,36,36,40,40,40,30,30,40,40,40,40,40,40,40,40,40,40,39,39,0],"items_purged":["Normality"],"gold":73,"score":1140,"play_id":"869112c3-48ce-4492-a20b-85329db2b4f8","local_time":"20180515214647","is_prod":false,"is_daily":false,"chose_seed":false,"is_ascension_mode":true,"campfire_upgraded":7,"timestamp":1526392007,"path_taken":["M","M","M","$","M","E","R","M","T","M","E","M","M","?","R","BOSS","M","?","M","?","$","E","?","R","T","E","?","R","E","M","R","BOSS","M","?","?","M","?","E","R","?","T","?","E","$","E","M","R","BOSS"],"build_version":"2018-05-14v2","seed_source_timestamp":463951994925585,"purchased_purges":2,"victory":false,"master_deck":["Strike_B","Defend_B","Defend_B","Defend_B","Zap","Dualcast","AscendersBane","Chill","Undo","Consume+1","Self Repair","Go for the Eyes","Glacier","Hologram","Lockon","Capacitor+1","Redo","White Noise","Nova","Steam+1","Biased Cognition+1","Loop+1","Gash+1","Ghostly","Ghostly","Ghostly","Ghostly","Ghostly","Capacitor+1","Blind","Chill","Hologram","Static Discharge+1","Self Repair","Buffer+1","Gash+1","Jack Of All Trades","Purity","Coolheaded","Capacitor","Rebound+1","Gash+1","Storm","FTL+1","Nova+1","Stack+1","Go for the Eyes+1"],"max_hp_per_floor":[71,71,71,71,71,71,71,71,71,71,71,71,71,71,71,71,71,71,71,71,35,35,35,40,40,40,40,40,40,40,40,40,40,40,40,40,40,40,40,40,40,40,40,40,40,40,40,40,40,40],"relics":["Cracked Core","Regal Pillow","Mercury Hourglass","Ginger","Astrolabe","Meat on the Bone","Anchor","Prayer Wheel","Juzu Bracelet","Unceasing Top","Cursed Key","Molten Egg 2","Shovel","Darkstone Periapt","Omamori","Bottled Flame"],"card_choices":[{"not_picked":["Hologram","Leap"],"picked":"Chill","floor":1.0},{"not_picked":["Capacitor","Go for the Eyes"],"picked":"Undo","floor":2.0},{"not_picked":["Barrage","Turbo"],"picked":"Consume","floor":3.0},{"not_picked":["Aggregate","Steam","Go for the Eyes"],"picked":"SKIP","floor":5.0},{"not_picked":["Steam Power","Skim"],"picked":"Glacier","floor":6.0},{"not_picked":["Steam Power","Axe Kick"],"picked":"Hologram","floor":8.0},{"not_picked":["Consume","Hologram"],"picked":"Lockon","floor":10.0},{"not_picked":["Leap","Rebound"],"picked":"Capacitor","floor":11.0},{"not_picked":["Biased Cognition","Glacier"],"picked":"Redo","floor":12.0},{"not_picked":["Scrape","Chaos"],"picked":"White Noise","floor":13.0},{"not_picked":["Multi-Cast","Fusion"],"picked":"Nova","floor":16.0},{"not_picked":["Hologram","Sweeping Beam"],"picked":"Gash","floor":20.0},{"not_picked":["Sunder","Conserve Battery"],"picked":"Chill","floor":23.0},{"not_picked":["FTL","Barrage"],"picked":"Hologram","floor":27.0},{"not_picked":["BootSequence","Glacier"],"picked":"Static Discharge","floor":30.0},{"not_picked":["Rip and Tear","Ball Lightning"],"picked":"Self Repair","floor":31.0},{"not_picked":["Biased Cognition","All For One"],"picked":"Buffer","floor":33.0},{"not_picked":["Axe Kick+1","Turbo"],"picked":"Gash","floor":35.0},{"not_picked":["Sadistic Nature","Panacea"],"picked":"Jack Of All Trades","floor":36.0},{"not_picked":["Mind Blast","Enlightenment"],"picked":"Purity","floor":36.0},{"not_picked":["Sweeping Beam","Force Field"],"picked":"Rebound+1","floor":38.0},{"not_picked":["Capacitor+1","Turbo"],"picked":"Storm","floor":40.0},{"not_picked":["Streamline+1","Skim"],"picked":"FTL+1","floor":43.0},{"not_picked":["Beam Cell+1","Go for the Eyes+1","Leap"],"picked":"SKIP","floor":45.0},{"not_picked":["FTL+1","Axe Kick+1"],"picked":"Stack+1","floor":47},{"not_picked":["Melter+1","Steam Power"],"picked":"Go for the Eyes+1","floor":48}],"player_experience":993053,"potions_floor_usage":[50,50,50],"damage_taken":[{"damage":12.0,"enemies":"Jaw Worm","floor":1.0,"turns":2.0},{"damage":4.0,"enemies":"Cultist","floor":2.0,"turns":3.0},{"damage":0.0,"enemies":"Small Slimes","floor":3.0,"turns":4.0},{"damage":2.0,"enemies":"2 Fungi Beasts","floor":5.0,"turns":5.0},{"damage":21.0,"enemies":"3 Sentries","floor":6.0,"turns":13.0},{"damage":13.0,"enemies":"Exordium Wildlife","floor":8.0,"turns":8.0},{"damage":0.0,"enemies":"3 Louse","floor":10.0,"turns":3.0},{"damage":2.0,"enemies":"Lagavulin","floor":11.0,"turns":9.0},{"damage":8.0,"enemies":"Blue Slaver","floor":12.0,"turns":5.0},{"damage":0.0,"enemies":"Looter","floor":13.0,"turns":3.0},{"damage":12.0,"enemies":"The Guardian","floor":16.0,"turns":14.0},{"damage":0.0,"enemies":"2 Thieves","floor":18.0,"turns":1.0},{"damage":23.0,"enemies":"3 Byrds","floor":20.0,"turns":5.0},{"damage":9.0,"enemies":"Slavers","floor":23.0,"turns":5.0},{"damage":25.0,"enemies":"Gremlin Leader","floor":27.0,"turns":10.0},{"damage":17.0,"enemies":"Book of Stabbing","floor":30.0,"turns":9.0},{"damage":7.0,"enemies":"Snecko","floor":31.0,"turns":7.0},{"damage":4.0,"enemies":"Automaton","floor":33.0,"turns":17.0},{"damage":0.0,"enemies":"3 Shapes","floor":35.0,"turns":10.0},{"damage":0.0,"enemies":"Flame Bruiser 1 Orb","floor":38.0,"turns":8.0},{"damage":0.0,"enemies":"Giant Head","floor":40.0,"turns":10.0},{"damage":7.0,"enemies":"Mysterious Sphere","floor":42.0,"turns":7.0},{"damage":2.0,"enemies":"2 Orb Walkers","floor":45.0,"turns":7.0},{"damage":24,"enemies":"Giant Head","floor":47,"turns":9},{"damage":8,"enemies":"3 Darklings","floor":48,"turns":6},{"damage":40,"enemies":"Time Eater","floor":50,"turns":5}],"relics_obtained":[{"floor":6.0,"key":"Regal Pillow"},{"floor":9.0,"key":"Mercury Hourglass"},{"floor":11.0,"key":"Ginger"},{"floor":23.0,"key":"Anchor"},{"floor":26.0,"key":"Prayer Wheel"},{"floor":27.0,"key":"Juzu Bracelet"},{"floor":30.0,"key":"Unceasing Top"},{"floor":40.0,"key":"Molten Egg 2"},{"floor":42.0,"key":"Shovel"},{"floor":43.0,"key":"Darkstone Periapt"},{"floor":45.0,"key":"Omamori"},{"floor":47,"key":"Bottled Flame"}],"event_choices":[{"event_name":"Golden Shrine","player_choice":"Pray","floor":14.0,"damage_taken":0.0},{"event_name":"Addict","player_choice":"Obtained Relic","floor":19.0,"damage_taken":0.0},{"event_name":"Ghosts","player_choice":"Became a Ghost","floor":21.0,"damage_taken":0.0},{"event_name":"Forgotten Altar","player_choice":"Shed Blood","floor":24.0,"damage_taken":0.0},{"event_name":"Vampires","player_choice":"Ignored","floor":28.0,"damage_taken":0.0},{"event_name":"SensoryStone","player_choice":"Memory 3","floor":36.0,"damage_taken":0.0},{"event_name":"Duplicator","player_choice":"One dupe","floor":39.0,"damage_taken":0.0},{"event_name":"Mysterious Sphere","player_choice":"Fight","floor":42.0,"damage_taken":0.0}],"boss_relics":[],"potions_floor_spawned":[3,6,11,12,16,18,23,33,35,40,48],"seed_played":"2437311530510825690","killed_by":"Time Eater","ascension_level":15,"potions_obtained":[{"floor":3.0,"key":"SmokeBomb"},{"floor":6.0,"key":"Ancient Potion"},{"floor":11.0,"key":"Strength Potion"},{"floor":12.0,"key":"Block Potion"},{"floor":23.0,"key":"LiquidBronze"},{"floor":33.0,"key":"Block Potion"},{"floor":35.0,"key":"LiquidBronze"}],"is_trial":false}