{"gold_per_floor":[115,133,133,148,168,168,200,218,244,277,277,277,312,1,1,1],"floor_reached":16,"playtime":486,"items_purged":[],"score":186,"play_id":"a298a237-8f11-4609-88da-54498e585130","local_time":"20181208230930","is_ascension_mode":true,"campfire_choices":[{"data":"Zap","floor":6,"key":"SMITH"},{"data":"Go for the Eyes","floor":11,"key":"SMITH"},{"data":"Rainbow","floor":15,"key":"SMITH"}],"neow_cost":"NONE","seed_source_timestamp":215910816086057,"circlet_count":0,"master_deck":["AscendersBane","Strike_B","Strike_B","Strike_B","Defend_B","Defend_B","Defend_B","Defend_B","Zap+1","Dualcast","Ball Lightning","BootSequence","Thunder Strike+1","Go for the Eyes+1","Reinforced Body","Cold Snap","Rainbow+1","Chill","Capacitor"],"relics":["Cracked Core","Blue Candle","Oddly Smooth Stone","MawBank","Toxic Egg 2"],"potions_floor_usage":[7,10,13,13],"damage_taken":[{"damage":0,"enemies":"Small Slimes","floor":1,"turns":3},{"damage":0,"enemies":"Cultist","floor":2,"turns":2},{"damage":0,"enemies":"2 Louse","floor":4,"turns":2},{"damage":6,"enemies":"Looter","floor":5,"turns":3},{"damage":1,"enemies":"Lagavulin","floor":7,"turns":7},{"damage":13,"enemies":"Large Slime","floor":8,"turns":5},{"damage":19,"enemies":"Gremlin Nob","floor":10,"turns":5},{"damage":8,"enemies":"3 Sentries","floor":13,"turns":4},{"damage":28,"enemies":"The Guardian","floor":16,"turns":2}],"seed_played":"2983034409038056157","potions_obtained":[{"floor":0,"key":"LiquidBronze"},{"floor":0,"key":"Weak Potion"},{"floor":1,"key":"Explosive Potion"},{"floor":7,"key":"Ancient Potion"},{"floor":10,"key":"EssenceOfSteel"}],"is_trial":false,"path_per_floor":["M","M","?","M","M","R","E","M","T","E","R","?","E","$","R","B"],"character_chosen":"DEFECT","items_purchased":["Toxic Egg 2","Capacitor"],"campfire_rested":0,"item_purchase_floors":[14,14],"current_hp_per_floor":[68,68,68,68,62,62,61,48,48,29,29,29,21,21,21,0],"gold":1,"neow_bonus":"THREE_SMALL_POTIONS","is_prod":false,"is_daily":false,"chose_seed":false,"campfire_upgraded":3,"win_rate":0,"timestamp":1544290770,"path_taken":["M","M","?","?","M","R","E","M","T","E","R","?","E","$","R","BOSS"],"build_version":"2018-12-06","purchased_purges":0,"victory":false,"max_hp_per_floor":[75,75,75,75,75,75,75,75,75,75,75,75,75,75,75,75],"card_choices":[{"not_picked":["Coolheaded","Stack"],"picked":"Ball Lightning","floor":1},{"not_picked":["Turbo","Auto Shields"],"picked":"BootSequence","floor":2},{"not_picked":["Rebound","Ball Lightning"],"picked":"Go for the Eyes","floor":4},{"not_picked":["Redo","Hello World"],"picked":"Reinforced Body","floor":5},{"not_picked":["Hologram","Go for the Eyes"],"picked":"Cold Snap","floor":7},{"not_picked":["Darkness","Turbo"],"picked":"Rainbow","floor":8},{"not_picked":["Steam Power","Cold Snap","Ball Lightning"],"picked":"SKIP","floor":10},{"not_picked":["Heatsinks","Turbo"],"picked":"Chill","floor":13}],"player_experience":877166,"relics_obtained":[{"floor":7,"key":"Blue Candle"},{"floor":10,"key":"Oddly Smooth Stone"},{"floor":13,"key":"MawBank"}],"event_choices":[{"damage_healed":0,"gold_gain":0,"cards_transformed":["Strike_B"],"player_choice":"Transformed","damage_taken":0,"max_hp_gain":0,"max_hp_loss":0,"event_name":"Transmorgrifier","floor":3,"gold_loss":0,"cards_obtained":["Thunder Strike"]},{"damage_healed":0,"gold_gain":0,"player_choice":"Grow","damage_taken":0,"max_hp_gain":0,"max_hp_loss":0,"event_name":"Living Wall","floor":12,"gold_loss":0,"cards_upgraded":["Thunder Strike"]}],"is_beta":true,"boss_relics":[],"items_purged_floors":[],"is_endless":false,"potions_floor_spawned":[1,7,8,10],"killed_by":"The Guardian","ascension_level":11}