{"gold_per_floor":[110,129,129,129,81,112,125,156,228,193,211,81,81,94,94,167,167,187,154,9,9,9,38,48,79,79,79,89,4,4,37,37,110,160,172,191,239,21,35,67,67,77,154,154,169,196,210,242,242,242,242,242,1,29,29],"floor_reached":56,"playtime":2722,"items_purged":[],"score":2109,"play_id":"8c853776-e9fd-4f9b-86ef-eabc0199bab1","local_time":"20190420170103","is_ascension_mode":true,"campfire_choices":[{"data":"Limit Break","floor":13.0,"key":"SMITH"},{"data":"Inflame","floor":15.0,"key":"SMITH"},{"data":"Armaments","floor":27.0,"key":"SMITH"},{"floor":30.0,"key":"RECALL"},{"data":"Flame Barrier","floor":32.0,"key":"SMITH"},{"data":"Limit Break","floor":41,"key":"SMITH"},{"data":"Inflame","floor":44,"key":"SMITH"},{"data":"Offering","floor":49,"key":"SMITH"},{"data":"Corruption","floor":52,"key":"SMITH"}],"neow_cost":"NONE","seed_source_timestamp":1086420714625305,"circlet_count":0,"master_deck":["AscendersBane","Defend_R+1","Defend_R+1","Defend_R","Defend_R","Bash","Limit Break+1","Intimidate","Flame Barrier+1","Shrug It Off","Armaments+1","Reaper","Inflame+1","Shrug It Off","Reaper","Shockwave+1","Bite+1","Bite","Bite","Bite","Bite","Heavy Blade","Reaper","Burning Pact+1","Exhume","Shrug It Off","Limit Break+1","Shrug It Off","Inflame+1","Corruption+1","Feel No Pain+1","Offering+1","Dual Wield+1","Intimidate+1","Battle Trance"],"special_seed":0,"relics":["Burning Blood","Bird Faced Urn","Blood Vial","Coffee Dripper","Vajra","Shuriken","Ornamental Fan","Anchor","Red Skull","Bottled Lightning","Tiny House","Turnip","PreservedInsect","Orichalcum","Molten Egg 2","Centennial Puzzle","Mummified Hand","Pantograph","Dead Branch"],"potions_floor_usage":[55],"damage_taken":[{"damage":7.0,"enemies":"Small Slimes","floor":1.0,"turns":4.0},{"damage":11.0,"enemies":"Jaw Worm","floor":2.0,"turns":4.0},{"damage":37.0,"enemies":"Lagavulin","floor":6.0,"turns":9.0},{"damage":1.0,"enemies":"Cultist","floor":7.0,"turns":5.0},{"damage":24.0,"enemies":"3 Sentries","floor":8.0,"turns":14.0},{"damage":17.0,"enemies":"Blue Slaver","floor":11.0,"turns":6.0},{"damage":16.0,"enemies":"Large Slime","floor":14.0,"turns":10.0},{"damage":34.0,"enemies":"The Guardian","floor":16.0,"turns":14.0},{"damage":7.0,"enemies":"Chosen","floor":18.0,"turns":4.0},{"damage":19.0,"enemies":"2 Thieves","floor":19.0,"turns":5.0},{"damage":26.0,"enemies":"Gremlin Leader","floor":23.0,"turns":7.0},{"damage":12.0,"enemies":"Centurion and Healer","floor":24.0,"turns":6.0},{"damage":31.0,"enemies":"Book of Stabbing","floor":25.0,"turns":6.0},{"damage":6.0,"enemies":"Shelled Parasite and Fungi","floor":28.0,"turns":5.0},{"damage":53.0,"enemies":"Slavers","floor":31.0,"turns":7.0},{"damage":84.0,"enemies":"Collector","floor":33.0,"turns":11.0},{"damage":18.0,"enemies":"Orb Walker","floor":35.0,"turns":5.0},{"damage":22.0,"enemies":"3 Shapes","floor":36.0,"turns":5.0},{"damage":71.0,"enemies":"2 Orb Walkers","floor":37.0,"turns":7.0},{"damage":37,"enemies":"Writhing Mass","floor":39,"turns":8},{"damage":20,"enemies":"Nemesis","floor":40,"turns":7},{"damage":24,"enemies":"Transient","floor":42,"turns":5},{"damage":0,"enemies":"Maw","floor":45,"turns":8},{"damage":70,"enemies":"Giant Head","floor":46,"turns":8},{"damage":27,"enemies":"Jaw Worm Horde","floor":47,"turns":4},{"damage":24,"enemies":"Nemesis","floor":48,"turns":5},{"damage":98,"enemies":"Awakened One","floor":50,"turns":9},{"damage":62,"enemies":"Shield and Spear","floor":54,"turns":4},{"damage":13,"enemies":"The Heart","floor":55,"turns":4}],"seed_played":"7966978280585135274","potions_obtained":[{"floor":1.0,"key":"Poison Potion"},{"floor":2.0,"key":"SteroidPotion"},{"floor":8.0,"key":"PowerPotion"},{"floor":19.0,"key":"SteroidPotion"},{"floor":25.0,"key":"SpeedPotion"},{"floor":28.0,"key":"SteroidPotion"},{"floor":42,"key":"Strength Potion"}],"is_trial":false,"path_per_floor":["M","M","?","?","$","E","M","E","T","?","M","$","R","M","R","B",null,"M","M","$","?","$","E","M","E","T","R","M","?","R","E","R","B",null,"M","M","?","$","M","E","R","M","T","R","M","E","M","E","R","B",null,"R","$","E","B",null],"character_chosen":"IRONCLAD","items_purchased":["Shrug It Off","Inflame","Shrug It Off","Vajra","Inflame","PreservedInsect","Pantograph"],"campfire_rested":0,"item_purchase_floors":[5,12,12,20,38,38,53],"current_hp_per_floor":[67,62,39,75,75,44,49,31,31,49,44,44,44,42,42,28,63,75,75,75,52,52,47,52,49,49,49,52,52,52,44,44,52,57,56,57,57,57,48,57,57,57,57,57,57,38,57,57,57,57,57,57,57,57,57],"gold":29,"neow_bonus":"ONE_RANDOM_RARE_CARD","is_prod":false,"is_daily":false,"chose_seed":false,"campfire_upgraded":8,"win_rate":0,"timestamp":1555794063,"path_taken":["M","M","?","?","$","E","?","E","T","?","M","$","R","M","R","BOSS","M","M","$","?","$","E","M","E","T","R","M","?","R","E","R","BOSS","M","M","?","$","M","E","R","M","T","R","M","E","M","E","R","BOSS","R","$","E","BOSS"],"build_version":"2019-04-20","purchased_purges":0,"victory":true,"max_hp_per_floor":[75,75,75,75,75,75,75,75,75,75,75,75,75,75,75,75,75,75,75,75,52,52,52,52,52,52,52,52,52,52,52,52,52,57,57,57,57,57,57,57,57,57,57,57,57,57,57,57,57,57,57,57,57,57,57],"card_choices":[{"not_picked":["Cleave","Twin Strike"],"picked":"Intimidate","floor":1.0},{"not_picked":["Searing Blow","Twin Strike"],"picked":"Flame Barrier","floor":2.0},{"not_picked":["Havoc","Bludgeon"],"picked":"Armaments","floor":6.0},{"not_picked":["Anger","Cleave","Headbutt"],"picked":"SKIP","floor":7.0},{"not_picked":["Clothesline","Cleave"],"picked":"Reaper","floor":8.0},{"not_picked":["Havoc","Fire Breathing","Blood for Blood"],"picked":"SKIP","floor":11.0},{"not_picked":["Flex","Fire Breathing","Dropkick"],"picked":"SKIP","floor":14.0},{"not_picked":["Dark Embrace","Limit Break"],"picked":"Reaper","floor":16.0},{"not_picked":["Reckless Charge+1","Flex+1","Armaments"],"picked":"SKIP","floor":18.0},{"not_picked":["Cleave","Clash"],"picked":"Shockwave+1","floor":19.0},{"not_picked":["Flex","Body Slam","Infernal Blade"],"picked":"SKIP","floor":23.0},{"not_picked":["Twin Strike","Anger+1"],"picked":"Heavy Blade","floor":24.0},{"not_picked":["Blood for Blood","Cleave"],"picked":"Reaper","floor":25.0},{"not_picked":["Clash","Fire Breathing","Perfected Strike"],"picked":"SKIP","floor":28.0},{"not_picked":["Armaments","Twin Strike"],"picked":"Burning Pact+1","floor":31.0},{"not_picked":["Barricade","Reaper"],"picked":"Exhume","floor":33.0},{"not_picked":["Evolve","Cleave"],"picked":"Shrug It Off","floor":34.0},{"not_picked":["Thunderclap","Carnage"],"picked":"Limit Break","floor":35.0},{"not_picked":["Uppercut","Metallicize"],"picked":"Shrug It Off","floor":36.0},{"not_picked":["Whirlwind","Uppercut"],"picked":"Corruption","floor":39},{"not_picked":["Cleave","Thunderclap"],"picked":"Feel No Pain+1","floor":40},{"not_picked":["Shrug It Off","Combust+1","Searing Blow"],"picked":"SKIP","floor":42},{"not_picked":["Flex","Wild Strike+1"],"picked":"Offering","floor":45},{"not_picked":["Second Wind","Twin Strike+1"],"picked":"Dual Wield+1","floor":46},{"not_picked":["Flex+1","Wild Strike+1"],"picked":"Intimidate+1","floor":47},{"not_picked":["Warcry","Limit Break","Wild Strike+1"],"picked":"SKIP","floor":48},{"not_picked":["Anger+1","Havoc"],"picked":"Battle Trance","floor":54}],"player_experience":983558,"relics_obtained":[{"floor":6.0,"key":"Bird Faced Urn"},{"floor":8.0,"key":"Blood Vial"},{"floor":23.0,"key":"Shuriken"},{"floor":25.0,"key":"Ornamental Fan"},{"floor":26.0,"key":"Anchor"},{"floor":31.0,"key":"Bottled Lightning"},{"floor":37.0,"key":"Turnip"},{"floor":40,"key":"Orichalcum"},{"floor":43,"key":"Molten Egg 2"},{"floor":46,"key":"Centennial Puzzle"},{"floor":48,"key":"Mummified Hand"},{"floor":54,"key":"Dead Branch"}],"event_choices":[{"damage_healed":0.0,"max_hp_gain":0.0,"max_hp_loss":0.0,"gold_gain":0.0,"event_name":"Shining Light","player_choice":"Entered Light","floor":3.0,"gold_loss":0.0,"damage_taken":23.0,"cards_upgraded":["Defend_R","Defend_R"]},{"damage_healed":36.0,"max_hp_gain":0.0,"max_hp_loss":0.0,"gold_gain":0.0,"event_name":"Wheel of Change","player_choice":"Full Heal","floor":4.0,"gold_loss":0.0,"damage_taken":0.0},{"damage_healed":18.0,"max_hp_gain":0.0,"max_hp_loss":0.0,"gold_gain":0.0,"event_name":"The Cleric","player_choice":"Healed","floor":10.0,"gold_loss":35.0,"damage_taken":0.0},{"damage_healed":0.0,"max_hp_gain":0.0,"max_hp_loss":23.0,"gold_gain":0.0,"event_name":"Vampires","player_choice":"Became a vampire","floor":21.0,"gold_loss":0.0,"damage_taken":0.0,"cards_obtained":["Bite","Bite","Bite","Bite","Bite"]},{"damage_healed":0.0,"max_hp_gain":0.0,"max_hp_loss":0.0,"gold_gain":0.0,"event_name":"Addict","player_choice":"Obtained Relic","floor":29.0,"gold_loss":85.0,"damage_taken":0.0,"relics_obtained":["Red Skull"]},{"damage_healed":0.0,"max_hp_gain":0.0,"max_hp_loss":0.0,"gold_gain":0.0,"event_name":"Mysterious Sphere","player_choice":"Fight","floor":37.0,"gold_loss":0.0,"damage_taken":0.0}],"is_beta":true,"boss_relics":[{"not_picked":["Orrery","Lizard Tail"],"picked":"Coffee Dripper"},{"not_picked":["Philosopher\u0027s Stone","Runic Dome"],"picked":"Tiny House"}],"items_purged_floors":[],"is_endless":false,"potions_floor_spawned":[1,2,8,19,25,28,35,42,45,46,47,54],"ascension_level":15}