{"gold_per_floor":[210,220,237,237,252,281,281,294,317,317,331,331,362,362,362,463,463,474,574,81,94,94,122,134,157,169,193,19,35,69,103,103,207,207,217,229,279,279,279,314,314,345,345,345,374,374,374,147,147,147],"floor_reached":51,"playtime":3377,"items_purged":["Strike_B","Strike_B","Self Repair"],"score":1276,"play_id":"1ac2aa48-0ef8-4e78-a0c3-bb8e4f0fd9c1","local_time":"20190414101532","is_ascension_mode":true,"campfire_choices":[{"data":"Streamline","floor":10.0,"key":"SMITH"},{"floor":12.0,"key":"REST"},{"data":"Zap","floor":15.0,"key":"SMITH"},{"data":"Dualcast","floor":24,"key":"SMITH"},{"data":"Capacitor","floor":32,"key":"SMITH"},{"data":"Hologram","floor":41,"key":"SMITH"},{"data":"Beam Cell","floor":44,"key":"SMITH"},{"data":"Master of Strategy","floor":49,"key":"SMITH"}],"neow_cost":"NONE","seed_source_timestamp":261105349583533,"circlet_count":0,"master_deck":["Defend_B","Defend_B","Defend_B","Zap+1","Dualcast+1","Streamline+1","Gash","Glacier","Beam Cell+1","Auto Shields","Seek","Master of Strategy+1","Capacitor+1","Gash","Gash","Machine Learning","Gash","Glacier","Gash","Leap+1","White Noise","White Noise+1","All For One","Hologram+1","Go for the Eyes","Gash","White Noise+1","Gash+1"],"special_seed":0,"relics":["Cracked Core","Ancient Tea Set","Juzu Bracelet","Anchor","Nuclear Battery","Prayer Wheel","Mummified Hand","Mercury Hourglass","MawBank","Bottled Tornado","WingedGreaves","Dream Catcher","Cursed Key","Incense Burner","Kunai","Singing Bowl","Thread and Needle"],"potions_floor_usage":[23,31,33,33,36,42,42,50,50,50],"damage_taken":[{"damage":1.0,"enemies":"Cultist","floor":1.0,"turns":3.0},{"damage":5.0,"enemies":"Small Slimes","floor":2.0,"turns":2.0},{"damage":4.0,"enemies":"Jaw Worm","floor":3.0,"turns":3.0},{"damage":6.0,"enemies":"Blue Slaver","floor":5.0,"turns":4.0},{"damage":27.0,"enemies":"Gremlin Nob","floor":6.0,"turns":4.0},{"damage":6.0,"enemies":"Looter","floor":8.0,"turns":3.0},{"damage":24.0,"enemies":"Gremlin Gang","floor":11.0,"turns":6.0},{"damage":12.0,"enemies":"Lagavulin","floor":13.0,"turns":6.0},{"damage":9.0,"enemies":"The Guardian","floor":16.0,"turns":12.0},{"damage":23.0,"enemies":"Chosen","floor":18.0,"turns":5.0},{"damage":7,"enemies":"Colosseum Slavers","floor":19,"turns":5},{"damage":31,"enemies":"Colosseum Nobs","floor":19,"turns":8},{"damage":0,"enemies":"3 Byrds","floor":21,"turns":4},{"damage":6,"enemies":"Slavers","floor":23,"turns":5},{"damage":14,"enemies":"Snake Plant","floor":25,"turns":4},{"damage":2,"enemies":"Chosen and Byrds","floor":27,"turns":4},{"damage":6,"enemies":"Sentry and Sphere","floor":29,"turns":4},{"damage":11,"enemies":"Book of Stabbing","floor":30,"turns":5},{"damage":22,"enemies":"Slavers","floor":31,"turns":6},{"damage":8,"enemies":"Collector","floor":33,"turns":7},{"damage":0,"enemies":"Orb Walker","floor":35,"turns":3},{"damage":6,"enemies":"3 Darklings","floor":36,"turns":4},{"damage":0,"enemies":"2 Orb Walkers","floor":37,"turns":3},{"damage":2,"enemies":"Giant Head","floor":40,"turns":4},{"damage":0,"enemies":"Reptomancer","floor":42,"turns":5},{"damage":0,"enemies":"Giant Head","floor":45,"turns":5},{"damage":0,"enemies":"Awakened One","floor":50,"turns":9}],"seed_played":"-6473990521946372263","potions_obtained":[{"floor":2.0,"key":"Weak Potion"},{"floor":5.0,"key":"PowerPotion"},{"floor":8.0,"key":"Ancient Potion"},{"floor":13.0,"key":"SteroidPotion"},{"floor":21,"key":"Weak Potion"},{"floor":25,"key":"Block Potion"},{"floor":30,"key":"GamblersBrew"},{"floor":31,"key":"PowerPotion"},{"floor":33,"key":"Weak Potion"},{"floor":35,"key":"SkillPotion"},{"floor":37,"key":"Fire Potion"},{"floor":45,"key":"LiquidBronze"}],"is_trial":false,"path_per_floor":["?","M","?","?","?","?","?","?","?","$","?"],"character_chosen":"DEFECT","items_purchased":["Mercury Hourglass","Master of Strategy","Glacier","Gash","Block Potion","Dexterity Potion"],"campfire_rested":1,"item_purchase_floors":[20,20,28,28,48,48],"current_hp_per_floor":[67,62,58,58,59,32,25,26,26,26,9,31,26,85,85,83,85,69,45,45,52,80,81,81,74,74,79,79,80,76,61,61,60,79,85,85,85,85,85,85,85,87,87,87,87,87,83,83,83,83],"gold":147,"neow_bonus":"HUNDRED_GOLD","is_prod":false,"is_daily":false,"chose_seed":false,"campfire_upgraded":7,"win_rate":0,"timestamp":1555254932,"path_taken":["M","M","M","?","?","E","?","M","T","R","M","R","E","?","R","BOSS","M","?","$","M","?","E","R","M","T","M","$","M","E","E","R","BOSS","M","M","?","?","?","E","R","E","T","R","E","?","?","$","R","BOSS"],"build_version":"2019-01-23","purchased_purges":3,"victory":true,"max_hp_per_floor":[75,75,75,75,75,75,75,75,75,75,75,75,75,85,85,85,85,85,85,85,85,85,85,85,85,85,85,85,85,85,85,85,85,85,85,85,85,85,85,85,85,87,87,87,87,87,83,83,83,83],"card_choices":[{"not_picked":["Turbo","Sweeping Beam"],"picked":"Streamline","floor":1.0},{"not_picked":["Steam","Reprogram"],"picked":"Gash","floor":2.0},{"not_picked":["Aggregate","Compile Driver"],"picked":"Self Repair","floor":3.0},{"not_picked":["Reinforced Body","Hologram"],"picked":"Glacier","floor":5.0},{"not_picked":["Recycle","Meteor Strike","Tempest"],"picked":"SKIP","floor":6.0},{"not_picked":["Barrage","Redo","Static Discharge"],"picked":"SKIP","floor":8.0},{"not_picked":["Lockon","Redo"],"picked":"Beam Cell","floor":11.0},{"not_picked":["Biased Cognition","Glacier"],"picked":"Auto Shields","floor":13.0},{"not_picked":["Thunder Strike","Multi-Cast"],"picked":"Seek","floor":16.0},{"not_picked":["Fusion","Streamline+1","Aggregate"],"picked":"SKIP","floor":18.0},{"not_picked":["Redo","Self Repair"],"picked":"Capacitor","floor":21},{"not_picked":["Undo","Sunder"],"picked":"Gash","floor":21},{"not_picked":["FTL","Heatsinks"],"picked":"Gash","floor":23},{"not_picked":["Beam Cell","Steam+1"],"picked":"Machine Learning","floor":25},{"not_picked":["Redo","Beam Cell","Loop"],"picked":"SKIP","floor":25},{"not_picked":["Leap","Conserve Battery+1"],"picked":"Gash","floor":27},{"not_picked":["Steam","Sunder","Amplify"],"picked":"SKIP","floor":27},{"not_picked":["Blizzard","Melter"],"picked":"Leap+1","floor":29},{"not_picked":["Barrage","Heatsinks","Streamline"],"picked":"SKIP","floor":29},{"not_picked":["Biased Cognition","Rebound"],"picked":"White Noise","floor":30},{"not_picked":["Barrage","Streamline+1"],"picked":"White Noise+1","floor":31},{"not_picked":["Rainbow","Seek"],"picked":"All For One","floor":33},{"not_picked":["Sweeping Beam","Leap"],"picked":"Hologram","floor":35},{"not_picked":["Glacier","Redo","Storm+1"],"picked":"SKIP","floor":35},{"not_picked":["Loop","Compile Driver+1"],"picked":"Go for the Eyes","floor":36},{"not_picked":["Turbo+1","Rebound+1","Go for the Eyes"],"picked":"SKIP","floor":36},{"not_picked":["Reprogram","Redo+1"],"picked":"Gash","floor":37},{"not_picked":["Double Energy+1","Sweeping Beam"],"picked":"White Noise+1","floor":40},{"not_picked":["Double Energy+1","Steam","Hyperbeam"],"picked":"Singing Bowl","floor":42},{"not_picked":["FTL","Capacitor"],"picked":"Gash+1","floor":45}],"player_experience":421473,"relics_obtained":[{"floor":6.0,"key":"Ancient Tea Set"},{"floor":9.0,"key":"Juzu Bracelet"},{"floor":13.0,"key":"Anchor"},{"floor":19,"key":"Prayer Wheel"},{"floor":19,"key":"Mummified Hand"},{"floor":23,"key":"MawBank"},{"floor":26,"key":"Bottled Tornado"},{"floor":30,"key":"WingedGreaves"},{"floor":31,"key":"Dream Catcher"},{"floor":37,"key":"Incense Burner"},{"floor":40,"key":"Kunai"},{"floor":42,"key":"Singing Bowl"},{"floor":45,"key":"Thread and Needle"}],"event_choices":[{"damage_healed":0.0,"max_hp_gain":0.0,"max_hp_loss":0.0,"gold_gain":0.0,"event_name":"Match and Keep!","player_choice":"1 cards matched","floor":4.0,"gold_loss":0.0,"damage_taken":0.0,"cards_obtained":["Machine Learning"]},{"cards_removed":["Strike_B"],"damage_healed":0.0,"max_hp_gain":0.0,"max_hp_loss":0.0,"gold_gain":0.0,"event_name":"Golden Wing","player_choice":"Card Removal","floor":7.0,"gold_loss":0.0,"damage_taken":7.0},{"cards_removed":["Machine Learning"],"damage_healed":49.0,"max_hp_gain":10.0,"max_hp_loss":0.0,"gold_gain":0.0,"event_name":"Bonfire Elementals","player_choice":"Offered Rare","floor":14.0,"gold_loss":0.0,"damage_taken":0.0},{"damage_healed":0,"gold_gain":0,"player_choice":"Fight","damage_taken":0,"max_hp_gain":0,"max_hp_loss":0,"event_name":"Colosseum","floor":19,"gold_loss":0},{"damage_healed":0,"gold_gain":0,"player_choice":"Fought Nobs","damage_taken":0,"max_hp_gain":0,"max_hp_loss":0,"event_name":"Colosseum","floor":19,"gold_loss":0},{"damage_healed":28,"gold_gain":0,"player_choice":"Heal","damage_taken":0,"max_hp_gain":0,"max_hp_loss":0,"event_name":"The Library","floor":22,"gold_loss":0},{"damage_healed":0,"gold_gain":0,"player_choice":"Fight","damage_taken":0,"max_hp_gain":0,"max_hp_loss":0,"event_name":"Mysterious Sphere","floor":37,"gold_loss":0},{"cards_removed":["Strike_B"],"damage_healed":0,"gold_gain":0,"player_choice":"Purged","damage_taken":0,"max_hp_gain":0,"max_hp_loss":0,"event_name":"Purifier","floor":38,"gold_loss":0},{"cards_removed":["Defend_B"],"damage_healed":0,"gold_gain":0,"player_choice":"Card Removal","damage_taken":0,"max_hp_gain":0,"max_hp_loss":0,"event_name":"Wheel of Change","floor":39,"gold_loss":0},{"damage_healed":0,"gold_gain":0,"player_choice":"Max HP","damage_taken":0,"max_hp_gain":0,"max_hp_loss":4,"event_name":"Winding Halls","floor":47,"gold_loss":0}],"is_beta":false,"boss_relics":[{"not_picked":["Philosopher\u0027s Stone","Pandora\u0027s Box"],"picked":"Nuclear Battery"},{"not_picked":["Eternal Feather","Busted Crown"],"picked":"Cursed Key"}],"items_purged_floors":[20,28,48],"is_endless":false,"potions_floor_spawned":[2,5,8,13,19,21,25,30,31,33,35,37,45],"ascension_level":8}