{"gold_per_floor":[109,123,137,151,151,178,178,35,35,35,55,55,86,86,86,184,184,184,134,34,34,34,34,34,34,34,34,34,34,34,34,34,34],"floor_reached":33,"playtime":1748,"items_purged":["Strike_G","Strike_G"],"score":366,"play_id":"ca708056-9135-4d94-8284-96f63eb841d0","local_time":"20190421210902","is_ascension_mode":true,"campfire_choices":[{"floor":7.0,"key":"REST"},{"data":"Storm of Steel","floor":10.0,"key":"SMITH"},{"data":"Die Die Die","floor":12.0,"key":"SMITH"},{"floor":15.0,"key":"REST"},{"data":"Prepared","floor":23.0,"key":"SMITH"},{"data":"Well Laid Plans","floor":27.0,"key":"SMITH"},{"floor":29.0,"key":"REST"},{"data":"Prepared","floor":32,"key":"SMITH"}],"neow_cost":"PERCENT_DAMAGE","seed_source_timestamp":863616531777765,"circlet_count":0,"master_deck":["Defend_G","Defend_G","Defend_G","Defend_G","Defend_G","Strike_G","Strike_G","Strike_G+1","Survivor","Neutralize","Die Die Die+1","Well Laid Plans+1","Prepared+1","Storm of Steel+1","Cloak And Dagger","Acrobatics+1","Escape Plan","Blur","Grand Finale","Prepared+1","PiercingWail+1"],"special_seed":0,"relics":["Ring of the Snake","Happy Flower","WingedGreaves","Ectoplasm","Centennial Puzzle","Ancient Tea Set","Pantograph","Oddly Smooth Stone"],"potions_floor_usage":[],"damage_taken":[{"damage":7.0,"enemies":"Small Slimes","floor":1.0,"turns":3.0},{"damage":1.0,"enemies":"Cultist","floor":2.0,"turns":4.0},{"damage":1.0,"enemies":"Jaw Worm","floor":3.0,"turns":3.0},{"damage":6.0,"enemies":"Looter","floor":4.0,"turns":3.0},{"damage":15.0,"enemies":"Lagavulin","floor":6.0,"turns":7.0},{"damage":5.0,"enemies":"Gremlin Gang","floor":11.0,"turns":4.0},{"damage":11.0,"enemies":"3 Sentries","floor":13.0,"turns":9.0},{"damage":2.0,"enemies":"Hexaghost","floor":16.0,"turns":8.0},{"damage":2.0,"enemies":"Chosen","floor":18.0,"turns":5.0},{"damage":22.0,"enemies":"Shell Parasite","floor":21.0,"turns":6.0},{"damage":11.0,"enemies":"Gremlin Leader","floor":24.0,"turns":4.0},{"damage":3.0,"enemies":"Snake Plant","floor":28.0,"turns":4.0},{"damage":64,"enemies":"Collector","floor":33,"turns":13}],"seed_played":"-2422070839800807385","potions_obtained":[{"floor":1.0,"key":"Energy Potion"},{"floor":3.0,"key":"PowerPotion"},{"floor":4.0,"key":"SkillPotion"},{"floor":11.0,"key":"PowerPotion"},{"floor":13.0,"key":"FairyPotion"},{"floor":18.0,"key":"LiquidBronze"}],"is_trial":false,"path_per_floor":["M","M","M","M","?","E","R","$","T","R","M","R","E","?","R","B",null,"M","?","$","M","T","R","E","T","T","R","M","R","?","$","R","B"],"character_chosen":"THE_SILENT","items_purchased":["Escape Plan"],"campfire_rested":3,"item_purchase_floors":[8],"current_hp_per_floor":[38,37,36,30,30,15,36,36,36,36,31,31,20,6,27,25,59,57,57,57,35,35,35,24,24,24,24,21,42,42,42,42,3],"gold":34,"neow_bonus":"THREE_RARE_CARDS","is_prod":false,"is_daily":false,"chose_seed":false,"campfire_upgraded":5,"win_rate":0,"timestamp":1555848542,"path_taken":["M","M","M","M","?","E","R","$","T","R","M","R","E","?","R","BOSS","M","?","$","?","?","R","E","?","T","R","M","R","?","?","R","BOSS"],"build_version":"2019-01-23","purchased_purges":2,"victory":false,"max_hp_per_floor":[70,70,70,70,70,70,70,70,70,70,70,70,70,70,70,70,70,70,70,70,70,70,70,70,70,70,70,70,70,70,70,70,70],"card_choices":[{"not_picked":["Venomology","A Thousand Cuts"],"picked":"Die Die Die","floor":0.0},{"not_picked":["Cloak And Dagger","Expertise"],"picked":"Well Laid Plans","floor":1.0},{"not_picked":["Dagger Throw","Blade Dance"],"picked":"Prepared","floor":2.0},{"not_picked":["Blade Dance","Flechettes"],"picked":"Storm of Steel","floor":3.0},{"not_picked":["Quick Slash","Prepared"],"picked":"Cloak And Dagger","floor":4.0},{"not_picked":["Riddle With Holes","Blade Dance"],"picked":"Acrobatics","floor":6.0},{"not_picked":["Dagger Throw","Flying Knee"],"picked":"Blur","floor":11.0},{"not_picked":["Choke","Distraction","Blade Dance"],"picked":"SKIP","floor":13.0},{"not_picked":["Glass Knife","Tools of the Trade"],"picked":"Grand Finale","floor":16.0},{"not_picked":["Flying Knee","Finisher","Slice+1"],"picked":"SKIP","floor":18.0},{"not_picked":["Dodge and Roll+1","Sucker Punch"],"picked":"Prepared","floor":21.0},{"not_picked":["Well Laid Plans","Slice"],"picked":"PiercingWail+1","floor":24.0},{"not_picked":["Noxious Fumes","Blade Dance","Quick Slash"],"picked":"SKIP","floor":28.0}],"player_experience":656616,"relics_obtained":[{"floor":6.0,"key":"Happy Flower"},{"floor":13.0,"key":"WingedGreaves"},{"floor":22.0,"key":"Centennial Puzzle"},{"floor":24.0,"key":"Ancient Tea Set"},{"floor":25.0,"key":"Pantograph"},{"floor":26.0,"key":"Oddly Smooth Stone"}],"event_choices":[{"damage_healed":0.0,"max_hp_gain":0.0,"max_hp_loss":0.0,"gold_gain":0.0,"event_name":"Liars Game","player_choice":"Ignored","floor":5.0,"gold_loss":0.0,"damage_taken":0.0},{"damage_healed":0.0,"max_hp_gain":0.0,"max_hp_loss":0.0,"gold_gain":0.0,"event_name":"Shining Light","player_choice":"Entered Light","floor":14.0,"gold_loss":0.0,"damage_taken":14.0,"cards_upgraded":["Acrobatics","Strike_G"]},{"damage_healed":0.0,"max_hp_gain":0.0,"max_hp_loss":0.0,"gold_gain":100.0,"event_name":"The Joust","player_choice":"Bet on Murderer","floor":19.0,"gold_loss":50.0,"damage_taken":0.0}],"is_beta":false,"boss_relics":[{"not_picked":["HoveringKite","White Beast Statue"],"picked":"Ectoplasm"}],"items_purged_floors":[8,20],"is_endless":false,"potions_floor_spawned":[1,3,4,11,13,18,21,28],"killed_by":"Collector","ascension_level":7}