{"gold_per_floor":[116,136,136,136,136,176,192,236,236,259,279,239,239,257,257,353,353,321,26,39,78,78,78,112,128,128,128,153,153,0,0,0,0],"floor_reached":33,"playtime":1602,"items_purged":["Strike_R"],"score":525,"play_id":"33d9c116-6f18-4a5c-83da-07d0473cb4fe","local_time":"20190421173245","is_ascension_mode":true,"campfire_choices":[{"data":"Uppercut","floor":13,"key":"SMITH"},{"floor":15,"key":"REST"},{"data":"Bash","floor":23,"key":"SMITH"},{"floor":27,"key":"REST"},{"data":"Twin Strike","floor":29,"key":"SMITH"},{"floor":32,"key":"REST"}],"neow_cost":"NONE","seed_source_timestamp":764747391111300,"circlet_count":0,"master_deck":["AscendersBane","Strike_R","Strike_R","Strike_R","Strike_R+1","Defend_R","Defend_R","Defend_R","Defend_R","Bash+1","True Grit+1","Twin Strike+1","Shrug It Off+1","Ghostly Armor+1","Uppercut+1","Havoc+1","Armaments+1","Feed+1","Shockwave+1","Writhe","Shrug It Off+1"],"relics":["Burning Blood","NeowsBlessing","Golden Idol","Du-Vu Doll","Toxic Egg 2","Oddly Smooth Stone","Bag of Marbles","Mark of Pain","Bronze Scales","Red Mask","Blood Vial","Mummified Hand","Whetstone","Ancient Tea Set"],"potions_floor_usage":[8,10,10,16,16,18,24,28],"damage_taken":[{"damage":0,"enemies":"Cultist","floor":1,"turns":1},{"damage":0,"enemies":"2 Louse","floor":2,"turns":1},{"damage":0,"enemies":"3 Sentries","floor":6,"turns":2},{"damage":7,"enemies":"Jaw Worm","floor":7,"turns":4},{"damage":14,"enemies":"Lagavulin","floor":8,"turns":7},{"damage":1,"enemies":"Red Slaver","floor":10,"turns":2},{"damage":9,"enemies":"Blue Slaver","floor":11,"turns":2},{"damage":16,"enemies":"Lots of Slimes","floor":14,"turns":6},{"damage":16,"enemies":"Hexaghost","floor":16,"turns":12},{"damage":8,"enemies":"2 Thieves","floor":18,"turns":5},{"damage":12,"enemies":"Chosen","floor":20,"turns":5},{"damage":26,"enemies":"Masked Bandits","floor":21,"turns":6},{"damage":34,"enemies":"Book of Stabbing","floor":24,"turns":5},{"damage":10,"enemies":"Snake Plant","floor":25,"turns":3},{"damage":10,"enemies":"3 Cultists","floor":28,"turns":5},{"damage":62,"enemies":"Champ","floor":33,"turns":14}],"seed_played":"6363121564723727694","potions_obtained":[{"floor":2,"key":"EssenceOfSteel"},{"floor":6,"key":"EntropicBrew"},{"floor":11,"key":"Poison Potion"},{"floor":12,"key":"Dexterity Potion"},{"floor":16,"key":"SkillPotion"},{"floor":18,"key":"PowerPotion"},{"floor":25,"key":"Swift Potion"}],"is_trial":false,"path_per_floor":["M","M","?","?","T","E","M","E","T","M","M","?","R","M","R","B",null,"M","$","M","?","?","R","E","M","T","R","M","R","$","?","R","B"],"character_chosen":"IRONCLAD","items_purchased":["Shockwave+1","Bronze Scales","Ancient Tea Set"],"campfire_rested":3,"item_purchase_floors":[19,19,30],"current_hp_per_floor":[74,75,75,49,49,55,54,46,46,51,48,48,48,38,60,50,69,67,67,61,41,41,41,15,13,13,35,37,37,37,37,60,0],"gold":0,"neow_bonus":"THREE_ENEMY_KILL","is_prod":false,"is_daily":false,"chose_seed":false,"campfire_upgraded":3,"win_rate":0,"timestamp":1555860765,"path_taken":["M","M","?","?","?","E","M","E","T","M","?","?","R","M","R","BOSS","M","?","M","?","?","R","E","M","T","R","M","R","$","?","R","BOSS"],"build_version":"2019-01-23","purchased_purges":1,"victory":false,"max_hp_per_floor":[75,75,75,75,75,75,75,75,75,75,75,75,75,75,75,75,75,75,75,75,75,75,75,75,75,75,75,79,79,79,79,79,79],"card_choices":[{"not_picked":["Body Slam","Bloodletting"],"picked":"True Grit","floor":1},{"not_picked":["Warcry","Iron Wave"],"picked":"Twin Strike","floor":2},{"not_picked":["Wild Strike","Warcry"],"picked":"Shrug It Off","floor":6},{"not_picked":["Exhume+1","Body Slam"],"picked":"Ghostly Armor+1","floor":7},{"not_picked":["Immolate","Clash"],"picked":"Uppercut","floor":8},{"not_picked":["Clothesline","Ghostly Armor+1","Evolve"],"picked":"SKIP","floor":10},{"not_picked":["Clothesline","Uppercut"],"picked":"Havoc+1","floor":11},{"not_picked":["Perfected Strike","Cleave"],"picked":"Armaments+1","floor":14},{"not_picked":["Juggernaut","Fiend Fire"],"picked":"Feed","floor":16},{"not_picked":["Reckless Charge","Heavy Blade","Body Slam"],"picked":"SKIP","floor":18},{"not_picked":["Twin Strike","Clash","True Grit+1"],"picked":"SKIP","floor":20},{"not_picked":["Burning Pact+1","True Grit+1","Perfected Strike+1"],"picked":"SKIP","floor":24},{"not_picked":["Body Slam","Clash","Anger"],"picked":"SKIP","floor":25},{"not_picked":["Sentinel+1","Body Slam+1","Iron Wave"],"picked":"SKIP","floor":28}],"player_experience":257450,"relics_obtained":[{"floor":5,"key":"Du-Vu Doll"},{"floor":6,"key":"Toxic Egg 2"},{"floor":8,"key":"Oddly Smooth Stone"},{"floor":9,"key":"Bag of Marbles"},{"floor":21,"key":"Red Mask"},{"floor":24,"key":"Mummified Hand"},{"floor":26,"key":"Whetstone"}],"event_choices":[{"damage_healed":0,"gold_gain":0,"player_choice":"Grow","damage_taken":0,"max_hp_gain":0,"max_hp_loss":0,"event_name":"Living Wall","floor":3,"gold_loss":0,"cards_upgraded":["True Grit"]},{"damage_healed":0,"gold_gain":0,"player_choice":"Take Damage","damage_taken":26,"relics_obtained":["Golden Idol"],"max_hp_gain":0,"max_hp_loss":0,"event_name":"Golden Idol","floor":4,"gold_loss":0},{"damage_healed":0,"gold_gain":0,"player_choice":"Bought 3 Potions","damage_taken":0,"max_hp_gain":0,"max_hp_loss":0,"event_name":"The Woman in Blue","floor":12,"gold_loss":0},{"damage_healed":0,"gold_gain":0,"player_choice":"Fought Bandits","damage_taken":0,"max_hp_gain":0,"max_hp_loss":0,"event_name":"Masked Bandits","floor":21,"gold_loss":0},{"damage_healed":0,"gold_gain":0,"player_choice":"Opened","damage_taken":0,"relics_obtained":["Blood Vial"],"max_hp_gain":0,"max_hp_loss":0,"event_name":"The Mausoleum","floor":22,"gold_loss":0,"cards_obtained":["Writhe"]},{"damage_healed":0,"gold_gain":0,"player_choice":"1 cards matched","damage_taken":0,"max_hp_gain":0,"max_hp_loss":0,"event_name":"Match and Keep!","floor":31,"gold_loss":0,"cards_obtained":["Shrug It Off"]}],"is_beta":false,"boss_relics":[{"not_picked":["Tiny House","Calling Bell"],"picked":"Mark of Pain"}],"items_purged_floors":[19],"is_endless":false,"potions_floor_spawned":[2,6,11,14,16,18,25],"killed_by":"Champ","ascension_level":15}