{"gold_per_floor":[114,128,148,148,158,190,190,223,249,249,268,268,268],"floor_reached":13,"playtime":846,"items_purged":[],"score":100,"play_id":"11edfecf-05e2-43ed-aa46-495413e69cda","local_time":"20190127184951","is_ascension_mode":true,"campfire_choices":[{"data":"Loop","floor":7,"key":"SMITH"},{"data":"Creative AI","floor":10,"key":"SMITH"}],"neow_cost":"NONE","seed_source_timestamp":228595345592214,"circlet_count":0,"master_deck":["Strike_B","Strike_B","Strike_B","Strike_B","Defend_B","Defend_B","Defend_B","Defend_B","Zap","Dualcast","Rebound","Static Discharge","Go for the Eyes","Lockon","Loop+1","Creative AI+1","Go for the Eyes"],"relics":["Cracked Core","Question Card","Boot","Vajra","Oddly Smooth Stone"],"potions_floor_usage":[6,8,13],"damage_taken":[{"damage":1,"enemies":"Cultist","floor":1,"turns":4},{"damage":0,"enemies":"Small Slimes","floor":2,"turns":3},{"damage":0,"enemies":"2 Louse","floor":3,"turns":2},{"damage":2,"enemies":"Looter","floor":5,"turns":2},{"damage":26,"enemies":"Lagavulin","floor":6,"turns":6},{"damage":21,"enemies":"Gremlin Nob","floor":8,"turns":4},{"damage":1,"enemies":"Blue Slaver","floor":11,"turns":3},{"damage":19,"enemies":"Exordium Thugs","floor":13,"turns":3}],"seed_played":"-7271983710448400671","potions_obtained":[{"floor":1,"key":"Ancient Potion"},{"floor":2,"key":"LiquidBronze"},{"floor":5,"key":"SteroidPotion"},{"floor":6,"key":"Energy Potion"}],"is_trial":false,"path_per_floor":["M","M","M","?","M","E","R","E","T","R","M","?","M"],"character_chosen":"DEFECT","items_purchased":[],"campfire_rested":0,"item_purchase_floors":[],"current_hp_per_floor":[81,81,81,63,61,35,35,14,14,14,13,18,0],"gold":268,"neow_bonus":"TEN_PERCENT_HP_BONUS","is_prod":false,"is_daily":false,"chose_seed":false,"campfire_upgraded":2,"win_rate":0,"timestamp":1548632991,"path_taken":["M","M","?","?","M","E","R","E","T","R","M","?","M"],"build_version":"2019-01-23","purchased_purges":0,"victory":false,"max_hp_per_floor":[82,82,82,82,82,82,82,82,82,82,82,87,87],"card_choices":[{"not_picked":["Blizzard","Gash"],"picked":"Rebound","floor":1},{"not_picked":["Gash","Compile Driver"],"picked":"Static Discharge","floor":2},{"not_picked":["Barrage","Conserve Battery"],"picked":"Go for the Eyes","floor":3},{"not_picked":["Coolheaded","Conserve Battery","Beam Cell"],"picked":"Lockon","floor":5},{"not_picked":["Compile Driver","Steam","Rainbow"],"picked":"Loop","floor":6},{"not_picked":["Core Surge","Tempest","Aggregate"],"picked":"Creative AI","floor":8},{"not_picked":["Reprogram","Cold Snap","Gash"],"picked":"Go for the Eyes","floor":11}],"player_experience":62858,"relics_obtained":[{"floor":6,"key":"Boot"},{"floor":8,"key":"Vajra"},{"floor":9,"key":"Oddly Smooth Stone"}],"event_choices":[{"damage_healed":0,"gold_gain":0,"player_choice":"Success","damage_taken":18,"relics_obtained":["Question Card"],"max_hp_gain":0,"max_hp_loss":0,"event_name":"Scrap Ooze","floor":4,"gold_loss":0},{"damage_healed":0,"gold_gain":0,"player_choice":"Donut","damage_taken":0,"max_hp_gain":5,"max_hp_loss":0,"event_name":"Big Fish","floor":12,"gold_loss":0}],"is_beta":false,"boss_relics":[],"items_purged_floors":[],"is_endless":false,"potions_floor_spawned":[1,2,5,6],"killed_by":"Exordium Thugs","ascension_level":1}