{"gold_per_floor":[116,134,134,59,59,93,108,123,123,133,133,208,208,243,243,338,338,354,354,354,354],"floor_reached":21,"playtime":598,"items_purged":["Phantasmal Killer"],"score":187,"play_id":"75f061b9-bbf6-40e1-ac01-d60703db5971","local_time":"20190127035418","is_ascension_mode":false,"campfire_choices":[{"floor":11,"key":"REST"},{"floor":13,"key":"REST"},{"floor":15,"key":"REST"}],"neow_cost":"NONE","seed_source_timestamp":297791404835465,"circlet_count":0,"master_deck":["Defend_G+1","Defend_G+1","Defend_G+1","Defend_G+1","Strike_G+1","Strike_G+1","Strike_G+1","Strike_G+1","Strike_G+1","Survivor","Neutralize","Infinite Blades","Skewer","Escape Plan","Burst","Blade Dance","Neutralize"],"relics":["Ring of the Serpent","The Specimen","Tingsha","StoneCalendar"],"potions_floor_usage":[14,14],"damage_taken":[{"damage":8,"enemies":"Cultist","floor":1,"turns":5},{"damage":0,"enemies":"2 Louse","floor":2,"turns":3},{"damage":22,"enemies":"Gremlin Nob","floor":6,"turns":5},{"damage":0,"enemies":"Jaw Worm","floor":7,"turns":4},{"damage":10,"enemies":"Exordium Thugs","floor":8,"turns":6},{"damage":1,"enemies":"Blue Slaver","floor":10,"turns":4},{"damage":3,"enemies":"Lagavulin","floor":14,"turns":5},{"damage":20,"enemies":"Slime Boss","floor":16,"turns":9},{"damage":35,"enemies":"3 Byrds","floor":18,"turns":7}],"seed_played":"4569923866100919048","potions_obtained":[{"floor":7,"key":"GhostInAJar"},{"floor":8,"key":"Strength Potion"},{"floor":16,"key":"Dexterity Potion"}],"is_trial":false,"path_per_floor":["M","M","T","$","?","E","M","M","T","M","R","?","R","E","R","B",null,"M","?","?","$"],"character_chosen":"THE_SILENT","items_purchased":[],"campfire_rested":3,"item_purchase_floors":[],"current_hp_per_floor":[62,62,62,62,62,40,40,30,30,29,50,39,60,57,70,50,70,35,35,35,35],"gold":354,"neow_bonus":"ONE_RANDOM_RARE_CARD","is_prod":false,"is_daily":false,"chose_seed":false,"campfire_upgraded":0,"win_rate":0,"timestamp":1548579258,"path_taken":["M","?","?","$","?","E","M","M","T","?","R","?","R","E","R","BOSS","M","?","?","$"],"build_version":"2019-01-23","purchased_purges":1,"victory":false,"max_hp_per_floor":[70,70,70,70,70,70,70,70,70,70,70,70,70,70,70,70,70,70,70,70,70],"card_choices":[{"not_picked":["Prepared","Backflip","PiercingWail"],"picked":"SKIP","floor":1},{"not_picked":["Acrobatics","Bane"],"picked":"Infinite Blades","floor":2},{"not_picked":["Acrobatics","Dash"],"picked":"Escape Plan","floor":6},{"not_picked":["Setup","Footwork","Quick Slash"],"picked":"SKIP","floor":7},{"not_picked":["Skewer","Predator","Bane"],"picked":"SKIP","floor":8},{"not_picked":["Underhanded Strike","Finisher","Bane"],"picked":"SKIP","floor":10},{"not_picked":["Distraction","Dodge and Roll","Eviscerate"],"picked":"SKIP","floor":14},{"not_picked":["Tools of the Trade","Phantasmal Killer"],"picked":"Burst","floor":16},{"not_picked":["Bane","Concentrate"],"picked":"Blade Dance","floor":18}],"player_experience":160701,"relics_obtained":[{"floor":6,"key":"The Specimen"},{"floor":9,"key":"Tingsha"},{"floor":14,"key":"StoneCalendar"}],"event_choices":[{"damage_healed":0,"gold_gain":0,"cards_transformed":["Defend_G"],"player_choice":"Transformed","damage_taken":0,"max_hp_gain":0,"max_hp_loss":0,"event_name":"Transmorgrifier","floor":5,"gold_loss":0,"cards_obtained":["Skewer"]},{"damage_healed":0,"gold_gain":75,"player_choice":"Gather Gold","damage_taken":11,"max_hp_gain":0,"max_hp_loss":0,"event_name":"World of Goop","floor":12,"gold_loss":0},{"damage_healed":0,"gold_gain":0,"player_choice":"Simplicity","damage_taken":0,"max_hp_gain":0,"max_hp_loss":0,"event_name":"Back to Basics","floor":19,"gold_loss":0,"cards_upgraded":["Defend_G","Defend_G","Defend_G","Defend_G","Strike_G","Strike_G","Strike_G","Strike_G","Strike_G"]},{"damage_healed":0,"gold_gain":0,"player_choice":"Copied","damage_taken":0,"max_hp_gain":0,"max_hp_loss":0,"event_name":"Duplicator","floor":20,"gold_loss":0,"cards_obtained":["Neutralize"]}],"is_beta":false,"boss_relics":[{"not_picked":["Orrery","Black Star"],"picked":"Ring of the Serpent"}],"items_purged_floors":[4],"is_endless":false,"potions_floor_spawned":[7,8,16],"ascension_level":0}