{"gold_per_floor":[117,129,142,29,41,41,41,79,79,103,53,78,78,98,98,229,229,250,175,175,200,214,214,60,60],"floor_reached":25,"playtime":1621,"items_purged":["Pain"],"score":236,"play_id":"92cae85e-242f-4b3c-8ff3-5006e47347d7","local_time":"20190303142010","is_ascension_mode":true,"campfire_choices":[{"data":"Hemokinesis","floor":6,"key":"SMITH"},{"floor":15,"key":"REST"},{"floor":23,"key":"REST"}],"neow_cost":"CURSE","seed_source_timestamp":225087703185626,"circlet_count":0,"master_deck":["Defend_R","Defend_R","Defend_R","Defend_R","Bash","Hemokinesis+1","Shrug It Off","Feel No Pain","Pummel","Metallicize","Injury","Corruption","Armaments+1","Sentinel+1","Disarm+1","Offering+1","Inflame+1","Rage+1","Perfected Strike+1","Shrug It Off+1","Rupture","Armaments+1","Wild Strike+1"],"relics":["Burning Blood","Pocketwatch","Golden Idol","Toxic Egg 2","Magic Flower","Shuriken","Astrolabe","PreservedInsect"],"potions_floor_usage":[12,14,21],"damage_taken":[{"damage":17,"enemies":"Jaw Worm","floor":1,"turns":4},{"damage":13,"enemies":"2 Louse","floor":2,"turns":2},{"damage":6,"enemies":"Cultist","floor":3,"turns":2},{"damage":5,"enemies":"2 Fungi Beasts","floor":5,"turns":3},{"damage":44,"enemies":"Lagavulin","floor":8,"turns":7},{"damage":19,"enemies":"Lots of Slimes","floor":10,"turns":6},{"damage":10,"enemies":"Blue Slaver","floor":12,"turns":2},{"damage":7,"enemies":"Exordium Wildlife","floor":14,"turns":5},{"damage":18,"enemies":"Hexaghost","floor":16,"turns":11},{"damage":13,"enemies":"Shell Parasite","floor":18,"turns":5},{"damage":22,"enemies":"2 Thieves","floor":21,"turns":5},{"damage":32,"enemies":"3 Cultists","floor":22,"turns":7},{"damage":65,"enemies":"Slavers","floor":25,"turns":8}],"seed_played":"76912928283708104","potions_obtained":[{"floor":2,"key":"FearPotion"},{"floor":8,"key":"SneckoOil"},{"floor":10,"key":"FearPotion"},{"floor":12,"key":"EssenceOfSteel"},{"floor":18,"key":"Weak Potion"}],"is_trial":false,"path_per_floor":["M","M","M","$","M","R","?","E","T","M","?","M","T","M","R","B",null,"M","?","?","M","M","R","$","E"],"character_chosen":"IRONCLAD","items_purchased":["Pummel","PreservedInsect"],"campfire_rested":2,"item_purchase_floors":[4,24],"current_hp_per_floor":[69,62,62,62,63,63,63,25,25,15,15,14,14,16,40,31,80,76,76,76,63,40,64,64,0],"gold":60,"neow_bonus":"ONE_RARE_RELIC","is_prod":false,"is_daily":false,"chose_seed":false,"campfire_upgraded":1,"win_rate":0,"timestamp":1551619210,"path_taken":["M","M","M","$","M","R","?","E","T","M","?","M","?","?","R","BOSS","M","?","?","M","M","R","$","E"],"build_version":"2019-01-23","purchased_purges":1,"victory":false,"max_hp_per_floor":[80,80,80,80,80,80,80,80,80,80,80,80,80,80,80,80,80,80,80,80,80,80,80,80,80],"card_choices":[{"not_picked":["Reckless Charge","Wild Strike"],"picked":"Hemokinesis","floor":1},{"not_picked":["Clothesline","Power Through"],"picked":"Shrug It Off","floor":2},{"not_picked":["Pommel Strike","Havoc"],"picked":"Feel No Pain","floor":3},{"not_picked":["Clash","Fire Breathing"],"picked":"Metallicize","floor":5},{"not_picked":["Body Slam","Anger"],"picked":"Corruption","floor":8},{"not_picked":["True Grit+1","Evolve"],"picked":"Armaments+1","floor":10},{"not_picked":["Dual Wield+1","Thunderclap"],"picked":"Sentinel+1","floor":12},{"not_picked":["Flex+1","Intimidate+1"],"picked":"Disarm+1","floor":14},{"not_picked":["Berserk","Barricade"],"picked":"Offering+1","floor":16},{"not_picked":["Entrench+1","Flex+1"],"picked":"Shrug It Off+1","floor":18},{"not_picked":["Reckless Charge","Wild Strike"],"picked":"Armaments+1","floor":21},{"not_picked":["Reckless Charge","Pommel Strike"],"picked":"Wild Strike+1","floor":22}],"player_experience":177050,"relics_obtained":[{"floor":8,"key":"Toxic Egg 2"},{"floor":9,"key":"Magic Flower"},{"floor":13,"key":"Shuriken"}],"event_choices":[{"damage_healed":0,"gold_gain":0,"player_choice":"Take Wound","damage_taken":0,"relics_obtained":["Golden Idol"],"max_hp_gain":0,"max_hp_loss":0,"event_name":"Golden Idol","floor":7,"gold_loss":0,"cards_obtained":["Injury"]},{"damage_healed":0,"gold_gain":0,"player_choice":"Left Gold","damage_taken":0,"max_hp_gain":0,"max_hp_loss":0,"event_name":"World of Goop","floor":11,"gold_loss":50},{"cards_removed":["Strike_R"],"damage_healed":0,"gold_gain":0,"player_choice":"Gave Gold","damage_taken":0,"max_hp_gain":0,"max_hp_loss":0,"event_name":"Beggar","floor":19,"gold_loss":75},{"damage_healed":0,"gold_gain":0,"cards_transformed":["Strike_R"],"player_choice":"Transformed","damage_taken":0,"max_hp_gain":0,"max_hp_loss":0,"event_name":"Transmorgrifier","floor":20,"gold_loss":0,"cards_obtained":["Rupture"]}],"is_beta":false,"boss_relics":[{"not_picked":["Runic Dome","Runic Pyramid"],"picked":"Astrolabe"}],"items_purged_floors":[4],"is_endless":false,"potions_floor_spawned":[2,8,10,12,18],"killed_by":"Slavers","ascension_level":3}