{"gold_per_floor":[111,130,147,147,165,165,192,202,202,228,228,238,238,248,248,353,353,364,364,71,71,85,85,111,26,52,7,106,117,117,151,151,151],"floor_reached":33,"playtime":1573,"items_purged":["Bite"],"score":364,"play_id":"a98b0aab-73d2-4173-888a-a4ceebd66123","local_time":"20180715132723","is_ascension_mode":true,"campfire_choices":[{"data":"Zap","floor":6,"key":"SMITH"},{"data":"Rainbow","floor":11,"key":"SMITH"},{"data":"Loop","floor":13,"key":"SMITH"},{"data":"Hologram","floor":15,"key":"SMITH"},{"data":"Conserve Battery","floor":23,"key":"SMITH"},{"floor":30,"key":"REST"},{"data":"Blizzard","floor":32,"key":"SMITH"}],"neow_cost":"NONE","seed_source_timestamp":12327822572602,"circlet_count":0,"master_deck":["Defend_B","Defend_B","Defend_B","Defend_B","Zap+1","Dualcast","Rainbow+1","Loop+1","Hologram+1","Cold Snap","Conserve Battery+1","Storm+1","Electrodynamics+1","Reinforced Body+1","Bite","Bite","Bite","Bite","Hello World+1","Reprogram","Undo","Gash","Steam","Blizzard+1"],"relics":["Cracked Core","Mummified Hand","Frozen Egg 2","Du-Vu Doll","Sozu","Juzu Bracelet","Bottled Lightning","Mercury Hourglass","Happy Flower","Potion Belt","Sundial"],"potions_floor_usage":[2,5,16,16,16],"damage_taken":[{"damage":0,"enemies":"Cultist","floor":1,"turns":3},{"damage":2,"enemies":"Jaw Worm","floor":2,"turns":4},{"damage":1,"enemies":"2 Louse","floor":3,"turns":4},{"damage":16,"enemies":"Red Slaver","floor":5,"turns":5},{"damage":7,"enemies":"3 Sentries","floor":7,"turns":7},{"damage":10,"enemies":"Blue Slaver","floor":8,"turns":2},{"damage":8,"enemies":"Lagavulin","floor":10,"turns":5},{"damage":4,"enemies":"Looter","floor":12,"turns":3},{"damage":7,"enemies":"Exordium Thugs","floor":14,"turns":4},{"damage":20,"enemies":"The Guardian","floor":16,"turns":13},{"damage":11,"enemies":"Shell Parasite","floor":18,"turns":4},{"damage":15,"enemies":"2 Thieves","floor":22,"turns":2},{"damage":46,"enemies":"Book of Stabbing","floor":24,"turns":6},{"damage":0,"enemies":"Sentry and Sphere","floor":29,"turns":3},{"damage":13,"enemies":"Gremlin Leader","floor":31,"turns":5},{"damage":56,"enemies":"Champ","floor":33,"turns":13}],"seed_played":"-4087834189904842504","potions_obtained":[{"floor":1,"key":"Block Potion"},{"floor":2,"key":"Weak Potion"},{"floor":8,"key":"Strength Potion"},{"floor":12,"key":"Swift Potion"},{"floor":14,"key":"Poison Potion"}],"is_trial":false,"path_per_floor":["M","M","M","?","M","R","E","M","T","E","R","M","R","M","R","B",null,"M","?","$","T","M","R","E","?","T","$","?","M","R","E","R"],"character_chosen":"DEFECT","items_purchased":["Juzu Bracelet","Hello World+1","Gash"],"campfire_rested":1,"item_purchase_floors":[20,20,27],"current_hp_per_floor":[75,73,72,77,61,61,54,44,44,36,36,32,32,25,25,5,80,69,56,56,56,45,45,7,7,7,7,7,11,27,22,22,0],"gold":151,"neow_bonus":"ONE_RANDOM_RARE_CARD","is_prod":false,"is_daily":false,"chose_seed":false,"campfire_upgraded":6,"win_rate":0,"timestamp":1531641443,"path_taken":["M","M","M","?","M","R","E","M","T","E","R","?","R","M","R","BOSS","M","?","$","?","M","R","E","?","T","$","?","M","R","E","R","BOSS"],"build_version":"2018-07-13","purchased_purges":1,"victory":false,"max_hp_per_floor":[75,75,75,80,80,80,80,80,80,80,80,80,80,80,80,80,80,80,56,56,56,56,56,56,56,56,56,56,56,56,56,56,56],"card_choices":[{"not_picked":["Hologram","Chill"],"picked":"Loop","floor":1},{"not_picked":["Storm","Turbo"],"picked":"Hologram","floor":2},{"not_picked":["Chaos","Chill","Sweeping Beam"],"picked":"SKIP","floor":3},{"not_picked":["Auto Shields","Compile Driver"],"picked":"Cold Snap","floor":5},{"not_picked":["Aggregate","Turbo","Steam"],"picked":"SKIP","floor":7},{"not_picked":["Sweeping Beam","Consume"],"picked":"Conserve Battery","floor":8},{"not_picked":["Genetic Algorithm","Turbo","Lockon"],"picked":"SKIP","floor":10},{"not_picked":["Skim","Compile Driver"],"picked":"Storm+1","floor":12},{"not_picked":["Steam","Streamline","Coolheaded"],"picked":"SKIP","floor":14},{"not_picked":["Fission","Hyperbeam"],"picked":"Electrodynamics+1","floor":16},{"not_picked":["Genetic Algorithm","Streamline"],"picked":"Reinforced Body+1","floor":18},{"not_picked":["Rebound","Melter"],"picked":"Reprogram","floor":22},{"not_picked":["Streamline","Beam Cell"],"picked":"Undo","floor":24},{"not_picked":["Hologram","Sweeping Beam"],"picked":"Steam","floor":29},{"not_picked":["Leap","Chill"],"picked":"Blizzard","floor":31}],"player_experience":197310,"relics_obtained":[{"floor":7,"key":"Mummified Hand"},{"floor":9,"key":"Frozen Egg 2"},{"floor":10,"key":"Du-Vu Doll"},{"floor":21,"key":"Bottled Lightning"},{"floor":24,"key":"Mercury Hourglass"},{"floor":26,"key":"Potion Belt"},{"floor":31,"key":"Sundial"}],"event_choices":[{"event_name":"Big Fish","player_choice":"Donut","floor":4,"damage_taken":0},{"event_name":"Vampires","player_choice":"Became a vampire","floor":19,"damage_taken":0},{"event_name":"Addict","player_choice":"Obtained Relic","floor":25,"damage_taken":0},{"event_name":"Nest","player_choice":"Stole From Cult","floor":28,"damage_taken":0}],"boss_relics":[{"not_picked":["Empty Cage","White Beast Statue"],"picked":"Sozu"}],"items_purged_floors":[20],"is_endless":false,"potions_floor_spawned":[1,2,8,12,14,22,31],"killed_by":"Champ","ascension_level":3}