{"gold_per_floor":[113,132,151,151,165,193,193,203,203,203,219,33,68,87,87,186,186,202,202,212,224,253,253,266,277,277,77,88,88,105,131,131,229,229,248,248,263,276,276,304,327,339],"floor_reached":42,"playtime":4280,"items_purged":["Doubt"],"score":546,"play_id":"3ceee1e0-c103-464e-97a9-f9153296298f","local_time":"20190127013503","is_ascension_mode":false,"campfire_choices":[{"data":"Whirlwind","floor":7,"key":"SMITH"},{"data":"Infernal Blade","floor":10,"key":"SMITH"},{"data":"Power Through","floor":15,"key":"SMITH"},{"data":"Shrug It Off","floor":23,"key":"SMITH"},{"floor":29,"key":"REST"},{"floor":32,"key":"REST"}],"neow_cost":"NONE","seed_source_timestamp":214476395497421,"circlet_count":0,"master_deck":["Strike_R","Strike_R","Strike_R","Strike_R+1","Defend_R","Defend_R","Defend_R","Defend_R","Bash","Whirlwind+1","Power Through+1","Battle Trance","Whirlwind+1","Shrug It Off+1","Rampage","Infernal Blade+1","Shrug It Off+1","Apotheosis+1","Dual Wield+1","Flex+1","Feed","Rage+1","Flame Barrier+1","True Grit+1","Flex+1","Offering+1","Headbutt+1","Rupture","Warcry+1","Inflame","Cleave+1","Demon Form","Warcry+1","Power Through+1","Battle Trance+1","True Grit+1","Armaments+1"],"relics":["Cursed Key","Bottled Flame","Toxic Egg 2","Omamori","Black Star","Red Mask","Pear","Whetstone","Coffee Dripper","Calipers","MawBank"],"potions_floor_usage":[6,6,13,16,21,21,22,33,35,40,40,41,41],"damage_taken":[{"damage":6,"enemies":"Jaw Worm","floor":1,"turns":3},{"damage":2,"enemies":"Small Slimes","floor":2,"turns":2},{"damage":0,"enemies":"Cultist","floor":3,"turns":4},{"damage":10,"enemies":"Large Slime","floor":5,"turns":7},{"damage":9,"enemies":"3 Sentries","floor":6,"turns":7},{"damage":0,"enemies":"Red Slaver","floor":8,"turns":4},{"damage":10,"enemies":"Exordium Thugs","floor":11,"turns":4},{"damage":7,"enemies":"Lagavulin","floor":13,"turns":8},{"damage":1,"enemies":"3 Louse","floor":14,"turns":3},{"damage":0,"enemies":"Slime Boss","floor":16,"turns":7},{"damage":0,"enemies":"3 Byrds","floor":18,"turns":4},{"damage":0,"enemies":"Chosen","floor":20,"turns":3},{"damage":0,"enemies":"Centurion and Healer","floor":21,"turns":8},{"damage":4,"enemies":"Masked Bandits","floor":22,"turns":3},{"damage":17,"enemies":"Chosen and Byrds","floor":24,"turns":7},{"damage":26,"enemies":"Snake Plant","floor":25,"turns":5},{"damage":23,"enemies":"3 Cultists","floor":28,"turns":7},{"damage":21,"enemies":"Chosen and Byrds","floor":30,"turns":7},{"damage":10,"enemies":"Automaton","floor":33,"turns":10},{"damage":7,"enemies":"Orb Walker","floor":35,"turns":4},{"damage":6,"enemies":"3 Shapes","floor":37,"turns":1},{"damage":9,"enemies":"Spire Growth","floor":38,"turns":4},{"damage":64,"enemies":"Nemesis","floor":40,"turns":9},{"damage":28,"enemies":"Transient","floor":41,"turns":5},{"damage":12,"enemies":"Writhing Mass","floor":42,"turns":4}],"seed_played":"3714496982011733305","potions_obtained":[{"floor":2,"key":"EssenceOfSteel"},{"floor":5,"key":"LiquidBronze"},{"floor":11,"key":"SkillPotion"},{"floor":14,"key":"AttackPotion"},{"floor":16,"key":"SteroidPotion"},{"floor":18,"key":"PowerPotion"},{"floor":21,"key":"AttackPotion"},{"floor":28,"key":"Weak Potion"},{"floor":30,"key":"SkillPotion"},{"floor":33,"key":"Regen Potion"},{"floor":37,"key":"Weak Potion"},{"floor":38,"key":"Dexterity Potion"},{"floor":40,"key":"PowerPotion"}],"is_trial":false,"path_per_floor":["M","M","M","?","M","E","R","M","T","R","M","$","E","M","R","B",null,"M","?","M","M","?","R","M","M","T","$","M","R","M","T","R","B",null,"M","?","M","M","?","E","M","M"],"character_chosen":"IRONCLAD","items_purchased":["Apotheosis+1","Warcry+1","Inflame"],"campfire_rested":2,"item_purchase_floors":[12,27,27],"current_hp_per_floor":[74,72,72,72,62,53,53,53,53,53,43,43,36,35,35,35,80,84,84,84,88,84,84,67,41,51,51,32,62,41,41,71,61,102,95,95,89,83,83,34,6,0],"gold":339,"neow_bonus":"BOSS_RELIC","is_prod":false,"is_daily":false,"chose_seed":false,"campfire_upgraded":4,"win_rate":0.0,"timestamp":1548549303,"path_taken":["M","M","M","?","M","E","R","M","T","R","M","$","E","M","R","BOSS","M","?","M","M","?","R","M","M","T","$","M","R","M","?","R","BOSS","M","?","?","M","?","E","?","M"],"build_version":"2019-01-23","purchased_purges":1,"victory":false,"max_hp_per_floor":[80,80,80,80,80,80,80,80,80,80,80,80,80,80,80,80,80,84,84,84,88,88,88,88,88,98,98,102,102,102,102,102,102,102,102,102,102,105,105,105,105,105],"card_choices":[{"not_picked":["Clothesline","Flex"],"picked":"Whirlwind","floor":1},{"not_picked":["Rage","Dropkick"],"picked":"Power Through","floor":2},{"not_picked":["Rampage","Thunderclap"],"picked":"Battle Trance","floor":3},{"not_picked":["Iron Wave","Clash"],"picked":"Shrug It Off","floor":5},{"not_picked":["Warcry","Fire Breathing"],"picked":"Rampage","floor":6},{"not_picked":["Clothesline","Bludgeon"],"picked":"Infernal Blade","floor":8},{"not_picked":["Hemokinesis","Body Slam"],"picked":"Shrug It Off+1","floor":11},{"not_picked":["Armaments+1","Carnage"],"picked":"Dual Wield+1","floor":13},{"not_picked":["True Grit+1","Fiend Fire"],"picked":"Flex+1","floor":14},{"not_picked":["Dark Embrace","Berserk"],"picked":"Feed","floor":16},{"not_picked":["Clothesline","Twin Strike+1"],"picked":"Rage+1","floor":18},{"not_picked":["Clothesline+1","Armaments+1"],"picked":"True Grit+1","floor":20},{"not_picked":["Combust","Battle Trance+1"],"picked":"Flex+1","floor":21},{"not_picked":["Shrug It Off+1","Pommel Strike+1"],"picked":"Offering+1","floor":22},{"not_picked":["Armaments+1","Perfected Strike"],"picked":"Headbutt+1","floor":24},{"not_picked":["Armaments+1","Flame Barrier+1"],"picked":"Rupture","floor":25},{"not_picked":["Feel No Pain","Clothesline+1","Thunderclap"],"picked":"SKIP","floor":28},{"not_picked":["Twin Strike","Thunderclap"],"picked":"Cleave+1","floor":30},{"not_picked":["Double Tap+1","Feed"],"picked":"Demon Form","floor":33},{"not_picked":["Anger","Uppercut"],"picked":"Warcry+1","floor":35},{"not_picked":["Carnage","Flex+1","Pommel Strike"],"picked":"SKIP","floor":37},{"not_picked":["Pummel","True Grit+1"],"picked":"Battle Trance+1","floor":38},{"not_picked":["Headbutt+1","Dual Wield+1"],"picked":"True Grit+1","floor":40},{"not_picked":["Sword Boomerang+1","Twin Strike+1"],"picked":"Armaments+1","floor":41}],"player_experience":45412,"relics_obtained":[{"floor":6,"key":"Bottled Flame"},{"floor":9,"key":"Toxic Egg 2"},{"floor":13,"key":"Omamori"},{"floor":22,"key":"Red Mask"},{"floor":26,"key":"Pear"},{"floor":31,"key":"Whetstone"},{"floor":40,"key":"Calipers"},{"floor":40,"key":"MawBank"}],"event_choices":[{"damage_healed":0,"gold_gain":0,"cards_transformed":["Strike_R"],"player_choice":"Change","damage_taken":0,"max_hp_gain":0,"max_hp_loss":0,"event_name":"Living Wall","floor":4,"gold_loss":0,"cards_obtained":["Whirlwind"]},{"damage_healed":0,"gold_gain":0,"player_choice":"Read","damage_taken":0,"max_hp_gain":0,"max_hp_loss":0,"event_name":"The Library","floor":19,"gold_loss":0,"cards_obtained":["Flame Barrier"]},{"damage_healed":0,"gold_gain":0,"player_choice":"Fought Bandits","damage_taken":0,"max_hp_gain":0,"max_hp_loss":0,"event_name":"Masked Bandits","floor":22,"gold_loss":0},{"damage_healed":0,"gold_gain":0,"player_choice":"Copied","damage_taken":0,"max_hp_gain":0,"max_hp_loss":0,"event_name":"Duplicator","floor":36,"gold_loss":0,"cards_obtained":["Power Through"]},{"damage_healed":0,"gold_gain":0,"player_choice":"Ignored","damage_taken":0,"max_hp_gain":0,"max_hp_loss":0,"event_name":"SecretPortal","floor":39,"gold_loss":0}],"is_beta":false,"boss_relics":[{"not_picked":["Velvet Choker","Tiny House"],"picked":"Black Star"},{"not_picked":["White Beast Statue","Lizard Tail"],"picked":"Coffee Dripper"}],"items_purged_floors":[27],"is_endless":false,"potions_floor_spawned":[2,5,11,14,16,18,21,28,30,33,37,38,40],"killed_by":"Writhing Mass","ascension_level":0}