{"gold_per_floor":[109,129,129,149,149,183,183,203,203,227,245,265,265,300,300,421,421,436,461,461,476,386,386,386],"floor_reached":24,"playtime":1158,"items_purged":[],"score":315,"play_id":"e8ed9527-352c-4502-ae39-9bb2cb27767c","local_time":"20181130144919","is_ascension_mode":true,"campfire_choices":[{"data":"Dualcast","floor":7,"key":"SMITH"},{"data":"Go for the Eyes","floor":13,"key":"SMITH"},{"data":"Hologram","floor":15,"key":"SMITH"},{"data":"Scrape","floor":23,"key":"SMITH"}],"neow_cost":"NONE","seed_source_timestamp":9558113232735,"circlet_count":0,"master_deck":["AscendersBane","Strike_B","Strike_B","Strike_B","Strike_B","Defend_B","Defend_B","Defend_B","Defend_B","Zap+1","Dualcast+1","Go for the Eyes+1","Stack","Scrape+1","Steam","Gash","Hologram+1","Reboot+1","Undo","Conserve Battery"],"relics":["Cracked Core","Bloody Idol","Oddly Smooth Stone","Bag of Marbles","Mercury Hourglass","Philosopher\u0027s Stone"],"potions_floor_usage":[14,16,24,24],"damage_taken":[{"damage":2,"enemies":"Jaw Worm","floor":1,"turns":3},{"damage":7,"enemies":"Small Slimes","floor":2,"turns":3},{"damage":8,"enemies":"2 Louse","floor":4,"turns":2},{"damage":25,"enemies":"3 Sentries","floor":6,"turns":8},{"damage":0,"enemies":"Red Slaver","floor":8,"turns":3},{"damage":0,"enemies":"Looter","floor":10,"turns":2},{"damage":2,"enemies":"Blue Slaver","floor":11,"turns":3},{"damage":0,"enemies":"Large Slime","floor":12,"turns":4},{"damage":5,"enemies":"Lagavulin","floor":14,"turns":6},{"damage":30,"enemies":"Hexaghost","floor":16,"turns":11},{"damage":4,"enemies":"Shell Parasite","floor":18,"turns":6},{"damage":0,"enemies":"Chosen","floor":19,"turns":3},{"damage":15,"enemies":"Centurion and Healer","floor":21,"turns":10},{"damage":54,"enemies":"Gremlin Leader","floor":24,"turns":7}],"seed_played":"754107058382874681","potions_obtained":[{"floor":1,"key":"GamblersBrew"},{"floor":6,"key":"PowerPotion"},{"floor":8,"key":"Ancient Potion"},{"floor":12,"key":"Regen Potion"},{"floor":18,"key":"Energy Potion"}],"is_trial":false,"path_per_floor":["M","M","?","M","?","E","R","M","T","M","M","M","R","E","R","B",null,"M","M","?","M","?","R","E"],"character_chosen":"DEFECT","items_purchased":[],"campfire_rested":0,"item_purchase_floors":[],"current_hp_per_floor":[66,59,59,51,56,31,31,31,31,31,29,29,29,24,24,9,58,54,54,54,44,44,44,0],"gold":386,"neow_bonus":"UPGRADE_CARD","is_prod":false,"is_daily":false,"chose_seed":false,"campfire_upgraded":4,"win_rate":0,"timestamp":1543569559,"path_taken":["M","M","?","M","?","E","R","?","T","M","M","M","R","E","R","BOSS","M","M","?","M","?","R","E"],"build_version":"2018-11-15","purchased_purges":0,"victory":false,"max_hp_per_floor":[75,75,69,69,74,74,74,74,74,74,74,74,74,74,74,74,74,74,74,74,74,74,74,74],"card_choices":[{"not_picked":["Melter","Hologram"],"picked":"Beam Cell","floor":1},{"not_picked":["Reprogram","Compile Driver"],"picked":"Go for the Eyes","floor":2},{"not_picked":["Barrage","Turbo","Steam"],"picked":"SKIP","floor":4},{"not_picked":["Melter","Fusion"],"picked":"Stack","floor":6},{"not_picked":["Barrage","Ball Lightning"],"picked":"Scrape","floor":8},{"not_picked":["Beam Cell","Doom and Gloom"],"picked":"Steam","floor":10},{"not_picked":["Sunder","Reprogram","Barrage"],"picked":"SKIP","floor":11},{"not_picked":["Cold Snap","Reinforced Body"],"picked":"Gash","floor":12},{"not_picked":["Seek","Stack"],"picked":"Hologram","floor":14},{"not_picked":["Amplify","Buffer"],"picked":"Reboot","floor":16},{"not_picked":["Doom and Gloom","Rebound"],"picked":"Undo","floor":18},{"not_picked":["Stack","Beam Cell+1"],"picked":"Conserve Battery","floor":19},{"not_picked":["Ball Lightning","Reprogram","Hello World"],"picked":"SKIP","floor":21}],"player_experience":799381,"relics_obtained":[{"floor":6,"key":"Oddly Smooth Stone"},{"floor":9,"key":"Bag of Marbles"},{"floor":14,"key":"Mercury Hourglass"}],"event_choices":[{"damage_healed":0,"gold_gain":0,"player_choice":"Lose Max HP","damage_taken":0,"relics_obtained":["Golden Idol"],"max_hp_gain":0,"max_hp_loss":6,"event_name":"Golden Idol","floor":3,"gold_loss":0},{"damage_healed":0,"gold_gain":0,"player_choice":"Donut","damage_taken":0,"max_hp_gain":5,"max_hp_loss":0,"event_name":"Big Fish","floor":5,"gold_loss":0},{"damage_healed":0,"gold_gain":0,"player_choice":"Gave Idol","damage_taken":0,"relics_obtained":["Bloody Idol"],"max_hp_gain":0,"max_hp_loss":0,"event_name":"Forgotten Altar","floor":20,"relics_lost":["Golden Idol"],"gold_loss":0},{"cards_removed":["Beam Cell"],"damage_healed":0,"gold_gain":0,"player_choice":"Upgrade and Remove","damage_taken":0,"max_hp_gain":0,"max_hp_loss":0,"event_name":"Designer","floor":22,"gold_loss":90,"cards_upgraded":["Reboot"]}],"is_beta":true,"boss_relics":[{"not_picked":["Pandora\u0027s Box","Black Star"],"picked":"Philosopher\u0027s Stone"}],"items_purged_floors":[],"is_endless":false,"potions_floor_spawned":[1,6,8,12,18],"killed_by":"Gremlin Leader","ascension_level":10}