{"gold_per_floor":[117,117,117,131,131,131,158,158,185,185,195,210,244,111,111,189,189,208,225,52,65,77,77,111,111,111,141,141,161,161,3,3,76,76,90,100,116,0,12,12,42,42,66,81,101,121,68,86,86,86,86],"floor_reached":52,"playtime":3719,"items_purged":["Strike_B","Strike_B"],"score":1893,"play_id":"3957f195-52e2-4501-b1e5-c9a46ec1258a","local_time":"20190417114215","is_ascension_mode":true,"campfire_choices":[{"data":"Streamline","floor":6.0,"key":"SMITH"},{"data":"Dualcast","floor":8.0,"key":"SMITH"},{"data":"Reinforced Body","floor":10.0,"key":"SMITH"},{"data":"Auto Shields","floor":15.0,"key":"SMITH"},{"data":"Beam Cell","floor":23.0,"key":"SMITH"},{"data":"Hologram","floor":25.0,"key":"SMITH"},{"data":"Go for the Eyes","floor":28.0,"key":"SMITH"},{"data":"FTL","floor":32.0,"key":"SMITH"},{"data":"Echo Form","floor":40.0,"key":"SMITH"},{"data":"Sweeping Beam","floor":42.0,"key":"SMITH"},{"data":"Defend_B","floor":49,"key":"SMITH"}],"neow_cost":"NONE","seed_source_timestamp":525351830180907,"circlet_count":0,"master_deck":["AscendersBane","Defend_B+1","Defend_B+1","Defend_B","Defend_B+1","Zap+1","Dualcast+1","Auto Shields+1","Cold Snap","Streamline+1","FTL+1","Reinforced Body+1","Self Repair","Sweeping Beam+1","All For One","Gash","Core Surge","BootSequence","Beam Cell+1","Gash","Hologram+1","Go for the Eyes+1","Gash","Conserve Battery+1","Hologram+1","Echo Form+1","Parasite","Gash+1"],"special_seed":0,"relics":["Cracked Core","Pantograph","Vajra","Matryoshka","Cursed Key","PreservedInsect","Pear","Meat on the Bone","Runic Pyramid","Red Mask","Bottled Flame","Regal Pillow","War Paint"],"potions_floor_usage":[50,51],"damage_taken":[{"damage":1.0,"enemies":"Cultist","floor":1.0,"turns":4.0},{"damage":2.0,"enemies":"Small Slimes","floor":4.0,"turns":3.0},{"damage":6.0,"enemies":"Gremlin Nob","floor":7.0,"turns":3.0},{"damage":0.0,"enemies":"2 Louse","floor":11.0,"turns":2.0},{"damage":4.0,"enemies":"Lots of Slimes","floor":12.0,"turns":5.0},{"damage":0.0,"enemies":"Lagavulin","floor":13.0,"turns":5.0},{"damage":13.0,"enemies":"The Guardian","floor":16.0,"turns":10.0},{"damage":3.0,"enemies":"Chosen","floor":18.0,"turns":4.0},{"damage":11.0,"enemies":"Shell Parasite","floor":19.0,"turns":4.0},{"damage":4.0,"enemies":"Snake Plant","floor":21.0,"turns":4.0},{"damage":6.0,"enemies":"Centurion and Healer","floor":22.0,"turns":6.0},{"damage":12.0,"enemies":"Slavers","floor":24.0,"turns":4.0},{"damage":28.0,"enemies":"Book of Stabbing","floor":27.0,"turns":4.0},{"damage":26.0,"enemies":"Shelled Parasite and Fungi","floor":29.0,"turns":5.0},{"damage":38.0,"enemies":"Automaton","floor":33.0,"turns":9.0},{"damage":0.0,"enemies":"3 Darklings","floor":35.0,"turns":4.0},{"damage":1.0,"enemies":"Orb Walker","floor":36.0,"turns":3.0},{"damage":4.0,"enemies":"4 Shapes","floor":37.0,"turns":5.0},{"damage":0.0,"enemies":"3 Darklings","floor":39.0,"turns":3.0},{"damage":0.0,"enemies":"Giant Head","floor":41.0,"turns":5.0},{"damage":7.0,"enemies":"Transient","floor":44.0,"turns":6.0},{"damage":15.0,"enemies":"Spire Growth","floor":45.0,"turns":5.0},{"damage":2.0,"enemies":"3 Darklings","floor":46.0,"turns":2.0},{"damage":20,"enemies":"Jaw Worm Horde","floor":48,"turns":5},{"damage":17,"enemies":"Awakened One","floor":50,"turns":12},{"damage":61,"enemies":"Donu and Deca","floor":51,"turns":9}],"seed_played":"-3236718762991892762","potions_obtained":[{"floor":1.0,"key":"Strength Potion"},{"floor":4.0,"key":"SpeedPotion"},{"floor":18.0,"key":"SkillPotion"},{"floor":21.0,"key":"FocusPotion"},{"floor":22.0,"key":"EssenceOfSteel"},{"floor":29.0,"key":"Fire Potion"},{"floor":35.0,"key":"Fire Potion"},{"floor":36.0,"key":"Block Potion"},{"floor":37.0,"key":"SteroidPotion"},{"floor":46.0,"key":"Dexterity Potion"}],"is_trial":false,"path_per_floor":["?","?","M","?","$","?"],"character_chosen":"DEFECT","items_purchased":["Gash","PreservedInsect","Gash","SteroidPotion"],"campfire_rested":0,"item_purchase_floors":[14,20,31,47],"current_hp_per_floor":[63,56,56,54,54,54,48,48,48,48,48,51,51,51,51,65,70,71,67,67,70,71,71,69,69,69,48,48,41,41,41,41,47,73,80,81,81,81,81,81,81,81,81,81,80,78,78,72,72,71,39],"gold":86,"neow_bonus":"THREE_CARDS","is_prod":false,"is_daily":false,"chose_seed":false,"campfire_upgraded":11,"win_rate":0,"timestamp":1555519335,"path_taken":["M","?","?","?","?","R","E","R","T","R","M","M","E","$","R","BOSS","M","M","$","M","M","R","E","R","T","E","R","M","?","$","R","BOSS","M","M","M","?","M","R","E","R","T","M","M","M","$","M","R","BOSS","BOSS"],"build_version":"2019-01-23","purchased_purges":2,"victory":true,"max_hp_per_floor":[71,71,71,71,71,71,71,71,71,71,71,71,71,71,71,71,71,71,71,71,71,71,71,81,81,81,81,81,81,81,81,81,81,81,81,81,81,81,81,81,81,81,81,81,81,81,81,81,81,81,81],"card_choices":[{"not_picked":["Gash","Streamline"],"picked":"Auto Shields","floor":0.0},{"not_picked":["Loop","Melter"],"picked":"Cold Snap","floor":1.0},{"not_picked":["Gash","Melter"],"picked":"Streamline","floor":4.0},{"not_picked":["Go for the Eyes","Hologram"],"picked":"Reinforced Body","floor":7.0},{"not_picked":["Blizzard","Undo"],"picked":"Self Repair","floor":11.0},{"not_picked":["Leap","Steam"],"picked":"Sweeping Beam","floor":12.0},{"not_picked":["Ball Lightning","Lockon"],"picked":"All For One","floor":13.0},{"not_picked":["Rainbow","Thunder Strike"],"picked":"Core Surge","floor":16.0},{"not_picked":["Consume","Rip and Tear","Stack"],"picked":"SKIP","floor":18.0},{"not_picked":["Stack","Steam"],"picked":"BootSequence","floor":19.0},{"not_picked":["Cold Snap","Loop"],"picked":"Beam Cell","floor":21.0},{"not_picked":["Compile Driver+1","Sweeping Beam"],"picked":"Gash","floor":22.0},{"not_picked":["FTL","Thunder Strike"],"picked":"Hologram","floor":24.0},{"not_picked":["Self Repair","Coolheaded"],"picked":"Go for the Eyes","floor":27.0},{"not_picked":["Fusion","Stack","Coolheaded"],"picked":"SKIP","floor":29.0},{"not_picked":["Recycle","Sweeping Beam+1","Stack"],"picked":"SKIP","floor":35.0},{"not_picked":["Hello World","Turbo"],"picked":"Conserve Battery+1","floor":36.0},{"not_picked":["Reinforced Body","Force Field"],"picked":"Hologram+1","floor":37.0},{"not_picked":["Streamline","Sweeping Beam"],"picked":"Echo Form","floor":39.0},{"not_picked":["Turbo+1","Coolheaded","Stack+1"],"picked":"SKIP","floor":41.0},{"not_picked":["Cold Snap+1","Loop"],"picked":"Gash+1","floor":44.0},{"not_picked":["Sweeping Beam","Streamline+1","Core Surge"],"picked":"SKIP","floor":45.0},{"not_picked":["Turbo+1","Barrage+1","Stack"],"picked":"SKIP","floor":46.0},{"not_picked":["Loop","Go for the Eyes","Rip and Tear+1"],"picked":"SKIP","floor":48}],"player_experience":437130,"relics_obtained":[{"floor":7.0,"key":"Pantograph"},{"floor":9.0,"key":"Vajra"},{"floor":13.0,"key":"Matryoshka"},{"floor":24.0,"key":"Pear"},{"floor":27.0,"key":"Meat on the Bone"},{"floor":41.0,"key":"Bottled Flame"},{"floor":43.0,"key":"Regal Pillow"},{"floor":43.0,"key":"War Paint"}],"event_choices":[{"cards_removed":["Strike_B"],"damage_healed":0.0,"max_hp_gain":0.0,"max_hp_loss":0.0,"gold_gain":0.0,"event_name":"Golden Wing","player_choice":"Card Removal","floor":2.0,"gold_loss":0.0,"damage_taken":7.0},{"damage_healed":0.0,"max_hp_gain":0.0,"max_hp_loss":0.0,"gold_gain":0.0,"event_name":"Upgrade Shrine","player_choice":"Upgraded","floor":3.0,"gold_loss":0.0,"damage_taken":0.0,"cards_upgraded":["Zap"]},{"damage_healed":0.0,"max_hp_gain":0.0,"max_hp_loss":0.0,"gold_gain":0.0,"cards_transformed":["Strike_B"],"event_name":"Transmorgrifier","player_choice":"Transformed","floor":5.0,"gold_loss":0.0,"damage_taken":0.0,"cards_obtained":["FTL"]},{"damage_healed":0.0,"max_hp_gain":0.0,"max_hp_loss":0.0,"gold_gain":0.0,"event_name":"Tomb of Lord Red Mask","player_choice":"Paid","floor":38.0,"gold_loss":116.0,"damage_taken":0.0,"relics_obtained":["Red Mask"]}],"is_beta":false,"boss_relics":[{"not_picked":["Philosopher\u0027s Stone","Snecko Eye"],"picked":"Cursed Key"},{"not_picked":["Calling Bell","Empty Cage"],"picked":"Runic Pyramid"}],"items_purged_floors":[14,31],"is_endless":false,"potions_floor_spawned":[1,4,18,21,22,29,35,36,37,46],"ascension_level":20}