{"path_per_floor":["M","M","M","$","M","E","R","E","T","R","M","$","?","E","R"],"character_chosen":"DEFECT","items_purchased":["Defragment","Amplify","Turbo","Skim","Blind"],"gold_per_floor":[213,223,240,40,56,82,82,108,134,134,144,5,5,38,38,38],"floor_reached":16,"campfire_rested":2,"playtime":337,"current_hp_per_floor":[65,61,60,60,54,10,32,32,32,32,32,32,32,11,33,0],"items_purged":[],"gold":38,"score":225,"play_id":"aad68200-8f68-4e48-8f1b-b2abcc6f4dc5","local_time":"20180509221905","is_prod":false,"is_daily":false,"chose_seed":false,"is_ascension_mode":true,"campfire_upgraded":1,"timestamp":1525875545,"path_taken":["M","M","M","$","M","E","R","E","T","R","M","$","?","E","R","BOSS"],"build_version":"2018-05-08","seed_source_timestamp":280331579807861,"purchased_purges":0,"victory":false,"master_deck":["Strike_B","Strike_B","Strike_B","Strike_B","Defend_B","Defend_B","Defend_B","Defend_B","Zap","Dualcast","AscendersBane","Streamline","Leap","Auto Shields","Defragment","Amplify","Turbo","Hello World","Hyperbeam+1","Leap","Skim","Blind+1","Leap"],"max_hp_per_floor":[75,75,75,75,75,75,75,75,75,75,75,75,75,75,75,75],"relics":["Cracked Core","Emotion Chip","Anchor","Happy Flower","Bronze Scales"],"card_choices":[{"not_picked":["Rebound","Skim"],"picked":"Streamline","floor":1},{"not_picked":["Sweeping Beam","Axe Kick"],"picked":"Leap","floor":2},{"not_picked":["Steam","Genetic Algorithm"],"picked":"Auto Shields","floor":3},{"not_picked":["Reinforced Body","Coolheaded"],"picked":"Hello World","floor":5},{"not_picked":["Rebound","Steam"],"picked":"Hyperbeam","floor":6},{"not_picked":["Chaos","Axe Kick"],"picked":"Leap","floor":11},{"not_picked":["Cold Snap","Aggregate"],"picked":"Leap","floor":14}],"player_experience":974590,"potions_floor_usage":[6],"damage_taken":[{"damage":3,"enemies":"Jaw Worm","floor":1,"turns":4},{"damage":4,"enemies":"Small Slimes","floor":2,"turns":3},{"damage":1,"enemies":"Cultist","floor":3,"turns":3},{"damage":6,"enemies":"Exordium Thugs","floor":5,"turns":5},{"damage":44,"enemies":"Gremlin Nob","floor":6,"turns":5},{"damage":0,"enemies":"3 Sentries","floor":8,"turns":3},{"damage":0,"enemies":"Large Slime","floor":11,"turns":4},{"damage":21,"enemies":"Gremlin Nob","floor":14,"turns":5},{"damage":35,"enemies":"Slime Boss","floor":16,"turns":5}],"event_choices":[{"event_name":"Living Wall","player_choice":"Grow","floor":13,"damage_taken":0}],"boss_relics":[],"potions_floor_spawned":[5,6,11,14],"seed_played":"3277821798573310947","killed_by":"Slime Boss","ascension_level":11,"is_trial":false}