{"gold_per_floor":[117,131,131,149,163,163,178,178,205,217,229,260,272,304,316,432,444,467,335,335,335,251,251,268,268,322,322,339,339,339,359,359,359],"floor_reached":33,"playtime":926,"items_purged":["Strike_B"],"score":237,"play_id":"41589f2c-91f8-43ec-aa4a-63f9abbca0ae","local_time":"20190421114410","is_ascension_mode":false,"campfire_choices":[{"data":"Strike_B","floor":8,"key":"PURGE"},{"data":"Strike_B","floor":13,"key":"PURGE"},{"data":"Defend_B","floor":15,"key":"PURGE"},{"data":"Scrape","floor":23,"key":"SMITH"},{"data":"Bandage Up","floor":25,"key":"SMITH"},{"floor":27,"key":"REST"},{"floor":32,"key":"REST"}],"neow_cost":"TEN_PERCENT_HP_LOSS","seed_source_timestamp":152578620016564,"circlet_count":0,"master_deck":["Strike_B+1","Defend_B","Defend_B","Defend_B","Zap","Dualcast","Gash+1","Scrape+1","Gash","Chill","Machine Learning","Scrape+1","Bandage Up+1","Beam Cell","Turbo"],"relics":["Cracked Core","Peace Pipe","MawBank","Inserter","Omamori","Unceasing Top","Bag of Preparation"],"potions_floor_usage":[33,33],"damage_taken":[{"damage":7,"enemies":"Small Slimes","floor":1,"turns":3},{"damage":1,"enemies":"Cultist","floor":2,"turns":3},{"damage":0,"enemies":"2 Louse","floor":4,"turns":2},{"damage":2,"enemies":"Large Slime","floor":5,"turns":6},{"damage":5,"enemies":"Looter","floor":7,"turns":3},{"damage":1,"enemies":"3 Louse","floor":12,"turns":3},{"damage":5,"enemies":"Blue Slaver","floor":14,"turns":3},{"damage":48,"enemies":"The Guardian","floor":16,"turns":7},{"damage":10,"enemies":"Shell Parasite","floor":18,"turns":4},{"damage":3,"enemies":"Spheric Guardian","floor":24,"turns":3},{"damage":32,"enemies":"Centurion and Healer","floor":28,"turns":4},{"damage":19,"enemies":"Snake Plant","floor":31,"turns":2},{"damage":78,"enemies":"Champ","floor":33,"turns":6}],"seed_played":"-5962255056849963437","potions_obtained":[{"floor":2,"key":"FearPotion"},{"floor":4,"key":"Energy Potion"},{"floor":16,"key":"FearPotion"}],"is_trial":false,"path_per_floor":["M","M","?","M","M","?","M","R","T","?","$","M","R","M","R","B",null,"M","$","?","?","$","R","M","R","T","R","M","T","?","M","R","B"],"character_chosen":"DEFECT","items_purchased":["Scrape","Bandage Up"],"campfire_rested":2,"item_purchase_floors":[19,22],"current_hp_per_floor":[61,60,60,60,58,44,39,39,39,61,61,60,60,55,55,7,68,58,58,58,58,58,58,59,59,59,68,42,42,42,29,49,0],"gold":359,"neow_bonus":"ONE_RARE_RELIC","is_prod":false,"is_daily":false,"chose_seed":false,"campfire_upgraded":2,"win_rate":0,"timestamp":1555861450,"path_taken":["M","M","?","M","?","?","M","R","T","?","$","M","R","M","R","BOSS","M","$","?","?","$","R","M","R","T","R","M","?","?","M","R","BOSS"],"build_version":"2019-01-23","purchased_purges":1,"victory":false,"max_hp_per_floor":[68,68,68,68,68,68,68,68,68,68,68,68,68,68,68,68,68,68,68,68,68,68,68,68,68,68,68,68,68,68,68,68,68],"card_choices":[{"not_picked":["Hologram","Chaos"],"picked":"Gash","floor":1},{"not_picked":["Redo","Hologram"],"picked":"Scrape","floor":2},{"not_picked":["Ball Lightning","Turbo","Multi-Cast"],"picked":"SKIP","floor":4},{"not_picked":["Ball Lightning","Steam Power"],"picked":"Gash","floor":5},{"not_picked":["Conserve Battery","Auto Shields"],"picked":"Chill","floor":7},{"not_picked":["Barrage","Lockon","Compile Driver"],"picked":"SKIP","floor":12},{"not_picked":["Steam","Defragment","Doom and Gloom"],"picked":"SKIP","floor":14},{"not_picked":["Thunder Strike","Fission"],"picked":"Machine Learning","floor":16},{"not_picked":["Rebound","Leap","Steam"],"picked":"SKIP","floor":18},{"not_picked":["Redo+1","Blizzard"],"picked":"Beam Cell","floor":24},{"not_picked":["Glacier+1","Leap+1"],"picked":"Turbo","floor":28},{"not_picked":["Hologram","Auto Shields+1","Steam Power"],"picked":"SKIP","floor":31}],"player_experience":183556,"relics_obtained":[{"floor":9,"key":"MawBank"},{"floor":26,"key":"Omamori"},{"floor":29,"key":"Unceasing Top"}],"event_choices":[{"damage_healed":0,"gold_gain":0,"player_choice":"Forge","damage_taken":0,"max_hp_gain":0,"max_hp_loss":0,"event_name":"Accursed Blacksmith","floor":3,"gold_loss":0,"cards_upgraded":["Scrape"]},{"damage_healed":0,"gold_gain":0,"player_choice":"Entered Light","damage_taken":14,"max_hp_gain":0,"max_hp_loss":0,"event_name":"Shining Light","floor":6,"gold_loss":0,"cards_upgraded":["Gash","Strike_B"]},{"damage_healed":22,"gold_gain":0,"player_choice":"Banana","damage_taken":0,"max_hp_gain":0,"max_hp_loss":0,"event_name":"Big Fish","floor":10,"gold_loss":0},{"damage_healed":0,"gold_gain":0,"player_choice":"Ignored","damage_taken":0,"max_hp_gain":0,"max_hp_loss":0,"event_name":"Vampires","floor":20,"gold_loss":0},{"damage_healed":0,"gold_gain":0,"player_choice":"Ignored","damage_taken":0,"max_hp_gain":0,"max_hp_loss":0,"event_name":"Ghosts","floor":21,"gold_loss":0},{"damage_healed":0,"gold_gain":0,"player_choice":"Opened","damage_taken":0,"relics_obtained":["Bag of Preparation"],"max_hp_gain":0,"max_hp_loss":0,"event_name":"The Mausoleum","floor":30,"gold_loss":0,"cards_obtained":["Writhe"]}],"is_beta":false,"boss_relics":[{"not_picked":["Snecko Eye","Ectoplasm"],"picked":"Inserter"}],"items_purged_floors":[19],"is_endless":false,"potions_floor_spawned":[2,4,16,18,24],"killed_by":"Champ","ascension_level":0}