{"gold_per_floor":[119,119,83,100,100,135,135,135,135,135,146,227,254,204,204,299,299,313,23,38,38,53,53,80,93,93,93,111,37,62,87,99,207,219,251,11,0,0,17,17,17,17,17,34,50,50,50,11,11,11],"floor_reached":50,"playtime":1533,"items_purged":["Defend_B","Parasite","Decay","Strike_B"],"score":491,"play_id":"097cd8a5-249a-45f9-ba30-adad6c08c5fd","local_time":"20190127021659","is_ascension_mode":false,"campfire_choices":[{"floor":10,"key":"REST"},{"floor":15,"key":"REST"},{"floor":23,"key":"REST"},{"floor":32,"key":"REST"},{"floor":40,"key":"REST"},{"data":"Defragment","floor":42,"key":"SMITH"},{"data":"Static Discharge","floor":46,"key":"SMITH"},{"data":"Loop","floor":49,"key":"SMITH"}],"neow_cost":"NONE","seed_source_timestamp":291017824619840,"circlet_count":0,"master_deck":["Zap+1","Dualcast","FTL+1","BootSequence","Static Discharge","BootSequence","Electrodynamics","Ball Lightning","Defragment+1","Hologram+1","Melter","Static Discharge+1","Sweeping Beam","Multi-Cast","Double Energy+1","Redo+1","Seek+1","Melter","Loop+1"],"relics":["Cracked Core","Omamori","Smiling Mask","WingedGreaves","Bottled Flame","Kunai","Anchor","Calling Bell","Bag of Preparation","Gremlin Horn","Incense Burner","Bronze Scales","Letter Opener","Meat on the Bone","MawBank","Astrolabe","PrismaticShard","Red Mask","Darkstone Periapt"],"potions_floor_usage":[24,50,50,50],"damage_taken":[{"damage":1,"enemies":"Jaw Worm","floor":1,"turns":3},{"damage":1,"enemies":"2 Louse","floor":4,"turns":2},{"damage":12,"enemies":"3 Sentries","floor":6,"turns":6},{"damage":1,"enemies":"Cultist","floor":11,"turns":3},{"damage":22,"enemies":"Lagavulin","floor":13,"turns":6},{"damage":43,"enemies":"The Guardian","floor":16,"turns":9},{"damage":10,"enemies":"2 Thieves","floor":18,"turns":3},{"damage":13,"enemies":"Shell Parasite","floor":20,"turns":3},{"damage":11,"enemies":"Centurion and Healer","floor":22,"turns":5},{"damage":21,"enemies":"Slavers","floor":24,"turns":3},{"damage":0,"enemies":"Snake Plant","floor":25,"turns":3},{"damage":0,"enemies":"Chosen and Byrds","floor":28,"turns":3},{"damage":0,"enemies":"Sentry and Sphere","floor":31,"turns":2},{"damage":47,"enemies":"Champ","floor":33,"turns":9},{"damage":7,"enemies":"3 Shapes","floor":35,"turns":3},{"damage":0,"enemies":"Orb Walker","floor":39,"turns":3},{"damage":0,"enemies":"Sphere and 2 Shapes","floor":44,"turns":2},{"damage":6,"enemies":"Writhing Mass","floor":45,"turns":3},{"damage":90,"enemies":"Awakened One","floor":50,"turns":5}],"seed_played":"3165783424817788056","potions_obtained":[{"floor":1,"key":"GamblersBrew"},{"floor":16,"key":"EssenceOfSteel"},{"floor":22,"key":"Regen Potion"},{"floor":24,"key":"Strength Potion"}],"is_trial":false,"path_per_floor":["M","?","$","M","?","E","?","?","T","R","M","T","E","$","R","B",null,"M","$","M","?","M","R","E","M","T","?","M","$","T","M","R","B",null,"M","$","?","?","M","R","?","R","T","M","M","R","?","$","R","B"],"character_chosen":"DEFECT","items_purchased":["FTL","Ball Lightning","Defragment","Bronze Scales","Sweeping Beam","PrismaticShard","Loop"],"campfire_rested":5,"item_purchase_floors":[3,19,19,19,29,36,48],"current_hp_per_floor":[74,67,67,66,66,54,54,39,39,61,60,60,38,38,60,17,75,65,65,52,52,41,62,46,46,46,46,46,46,46,46,67,32,72,65,65,65,65,65,72,72,72,72,72,66,66,72,72,72,0],"gold":11,"neow_bonus":"RANDOM_COMMON_RELIC","is_prod":false,"is_daily":false,"chose_seed":false,"campfire_upgraded":3,"win_rate":0.0,"timestamp":1548573419,"path_taken":["M","?","$","M","?","E","?","?","T","R","M","?","E","?","R","BOSS","M","$","M","?","M","R","E","?","T","?","M","$","?","M","R","BOSS","M","$","?","?","?","R","?","R","T","M","M","R","?","$","R","BOSS"],"build_version":"2019-01-23","purchased_purges":4,"victory":false,"max_hp_per_floor":[75,75,75,75,75,75,75,75,75,75,75,75,75,75,75,75,75,75,72,72,72,72,72,72,72,72,72,72,72,72,72,72,72,72,72,72,72,72,72,72,72,72,72,72,72,72,72,72,72,72],"card_choices":[{"not_picked":["Consume","Hologram","Rebound"],"picked":"SKIP","floor":1},{"not_picked":["Rebound","Ball Lightning"],"picked":"BootSequence","floor":4},{"not_picked":["Leap","Tempest","Beam Cell"],"picked":"SKIP","floor":6},{"not_picked":["Rebound","Compile Driver"],"picked":"BootSequence","floor":11},{"not_picked":["Gash","Conserve Battery","Streamline"],"picked":"SKIP","floor":13},{"not_picked":["Thunder Strike","Buffer"],"picked":"Electrodynamics","floor":16},{"not_picked":["Gash","Hologram","Coolheaded"],"picked":"SKIP","floor":18},{"not_picked":["Steam Power+1","Force Field"],"picked":"Hologram+1","floor":20},{"not_picked":["Stack+1","Rebound","Sweeping Beam"],"picked":"SKIP","floor":22},{"not_picked":["All For One","Turbo"],"picked":"Melter","floor":24},{"not_picked":["Capacitor","Leap"],"picked":"Static Discharge","floor":25},{"not_picked":["Stack","Steam","Reprogram"],"picked":"SKIP","floor":28},{"not_picked":["Hologram+1","Compile Driver","Streamline+1"],"picked":"SKIP","floor":31},{"not_picked":["All For One","Electrodynamics"],"picked":"Multi-Cast","floor":33},{"not_picked":["Coolheaded+1","Compile Driver+1","Aggregate"],"picked":"SKIP","floor":35},{"not_picked":["Inflame","Sucker Punch","Fire Breathing+1"],"picked":"SKIP","floor":39},{"not_picked":["Capacitor+1","Sunder+1"],"picked":"Endless Agony+1","floor":44},{"not_picked":["Blade Dance","Outmaneuver","Rampage+1"],"picked":"SKIP","floor":45}],"player_experience":154240,"relics_obtained":[{"floor":6,"key":"Smiling Mask"},{"floor":9,"key":"Bottled Flame"},{"floor":12,"key":"Kunai"},{"floor":13,"key":"Anchor"},{"floor":17,"key":"Bag of Preparation"},{"floor":17,"key":"Gremlin Horn"},{"floor":17,"key":"Incense Burner"},{"floor":24,"key":"Letter Opener"},{"floor":26,"key":"Meat on the Bone"},{"floor":30,"key":"MawBank"},{"floor":43,"key":"Darkstone Periapt"}],"event_choices":[{"cards_removed":["Defend_B"],"damage_healed":0,"gold_gain":0,"player_choice":"Card Removal","damage_taken":7,"max_hp_gain":0,"max_hp_loss":0,"event_name":"Golden Wing","floor":2,"gold_loss":0},{"damage_healed":0,"gold_gain":0,"cards_transformed":["Strike_B"],"player_choice":"Change","damage_taken":0,"max_hp_gain":0,"max_hp_loss":0,"event_name":"Living Wall","floor":5,"gold_loss":0,"cards_obtained":["Static Discharge"]},{"damage_healed":0,"gold_gain":0,"player_choice":"Searched \u00271\u0027 times","damage_taken":0,"relics_obtained":["WingedGreaves"],"max_hp_gain":0,"max_hp_loss":0,"event_name":"Dead Adventurer","floor":7,"gold_loss":0},{"damage_healed":0,"gold_gain":0,"player_choice":"Entered Light","damage_taken":15,"max_hp_gain":0,"max_hp_loss":0,"event_name":"Shining Light","floor":8,"gold_loss":0,"cards_upgraded":["Zap","FTL"]},{"damage_healed":0,"gold_gain":0,"player_choice":"Cursed","damage_taken":0,"max_hp_gain":0,"max_hp_loss":0,"event_name":"Wheel of Change","floor":21,"gold_loss":0,"cards_obtained":["Decay"]},{"damage_healed":0,"gold_gain":0,"player_choice":"Got Potions","damage_taken":0,"max_hp_gain":0,"max_hp_loss":0,"event_name":"Lab","floor":27,"gold_loss":0},{"damage_healed":0,"gold_gain":0,"player_choice":"Paid","damage_taken":0,"relics_obtained":["Red Mask"],"max_hp_gain":0,"max_hp_loss":0,"event_name":"Tomb of Lord Red Mask","floor":37,"gold_loss":11},{"damage_healed":0,"gold_gain":0,"cards_transformed":["Defend_B"],"player_choice":"Transformed","damage_taken":0,"max_hp_gain":0,"max_hp_loss":0,"event_name":"Transmorgrifier","floor":38,"gold_loss":0,"cards_obtained":["Melter"]},{"damage_healed":0,"gold_gain":0,"player_choice":"Ignored","damage_taken":0,"max_hp_gain":0,"max_hp_loss":0,"event_name":"Mysterious Sphere","floor":41,"gold_loss":0},{"cards_removed":["Endless Agony"],"damage_healed":6,"gold_gain":0,"player_choice":"Offered Uncommon","damage_taken":0,"max_hp_gain":0,"max_hp_loss":0,"event_name":"Bonfire Elementals","floor":47,"gold_loss":0}],"is_beta":false,"boss_relics":[{"not_picked":["Lizard Tail","White Beast Statue"],"picked":"Calling Bell"},{"not_picked":["Busted Crown","Black Star"],"picked":"Astrolabe"}],"items_purged_floors":[14,19,29,36],"is_endless":false,"potions_floor_spawned":[1,16,22,24,45],"killed_by":"Awakened One","ascension_level":0}