{"gold_per_floor":[112,132,142,142,165,208,208,248,273,312,325,348,75,150,150,150],"floor_reached":16,"playtime":1416,"items_purged":[],"score":128,"play_id":"ad85153b-a528-4433-9f94-c24c1f73f616","local_time":"20190203015445","is_ascension_mode":true,"campfire_choices":[{"data":"True Grit","floor":7,"key":"SMITH"},{"data":"Armaments","floor":15,"key":"SMITH"}],"neow_cost":"NONE","seed_source_timestamp":820889663443,"circlet_count":0,"master_deck":["Strike_R","Strike_R","Strike_R","Strike_R","Strike_R","Defend_R","Defend_R","Defend_R","Defend_R","Bash","Infernal Blade","Armaments+1","Inflame","Heavy Blade","True Grit+1","Seeing Red","Ghostly Armor","Battle Trance","Flex","Heavy Blade"],"relics":["Burning Blood","Strawberry","Golden Idol","Anchor","Oddly Smooth Stone","Happy Flower","MealTicket"],"potions_floor_usage":[5,6,16,16,16],"damage_taken":[{"damage":0,"enemies":"2 Louse","floor":1,"turns":3},{"damage":5,"enemies":"Small Slimes","floor":2,"turns":4},{"damage":1,"enemies":"Cultist","floor":3,"turns":4},{"damage":0,"enemies":"3 Louse","floor":5,"turns":2},{"damage":18,"enemies":"Lagavulin","floor":6,"turns":6},{"damage":32,"enemies":"Gremlin Nob","floor":8,"turns":4},{"damage":19,"enemies":"Lagavulin","floor":10,"turns":7},{"damage":0,"enemies":"Looter","floor":11,"turns":4},{"damage":1,"enemies":"Blue Slaver","floor":12,"turns":4},{"damage":22,"enemies":"Slime Boss","floor":16,"turns":12}],"seed_played":"-8308635703469888810","potions_obtained":[{"floor":3,"key":"Explosive Potion"},{"floor":5,"key":"Explosive Potion"},{"floor":8,"key":"Explosive Potion"},{"floor":10,"key":"Block Potion"},{"floor":11,"key":"EssenceOfSteel"}],"is_trial":false,"path_per_floor":["M","M","M","?","M","E","R","E","T","E","M","M","$","?","R","B"],"character_chosen":"IRONCLAD","items_purchased":["Flex","Heavy Blade","MealTicket"],"campfire_rested":0,"item_purchase_floors":[13,13,13],"current_hp_per_floor":[87,87,87,66,72,60,60,34,34,21,27,32,32,21,21,0],"gold":150,"neow_bonus":"RANDOM_COMMON_RELIC","is_prod":false,"is_daily":false,"chose_seed":false,"campfire_upgraded":2,"win_rate":0,"timestamp":1549176885,"path_taken":["M","M","M","?","M","E","R","E","T","E","M","M","$","?","R","BOSS"],"build_version":"2019-01-23","purchased_purges":0,"victory":false,"max_hp_per_floor":[87,87,87,87,87,87,87,87,87,87,87,87,87,87,87,87],"card_choices":[{"not_picked":["Pommel Strike","Body Slam"],"picked":"Infernal Blade","floor":1},{"not_picked":["Fire Breathing","Clothesline"],"picked":"Armaments","floor":2},{"not_picked":["Body Slam","Wild Strike"],"picked":"Inflame","floor":3},{"not_picked":["Whirlwind","Armaments"],"picked":"Heavy Blade","floor":5},{"not_picked":["Sever Soul","Dropkick"],"picked":"True Grit","floor":6},{"not_picked":["Flex","Bloodletting"],"picked":"Seeing Red","floor":8},{"not_picked":["Cleave","Flex"],"picked":"Ghostly Armor","floor":10},{"not_picked":["Anger","Warcry"],"picked":"Battle Trance","floor":11},{"not_picked":["Hemokinesis","Fire Breathing","Dropkick"],"picked":"SKIP","floor":12}],"player_experience":76314,"relics_obtained":[{"floor":6,"key":"Anchor"},{"floor":8,"key":"Oddly Smooth Stone"},{"floor":10,"key":"Happy Flower"}],"event_choices":[{"damage_healed":0,"gold_gain":0,"player_choice":"Take Damage","damage_taken":21,"relics_obtained":["Golden Idol"],"max_hp_gain":0,"max_hp_loss":0,"event_name":"Golden Idol","floor":4,"gold_loss":0},{"damage_healed":0,"gold_gain":75,"player_choice":"Gather Gold","damage_taken":11,"max_hp_gain":0,"max_hp_loss":0,"event_name":"World of Goop","floor":14,"gold_loss":0}],"is_beta":false,"boss_relics":[],"items_purged_floors":[],"is_endless":false,"potions_floor_spawned":[3,5,8,10,11,12],"killed_by":"Slime Boss","ascension_level":1}