{"gold_per_floor":[117,192,9,9,22,22,47,62,62,75,126,126,157,174,174,251,251,264,282,293,306,320,320,320,320,320,331,331,347,366,378,378,450,450,460,473,23,123,138,138,169,169,169,169,92,92,106,138,138,138,138,138,14,14],"floor_reached":54,"playtime":2467,"items_purged":["Shame","Normality"],"score":1329,"play_id":"cb807c5f-3418-4204-90f3-a2c973f51749","local_time":"20190415195831","is_ascension_mode":true,"campfire_choices":[{"data":"Neutralize","floor":6.0,"key":"SMITH"},{"data":"Catalyst","floor":12.0,"key":"SMITH"},{"data":"Dash","floor":15.0,"key":"SMITH"},{"floor":23.0,"key":"REST"},{"data":"Venomology","floor":25.0,"key":"SMITH"},{"floor":32.0,"key":"REST"},{"data":"Terror","floor":40.0,"key":"SMITH"},{"floor":42.0,"key":"REST"},{"floor":49,"key":"RECALL"},{"data":"A Thousand Cuts","floor":52,"key":"SMITH"}],"neow_cost":"CURSE","seed_source_timestamp":664914729472449,"circlet_count":0,"master_deck":["AscendersBane","Defend_G","Defend_G","Defend_G","Defend_G","Defend_G","Strike_G","Strike_G","Strike_G","Strike_G","Strike_G","Survivor","Neutralize+1","Dash+1","Leg Sweep","Predator","Deadly Poison","Backstab+1","Dash+1","Catalyst+1","Acrobatics","All Out Attack+1","Venomology+1","Blur","Backflip","Quick Slash+1","Poisoned Stab+1","Catalyst+1","Bouncing Flask+1","Doubt","Writhe","Deadly Poison+1","Footwork+1","After Image","Terror+1","Dodge and Roll+1","PiercingWail+1","A Thousand Cuts+1","Dark Shackles","Footwork","Noxious Fumes","Dodge and Roll"],"special_seed":0,"relics":["Ring of the Serpent","Du-Vu Doll","Molten Egg 2","Question Card","Regal Pillow","Darkstone Periapt","Ornamental Fan","Calling Bell","Bronze Scales","Shuriken","Torii","OrangePellets","Girya","Orichalcum","FossilizedHelix","Bag of Marbles"],"potions_floor_usage":[48,48,50,50,54,54],"damage_taken":[{"damage":0.0,"enemies":"Small Slimes","floor":1.0,"turns":3.0},{"damage":0.0,"enemies":"Jaw Worm","floor":5.0,"turns":3.0},{"damage":3.0,"enemies":"Lagavulin","floor":7.0,"turns":8.0},{"damage":0.0,"enemies":"Cultist","floor":8.0,"turns":2.0},{"damage":0.0,"enemies":"Gremlin Gang","floor":10.0,"turns":4.0},{"damage":5.0,"enemies":"3 Sentries","floor":13.0,"turns":10.0},{"damage":6.0,"enemies":"3 Louse","floor":14.0,"turns":2.0},{"damage":20.0,"enemies":"Slime Boss","floor":16.0,"turns":11.0},{"damage":1.0,"enemies":"Chosen","floor":18.0,"turns":4.0},{"damage":5.0,"enemies":"Spheric Guardian","floor":19.0,"turns":5.0},{"damage":0.0,"enemies":"Snake Plant","floor":20.0,"turns":4.0},{"damage":12.0,"enemies":"Snecko","floor":21.0,"turns":6.0},{"damage":12.0,"enemies":"Sentry and Sphere","floor":22.0,"turns":6.0},{"damage":17.0,"enemies":"Book of Stabbing","floor":24.0,"turns":3.0},{"damage":4.0,"enemies":"Snake Plant","floor":27.0,"turns":5.0},{"damage":5.0,"enemies":"3 Cultists","floor":29.0,"turns":5.0},{"damage":6.0,"enemies":"Centurion and Healer","floor":30.0,"turns":7.0},{"damage":11.0,"enemies":"Shelled Parasite and Fungi","floor":31.0,"turns":4.0},{"damage":17.0,"enemies":"Champ","floor":33.0,"turns":8.0},{"damage":1.0,"enemies":"Orb Walker","floor":35.0,"turns":4.0},{"damage":17.0,"enemies":"3 Darklings","floor":36.0,"turns":3.0},{"damage":0.0,"enemies":"Mind Bloom Boss Battle","floor":38.0,"turns":7.0},{"damage":2.0,"enemies":"Writhing Mass","floor":39.0,"turns":6.0},{"damage":58.0,"enemies":"Reptomancer","floor":41.0,"turns":10.0},{"damage":0.0,"enemies":"4 Shapes","floor":47.0,"turns":9.0},{"damage":1,"enemies":"Nemesis","floor":48,"turns":9},{"damage":57,"enemies":"Donu and Deca","floor":50,"turns":14},{"damage":74,"enemies":"Shield and Spear","floor":54,"turns":5}],"seed_played":"7772887600960717201","potions_obtained":[{"floor":5.0,"key":"Swift Potion"},{"floor":7.0,"key":"Strength Potion"},{"floor":21.0,"key":"Dexterity Potion"},{"floor":31.0,"key":"Regen Potion"},{"floor":33.0,"key":"Block Potion"},{"floor":36.0,"key":"Block Potion"},{"floor":41.0,"key":"Ancient Potion"},{"floor":48,"key":"Regen Potion"}],"is_trial":false,"path_per_floor":["M","?","$","?","M","R","E","M","T","M","T","R","E","M","R","B",null,"M","M","M","M","M","R","E","R","T","M","?","M","M","M","R","B",null,"M","M","$","?","M","R","E","R","T","?","$","T","M","E","R","B",null,"R","$","E"],"character_chosen":"THE_SILENT","items_purchased":["Leg Sweep","Predator","OrangePellets","After Image","Terror","Footwork","Noxious Fumes","Dodge and Roll"],"campfire_rested":3,"item_purchase_floors":[3,3,37,37,37,45,53,53],"current_hp_per_floor":[59,48,48,53,53,53,50,50,50,50,50,50,45,39,39,19,58,57,52,52,40,28,64,47,47,47,43,43,38,32,21,57,55,85,84,67,67,67,65,65,7,48,48,48,48,48,48,47,47,5,68,68,68,0],"gold":14,"neow_bonus":"ONE_RARE_RELIC","is_prod":false,"is_daily":false,"chose_seed":false,"campfire_upgraded":6,"win_rate":0,"timestamp":1555372711,"path_taken":["M","?","$","?","M","R","E","?","T","M","?","R","E","M","R","BOSS","M","M","?","?","M","R","E","R","T","M","?","M","M","?","R","BOSS","M","M","$","?","M","R","E","R","T","?","?","?","M","E","R","BOSS","R","$","E"],"build_version":"2019-04-04","purchased_purges":2,"victory":false,"max_hp_per_floor":[66,66,66,71,71,71,71,71,71,71,71,71,71,71,71,71,71,71,71,71,71,71,71,71,71,71,71,71,71,71,71,71,71,89,89,89,89,89,89,89,89,89,89,89,89,89,89,89,89,89,89,89,89,89],"card_choices":[{"not_picked":["Reflex","Cloak And Dagger"],"picked":"Dash","floor":1.0},{"not_picked":["Finisher","Slice"],"picked":"Deadly Poison","floor":5.0},{"not_picked":["Blade Dance","Deflect"],"picked":"Backstab","floor":7.0},{"not_picked":["Quick Slash+1","Backflip"],"picked":"Dash+1","floor":8.0},{"not_picked":["Acrobatics","Dagger Throw+1","Concentrate"],"picked":"Catalyst","floor":10.0},{"not_picked":["Cloak And Dagger","Dodge and Roll","Prepared"],"picked":"Acrobatics","floor":13.0},{"not_picked":["Flying Knee+1","Masterful Stab+1","Underhanded Strike+1"],"picked":"All Out Attack+1","floor":14.0},{"not_picked":["Doppelganger","Phantasmal Killer","Storm of Steel"],"picked":"Venomology","floor":16.0},{"not_picked":["Calculated Gamble","Sucker Punch+1","Dagger Throw+1"],"picked":"Blur","floor":18.0},{"not_picked":["Flying Knee+1","Deflect","Predator+1"],"picked":"Backflip","floor":19.0},{"not_picked":["Deflect","Bane+1","Acrobatics","Dodge and Roll"],"picked":"SKIP","floor":20.0},{"not_picked":["Heel Hook+1","Bane+1","Slice+1"],"picked":"Quick Slash+1","floor":21.0},{"not_picked":["Distraction","Deflect","Blur","Heel Hook+1"],"picked":"SKIP","floor":22.0},{"not_picked":["Dagger Throw+1","Backflip","Unload+1"],"picked":"Poisoned Stab+1","floor":27.0},{"not_picked":["Dagger Throw+1","Deflect","Endless Agony+1","Cloak And Dagger"],"picked":"SKIP","floor":29.0},{"not_picked":["Dagger Throw+1","Finisher+1","Blade Dance"],"picked":"Bouncing Flask+1","floor":30.0},{"not_picked":["Bouncing Flask","Slice+1","Storm of Steel","Cloak And Dagger"],"picked":"SKIP","floor":31.0},{"not_picked":["Bouncing Flask","Slice+1","Storm of Steel","Cloak And Dagger"],"picked":"SKIP","floor":31.0},{"not_picked":["Prepared","Riddle With Holes+1","Underhanded Strike+1"],"picked":"Deadly Poison+1","floor":35.0},{"not_picked":["Infinite Blades+1","Deadly Poison","Bane+1"],"picked":"Footwork+1","floor":36.0},{"not_picked":["Backflip","Deflect","Accuracy"],"picked":"Dodge and Roll+1","floor":38.0},{"not_picked":["Predator+1","Underhanded Strike+1","Flechettes+1"],"picked":"PiercingWail+1","floor":39.0},{"not_picked":["Tactician+1","Infinite Blades","Glass Knife+1"],"picked":"A Thousand Cuts","floor":41.0},{"not_picked":["Metamorphosis","Dramatic Entrance+1","Secret Technique"],"picked":"Dark Shackles","floor":44.0},{"not_picked":["Dodge and Roll","Outmaneuver","Blade Dance+1","Bouncing Flask"],"picked":"SKIP","floor":47.0},{"not_picked":["Quick Slash+1","Sucker Punch+1","Slice+1","Flying Knee+1"],"picked":"SKIP","floor":48}],"player_experience":955917,"relics_obtained":[{"floor":7.0,"key":"Molten Egg 2"},{"floor":9.0,"key":"Question Card"},{"floor":11.0,"key":"Regal Pillow"},{"floor":13.0,"key":"Darkstone Periapt"},{"floor":26.0,"key":"Ornamental Fan"},{"floor":34.0,"key":"Bronze Scales"},{"floor":34.0,"key":"Shuriken"},{"floor":34.0,"key":"Torii"},{"floor":38.0,"key":"Girya"},{"floor":41.0,"key":"Orichalcum"},{"floor":46.0,"key":"FossilizedHelix"},{"floor":48,"key":"Bag of Marbles"}],"event_choices":[{"damage_healed":0.0,"max_hp_gain":0.0,"max_hp_loss":0.0,"gold_gain":75.0,"event_name":"World of Goop","player_choice":"Gather Gold","floor":2.0,"gold_loss":0.0,"damage_taken":11.0},{"damage_healed":0.0,"max_hp_gain":5.0,"max_hp_loss":0.0,"gold_gain":0.0,"event_name":"Big Fish","player_choice":"Donut","floor":4.0,"gold_loss":0.0,"damage_taken":0.0},{"damage_healed":0.0,"max_hp_gain":0.0,"max_hp_loss":0.0,"gold_gain":0.0,"event_name":"Duplicator","player_choice":"Copied","floor":28.0,"gold_loss":0.0,"damage_taken":0.0,"cards_obtained":["Catalyst"]},{"damage_healed":0.0,"max_hp_gain":0.0,"max_hp_loss":0.0,"gold_gain":0.0,"event_name":"MindBloom","player_choice":"Fight","floor":38.0,"gold_loss":0.0,"damage_taken":0.0},{"damage_healed":0.0,"max_hp_gain":0.0,"max_hp_loss":0.0,"gold_gain":0.0,"event_name":"SensoryStone","player_choice":"Memory 1","floor":44.0,"gold_loss":0.0,"damage_taken":0.0}],"is_beta":true,"boss_relics":[{"not_picked":["Black Star","Astrolabe"],"picked":"Ring of the Serpent"},{"not_picked":["Eternal Feather","HoveringKite"],"picked":"Calling Bell"}],"items_purged_floors":[3,37],"is_endless":false,"potions_floor_spawned":[5,7,10,21,24,31,33,36,41,48],"killed_by":"Shield and Spear","ascension_level":15}