{"gold_per_floor":[115,85,103,113,124,124,136,154,178,239,239,257,257,257,257,361,361,373,391,341,357,374,374,392,392,392,392,405,8,8,8,8,106,106,125,125],"floor_reached":36,"playtime":4893,"items_purged":[],"score":433,"play_id":"ee2e30d2-2147-433e-9298-34af1a4fdd4e","local_time":"20190103030643","is_ascension_mode":false,"campfire_choices":[{"data":"Noxious Fumes","floor":6,"key":"SMITH"},{"floor":11,"key":"REST"},{"data":"Well Laid Plans","floor":13,"key":"SMITH"},{"data":"Deflect","floor":15,"key":"SMITH"},{"floor":23,"key":"REST"},{"floor":25,"key":"REST"},{"floor":27,"key":"REST"},{"floor":32,"key":"REST"}],"neow_cost":"NONE","seed_source_timestamp":19701902562116,"circlet_count":0,"master_deck":["Defend_G","Defend_G","Defend_G","Defend_G","Defend_G","Strike_G","Strike_G","Survivor","Neutralize","Noxious Fumes+1","Deadly Poison","Masterful Stab","Deflect+1","Sucker Punch","Well Laid Plans+1","Deflect","Flying Knee","Sucker Punch","Bullet Time","Bullet Time+1","Tools of the Trade+1","Reflex+1","All Out Attack+1","Reflex+1","Outmaneuver","Dash+1","PiercingWail","Backflip","Quick Slash+1","Backflip","Flying Knee+1","Tactician","Magnetism","Footwork","PiercingWail","Shame","Predator+1","Adrenaline","Doubt","Shame","Parasite","Well Laid Plans+1"],"relics":["Ring of the Snake","Dream Catcher","Potion Belt","Astrolabe","Darkstone Periapt","Oddly Smooth Stone","Calling Bell","Girya","Pantograph","Bronze Scales"],"potions_floor_usage":[7,10,19,22,33,33],"damage_taken":[{"damage":0,"enemies":"2 Louse","floor":1,"turns":3},{"damage":1,"enemies":"Cultist","floor":3,"turns":4},{"damage":2,"enemies":"Small Slimes","floor":4,"turns":4},{"damage":4,"enemies":"Looter","floor":5,"turns":3},{"damage":3,"enemies":"Large Slime","floor":7,"turns":4},{"damage":0,"enemies":"Red Slaver","floor":8,"turns":4},{"damage":19,"enemies":"Lagavulin Event","floor":10,"turns":7},{"damage":0,"enemies":"3 Louse","floor":12,"turns":3},{"damage":35,"enemies":"Hexaghost","floor":16,"turns":10},{"damage":18,"enemies":"Chosen","floor":18,"turns":7},{"damage":13,"enemies":"2 Thieves","floor":19,"turns":5},{"damage":14,"enemies":"Snecko","floor":21,"turns":6},{"damage":30,"enemies":"3 Cultists","floor":22,"turns":6},{"damage":16,"enemies":"Snake Plant","floor":24,"turns":5},{"damage":20,"enemies":"Centurion and Healer","floor":28,"turns":9},{"damage":67,"enemies":"Automaton","floor":33,"turns":10},{"damage":38,"enemies":"3 Darklings","floor":35,"turns":5},{"damage":65,"enemies":"2 Orb Walkers","floor":36,"turns":4}],"seed_played":"4255234603876365886","potions_obtained":[{"floor":1,"key":"SkillPotion"},{"floor":2,"key":"Explosive Potion"},{"floor":2,"key":"Weak Potion"},{"floor":4,"key":"Fire Potion"},{"floor":5,"key":"SpeedPotion"},{"floor":10,"key":"FairyPotion"},{"floor":19,"key":"SteroidPotion"},{"floor":21,"key":"Weak Potion"},{"floor":22,"key":"Strength Potion"}],"is_trial":false,"path_per_floor":["M","?","M","M","M","R","M","M","T","?","R","M","R","?","R","B",null,"M","M","?","M","M","R","M","R","T","R","M","$","?","?","R","B",null,"M","?"],"character_chosen":"THE_SILENT","items_purchased":["Tactician","Magnetism","Footwork","PiercingWail"],"campfire_rested":5,"item_purchase_floors":[29,29,29,29],"current_hp_per_floor":[77,77,76,74,70,70,67,67,67,48,71,71,71,71,71,36,77,59,46,46,32,2,25,9,32,32,55,35,35,41,41,65,8,101,63,0],"gold":125,"neow_bonus":"TEN_PERCENT_HP_BONUS","is_prod":false,"is_daily":false,"chose_seed":false,"campfire_upgraded":3,"win_rate":0.0,"timestamp":1546502803,"path_taken":["M","?","M","M","M","R","?","M","T","?","R","M","R","?","R","BOSS","M","M","?","M","?","R","M","R","T","R","M","$","?","?","R","BOSS","M","?"],"build_version":"2018-12-20","purchased_purges":0,"victory":false,"max_hp_per_floor":[77,77,77,77,77,77,77,77,77,77,77,77,77,77,77,77,77,77,77,77,77,77,77,77,77,77,77,77,77,83,83,83,83,101,101,101],"card_choices":[{"not_picked":["Acrobatics","Slice"],"picked":"Noxious Fumes","floor":1},{"not_picked":["Flechettes","Reflex"],"picked":"Deadly Poison","floor":3},{"not_picked":["Predator","Reflex"],"picked":"Masterful Stab","floor":4},{"not_picked":["Poisoned Stab","Dodge and Roll"],"picked":"Deflect","floor":5},{"not_picked":["Blur","Acrobatics"],"picked":"Sucker Punch","floor":7},{"not_picked":["Crippling Poison","Caltrops"],"picked":"Well Laid Plans","floor":8},{"not_picked":["Dagger Spray","Quick Slash"],"picked":"Deflect","floor":10},{"not_picked":["Skewer","Sucker Punch"],"picked":"Flying Knee","floor":11},{"not_picked":["Blade Dance","Blur"],"picked":"Sucker Punch","floor":12},{"not_picked":["Envenom","After Image"],"picked":"Bullet Time","floor":16},{"not_picked":["Poisoned Stab+1","Flying Knee"],"picked":"All Out Attack+1","floor":18},{"not_picked":["Expertise","Prepared"],"picked":"Reflex+1","floor":19},{"not_picked":["Flying Knee","Unload"],"picked":"Outmaneuver","floor":21},{"not_picked":["Dagger Throw","Eviscerate"],"picked":"Dash+1","floor":22},{"not_picked":["Quick Slash","Endless Agony"],"picked":"PiercingWail","floor":23},{"not_picked":["Dagger Throw","Heel Hook"],"picked":"Backflip","floor":24},{"not_picked":["Dagger Spray","Backstab"],"picked":"Quick Slash+1","floor":25},{"not_picked":["Die Die Die","Caltrops"],"picked":"Backflip","floor":27},{"not_picked":["Calculated Gamble","Dagger Spray"],"picked":"Flying Knee+1","floor":28},{"not_picked":["PiercingWail","Underhanded Strike"],"picked":"Predator+1","floor":32},{"not_picked":["Doppelganger","Phantasmal Killer"],"picked":"Adrenaline","floor":33},{"not_picked":["Endless Agony","Blade Dance"],"picked":"Well Laid Plans+1","floor":35}],"player_experience":8739,"relics_obtained":[{"floor":9,"key":"Dream Catcher"},{"floor":10,"key":"Potion Belt"},{"floor":26,"key":"Darkstone Periapt"},{"floor":34,"key":"Girya"},{"floor":34,"key":"Pantograph"},{"floor":34,"key":"Bronze Scales"}],"event_choices":[{"damage_healed":0,"gold_gain":0,"player_choice":"Bought 2 Potions","damage_taken":0,"max_hp_gain":0,"max_hp_loss":0,"event_name":"The Woman in Blue","floor":2,"gold_loss":0},{"damage_healed":0,"gold_gain":30,"player_choice":"Searched \u00272\u0027 times","damage_taken":0,"max_hp_gain":0,"max_hp_loss":0,"event_name":"Dead Adventurer","floor":10,"gold_loss":0},{"damage_healed":0,"gold_gain":0,"player_choice":"Ignored","damage_taken":0,"max_hp_gain":0,"max_hp_loss":0,"event_name":"Liars Game","floor":14,"gold_loss":0},{"damage_healed":0,"gold_gain":0,"player_choice":"Bet on Murderer","damage_taken":0,"max_hp_gain":0,"max_hp_loss":0,"event_name":"The Joust","floor":20,"gold_loss":50},{"damage_healed":0,"gold_gain":0,"player_choice":"Stole Relic","damage_taken":0,"relics_obtained":["Oddly Smooth Stone"],"max_hp_gain":0,"max_hp_loss":0,"event_name":"Addict","floor":30,"gold_loss":0,"cards_obtained":["Shame"]},{"damage_healed":0,"gold_gain":0,"player_choice":"Ignored","damage_taken":0,"max_hp_gain":0,"max_hp_loss":0,"event_name":"Beggar","floor":31,"gold_loss":0},{"damage_healed":0,"gold_gain":0,"player_choice":"Fight","damage_taken":0,"max_hp_gain":0,"max_hp_loss":0,"event_name":"Mysterious Sphere","floor":36,"gold_loss":0}],"is_beta":false,"boss_relics":[{"not_picked":["Sozu","Philosopher\u0027s Stone"],"picked":"Astrolabe"},{"not_picked":["Runic Pyramid","Empty Cage"],"picked":"Calling Bell"}],"items_purged_floors":[],"is_endless":false,"potions_floor_spawned":[1,4,5,10,19,21,22],"killed_by":"2 Orb Walkers","ascension_level":0}