{"path_per_floor":["M","?","?","M","?","R","M","?","T","M","M","M","R","$","R","B",null,"M","?","M","$","?","E","R","M","T","R","?","M","E","T","R","B",null,"M","M","M","T","M","M","R","E","T","M","M","$","R","M","R"],"character_chosen":"IRONCLAD","items_purchased":["Mummified Hand","Carnage"],"gold_per_floor":[112,112,112,124,199,199,218,218,218,233,251,267,267,21,21,120,120,120,120,120,35,35,35,35,35,35,35,35,35,35,35,35,35,35,35,35,35,35,35,35,35,35,35,35,35,35,35,35,35],"floor_reached":50,"campfire_rested":3,"playtime":2052,"current_hp_per_floor":[80,73,73,79,68,68,74,74,74,60,53,54,54,54,54,51,80,76,76,51,51,51,63,63,60,60,60,56,56,52,52,52,18,56,54,47,14,14,17,36,56,27,27,27,13,13,44,37,56],"items_purged":["Defend_R"],"gold":35,"play_id":"7a4c5856-09d6-4a42-b486-398ae7905b2e","is_prod":false,"is_daily":false,"is_ascension_mode":false,"campfire_upgraded":6,"path_taken":["M","?","?","?","?","R","M","?","T","?","M","M","R","$","R","BOSS","M","?","M","?","?","E","R","M","T","R","?","?","E","?","R","BOSS","M","M","M","?","M","M","R","E","T","?","?","?","R","M","R","BOSS"],"build_version":"2018-01-25-PROD3","purchased_purges":1,"victory":false,"master_deck":["Defend_R","Bash+1","Dropkick","Thunderclap+1","Battle Trance","Clash+1","Reaper","Flex+1","Bludgeon+1","Dropkick","Warcry+1","Carnage+1","Bite_R","Bite_R","Bite_R","Bite_R","Bite_R","Pommel Strike","Bloodletting","Limit Break","Combust+1","Thunderclap+1","Flex","Power Through+1","Clothesline","Dropkick+1"],"max_hp_per_floor":[80,80,80,80,80,80,80,80,80,80,80,80,80,80,80,80,80,80,80,80,80,80,80,80,80,80,80,56,56,56,56,56,56,56,56,56,56,56,56,56,56,56,56,56,56,56,56,56,56],"relics":["Burning Blood","NeowsBlessing","Smiling Mask","Calipers","Mummified Hand","Ectoplasm","Gremlin Horn","Bird Faced Urn","Oddly Smooth Stone","Tiny Chest","Lizard Tail","Regal Pillow","Shovel","Bottled Lightning"],"card_choices":[{"not_picked":["Feel No Pain","Dual Wield"],"picked":"Dropkick"},{"not_picked":["Iron Wave","Combust"],"picked":"Thunderclap"},{"not_picked":["Havoc","Second Wind"],"picked":"Battle Trance"},{"not_picked":["Sentinel","Anger"],"picked":"Clash"},{"not_picked":["Clash","Wild Strike"],"picked":"Reaper"},{"not_picked":["Uppercut","True Grit"],"picked":"Flex"},{"not_picked":["Impervious","Immolate"],"picked":"Bludgeon"},{"not_picked":["Twin Strike","Wild Strike"],"picked":"Dropkick"},{"not_picked":["Shrug It Off","Uppercut"],"picked":"Warcry"},{"not_picked":["Searing Blow","Shrug It Off"],"picked":"Pommel Strike"},{"not_picked":["Armaments","Warcry"],"picked":"Bloodletting"},{"not_picked":["Dark Embrace","Immolate"],"picked":"Limit Break"},{"not_picked":["Heavy Blade","Havoc"],"picked":"Combust"},{"not_picked":["Iron Wave","Twin Strike"],"picked":"Thunderclap"},{"not_picked":["Cleave","Twin Strike"],"picked":"Flex"},{"not_picked":["Wild Strike","Feel No Pain"],"picked":"Power Through"},{"not_picked":["Pommel Strike","Feed"],"picked":"Clothesline"},{"not_picked":["Armaments","Searing Blow"],"picked":"Dropkick"}],"player_experience":212961,"potions_floor_usage":[16,23,30,33,33,37,39,39,44,50,50],"damage_taken":[{"damage":0,"enemies":"Jaw Worm","floor":1,"turns":1},{"damage":0,"enemies":"Cultist","floor":4,"turns":1},{"damage":0,"enemies":"2 Louse","floor":7,"turns":1},{"damage":20,"enemies":"Exordium Wildlife","floor":10,"turns":3},{"damage":13,"enemies":"Red Slaver","floor":11,"turns":2},{"damage":11,"enemies":"Large Slime","floor":12,"turns":4},{"damage":36,"enemies":"Slime Boss","floor":16,"turns":8},{"damage":10,"enemies":"Spheric Guardian","floor":18,"turns":3},{"damage":35,"enemies":"Shell Parasite","floor":20,"turns":4},{"damage":0,"enemies":"Gremlin Leader","floor":23,"turns":3},{"damage":15,"enemies":"3 Cultists","floor":25,"turns":4},{"damage":0,"enemies":"Centurion and Healer","floor":29,"turns":2},{"damage":12,"enemies":"Book of Stabbing","floor":30,"turns":2},{"damage":69,"enemies":"Champ","floor":33,"turns":7},{"damage":8,"enemies":"3 Darklings","floor":35,"turns":2},{"damage":15,"enemies":"Orb Walker","floor":36,"turns":2},{"damage":58,"enemies":"4 Shapes","floor":37,"turns":3},{"damage":42,"enemies":"Maw","floor":39,"turns":7},{"damage":11,"enemies":"3 Darklings","floor":40,"turns":3},{"damage":41,"enemies":"2 Orb Walkers","floor":42,"turns":3},{"damage":69,"enemies":"4 Shapes","floor":44,"turns":3},{"damage":30,"enemies":"Sphere and 2 Shapes","floor":45,"turns":4},{"damage":35,"enemies":"Maw","floor":48,"turns":6},{"damage":76,"enemies":"Donu and Deca","floor":50,"turns":4}],"event_choices":[{"event_name":"Golden Wing","player_choice":"Card Removal","floor":2,"damage_taken":0},{"event_name":"Big Fish","player_choice":"Box","floor":3,"damage_taken":0},{"event_name":"World of Goop","player_choice":"Gather Gold","floor":5,"damage_taken":0},{"event_name":"Fountain of Cleansing","player_choice":"Removed Curse","floor":8,"damage_taken":0},{"event_name":"Wheel of Change","player_choice":"Card Removal","floor":19,"damage_taken":0},{"event_name":"Addict","player_choice":"Ignored","floor":22,"damage_taken":0},{"event_name":"Vampires","player_choice":"Became a vampire","floor":28,"damage_taken":0}],"boss_relics":[{"not_picked":["Question Card","Mark of Pain"],"picked":"Ectoplasm"},{"not_picked":["Calling Bell","Runic Cube"],"picked":"Lizard Tail"}],"potions_floor_spawned":[1,10,12,16,23,25,29,30,33,36,40,42,45,48],"seed_played":"-2725558942140983720","killed_by":"Donu and Deca","ascension_level":0,"is_trial":false}