{"gold_per_floor":[15,15,15,40,64,64,82,103,156,156,200,230,261,261,261,356,356,380,380,396,30,30,69,69,109,109,144,158,191,206,206,206,302,302,327,54,77,102,120,120,245,245,269,284,303,323,178,211,211,211,211,211,1,45,45],"floor_reached":56,"playtime":4454,"items_purged":["Strike_B","Strike_B","Strike_B"],"score":2130,"play_id":"3cdc5eac-8be2-425c-9c00-4bcc40c54adc","local_time":"20190331034406","is_ascension_mode":true,"campfire_choices":[{"data":"Zap","floor":6.0,"key":"SMITH"},{"data":"Fission","floor":10.0,"key":"SMITH"},{"data":"Coolheaded","floor":15.0,"key":"SMITH"},{"data":"Recycle","floor":32.0,"key":"SMITH"},{"floor":40,"key":"RECALL"},{"data":"Fusion","floor":42,"key":"SMITH"},{"data":"Consume","floor":49,"key":"SMITH"},{"data":"Skim","floor":52,"key":"SMITH"}],"neow_cost":"NO_GOLD","seed_source_timestamp":3136311355238868,"circlet_count":0,"master_deck":["AscendersBane","Defend_B","Defend_B","Defend_B","Defend_B","Zap+1","Dualcast","Genetic Algorithm+1","Cold Snap","Coolheaded+1","Recycle+1","Fission+1","Darkness","Compile Driver","Echo Form","Conserve Battery","Capacitor+1","Skim+1","Hologram","Fusion+1","Injury","Go for the Eyes+1","Biased Cognition+1","Compile Driver","BootSequence","Writhe","Buffer+1","Glacier","Fission+1","Genetic Algorithm","Parasite","Echo Form+1","Compile Driver","Consume+1","Capacitor+1","Compile Driver"],"special_seed":0,"relics":["Cracked Core","Dead Branch","Golden Idol","Tiny Chest","DataDisk","Odd Mushroom","Happy Flower","Cursed Key","Meat on the Bone","Blue Candle","Bronze Scales","Frozen Egg 2","Sundial","Singing Bowl","Sozu","DollysMirror","Emotion Chip","Regal Pillow","Bottled Flame","Pear"],"potions_floor_usage":[38,55],"damage_taken":[{"damage":0.0,"enemies":"Small Slimes","floor":1.0,"turns":3.0},{"damage":4.0,"enemies":"2 Louse","floor":4.0,"turns":4.0},{"damage":0.0,"enemies":"Cultist","floor":5.0,"turns":3.0},{"damage":4.0,"enemies":"Large Slime","floor":7.0,"turns":6.0},{"damage":12.0,"enemies":"3 Louse","floor":8.0,"turns":3.0},{"damage":3.0,"enemies":"Gremlin Nob","floor":11.0,"turns":3.0},{"damage":5.0,"enemies":"The Mushroom Lair","floor":12.0,"turns":6.0},{"damage":5.0,"enemies":"3 Sentries","floor":13.0,"turns":6.0},{"damage":28.0,"enemies":"Hexaghost","floor":16.0,"turns":8.0},{"damage":4.0,"enemies":"3 Byrds","floor":18.0,"turns":4.0},{"damage":0.0,"enemies":"Spheric Guardian","floor":20.0,"turns":3.0},{"damage":21.0,"enemies":"Slavers","floor":23.0,"turns":6.0},{"damage":12.0,"enemies":"Gremlin Leader","floor":25.0,"turns":6.0},{"damage":12.0,"enemies":"Book of Stabbing","floor":27.0,"turns":6.0},{"damage":0.0,"enemies":"Snake Plant","floor":28.0,"turns":6.0},{"damage":24.0,"enemies":"Slavers","floor":29.0,"turns":5.0},{"damage":2.0,"enemies":"Shelled Parasite and Fungi","floor":30.0,"turns":4.0},{"damage":4.0,"enemies":"Automaton","floor":33.0,"turns":10.0},{"damage":5.0,"enemies":"3 Darklings","floor":35.0,"turns":4.0},{"damage":1.0,"enemies":"3 Shapes","floor":37.0,"turns":4.0},{"damage":1,"enemies":"Jaw Worm Horde","floor":38,"turns":2},{"damage":1,"enemies":"Sphere and 2 Shapes","floor":39,"turns":3},{"damage":0,"enemies":"Mind Bloom Boss Battle","floor":41,"turns":6},{"damage":0,"enemies":"4 Shapes","floor":44,"turns":5},{"damage":0,"enemies":"Writhing Mass","floor":45,"turns":7},{"damage":0,"enemies":"Maw","floor":46,"turns":7},{"damage":2,"enemies":"Giant Head","floor":48,"turns":8},{"damage":20,"enemies":"Awakened One","floor":50,"turns":23},{"damage":1,"enemies":"Shield and Spear","floor":54,"turns":8},{"damage":23,"enemies":"The Heart","floor":55,"turns":13}],"seed_played":"1107957699678036102","potions_obtained":[{"floor":1.0,"key":"Energy Potion"},{"floor":4.0,"key":"SpeedPotion"},{"floor":12.0,"key":"EssenceOfSteel"},{"floor":16.0,"key":"Block Potion"},{"floor":25.0,"key":"Weak Potion"},{"floor":27.0,"key":"EssenceOfSteel"},{"floor":29.0,"key":"Dexterity Potion"},{"floor":30.0,"key":"AttackPotion"}],"is_trial":false,"path_per_floor":["M","?","?","M","M","R","M","M","T","R","E","?","E","?","R","B",null,"M","$","M","$","?","E","?","E","T","E","M","E","M","?","R","B",null,"M","$","M","M","M","R","?","R","T","M","M","M","$","E","R","B",null,"R","$","E","B",null],"character_chosen":"DEFECT","items_purchased":["Meat on the Bone","Skim","DollysMirror","Genetic Algorithm","Compile Driver","Capacitor+1","Compile Driver"],"campfire_rested":0,"item_purchase_floors":[21,21,36,36,47,53,53],"current_hp_per_floor":[64,64,64,60,60,60,56,44,44,44,41,36,31,36,36,8,54,50,50,50,50,50,41,41,41,41,41,41,29,39,39,39,35,61,56,56,57,58,59,59,61,61,61,63,63,65,65,63,63,43,72,72,72,83,60],"gold":45,"neow_bonus":"ONE_RARE_RELIC","is_prod":false,"is_daily":false,"chose_seed":false,"campfire_upgraded":7,"win_rate":0,"timestamp":1554018246,"path_taken":["M","?","?","M","M","R","M","?","T","R","E","?","E","?","R","BOSS","M","$","M","$","?","E","?","E","T","E","?","E","M","?","R","BOSS","M","$","M","M","M","R","?","R","T","M","M","M","$","E","R","BOSS","R","$","E","BOSS"],"build_version":"2019-03-15","purchased_purges":3,"victory":true,"max_hp_per_floor":[71,64,64,64,64,64,64,64,64,64,64,64,64,69,69,69,69,69,69,69,69,69,69,69,69,69,69,69,69,69,69,69,69,69,69,69,71,73,75,75,77,77,77,79,79,81,81,81,81,81,81,81,81,93,93],"card_choices":[{"not_picked":["Scrape","Reinforced Body"],"picked":"Genetic Algorithm","floor":1.0},{"not_picked":["Compile Driver","Turbo"],"picked":"Cold Snap","floor":4.0},{"not_picked":["Beam Cell","Ball Lightning"],"picked":"Coolheaded","floor":5.0},{"not_picked":["Redo","Sunder"],"picked":"Recycle","floor":7.0},{"not_picked":["Chill","Force Field"],"picked":"Fission","floor":8.0},{"not_picked":["Aggregate","Barrage"],"picked":"Darkness","floor":11.0},{"not_picked":["Blizzard","Streamline"],"picked":"Compile Driver","floor":13.0},{"not_picked":["Machine Learning","Core Surge"],"picked":"Echo Form","floor":16.0},{"not_picked":["Compile Driver","Rebound"],"picked":"Conserve Battery","floor":18.0},{"not_picked":["Genetic Algorithm","Skim"],"picked":"Capacitor+1","floor":20.0},{"not_picked":["Steam Power","Leap"],"picked":"Hologram","floor":23.0},{"not_picked":["Barrage","Gash"],"picked":"Fusion","floor":25.0},{"not_picked":["Static Discharge","Force Field"],"picked":"Go for the Eyes+1","floor":27.0},{"not_picked":["Steam","Streamline+1"],"picked":"Biased Cognition+1","floor":28.0},{"not_picked":["Cold Snap","Hello World+1"],"picked":"Compile Driver","floor":29.0},{"not_picked":["Sunder+1","Beam Cell"],"picked":"BootSequence","floor":30.0},{"not_picked":["Reboot","Amplify"],"picked":"Buffer+1","floor":33.0},{"not_picked":["Hello World+1","Gash+1"],"picked":"Glacier","floor":35.0},{"not_picked":["Tempest","Steam Power","Turbo+1"],"picked":"Singing Bowl","floor":37.0},{"not_picked":["Barrage+1","White Noise","FTL+1"],"picked":"Singing Bowl","floor":38},{"not_picked":["Steam Power","Compile Driver+1","Blizzard+1"],"picked":"Singing Bowl","floor":39},{"not_picked":["Ball Lightning","Gash","Sunder"],"picked":"Singing Bowl","floor":41},{"not_picked":["Rebound+1","Loop+1","Auto Shields+1"],"picked":"Singing Bowl","floor":44},{"not_picked":["Rebound+1","Reprogram+1"],"picked":"Echo Form+1","floor":45},{"not_picked":["Coolheaded","Force Field+1","Go for the Eyes+1"],"picked":"Singing Bowl","floor":46},{"not_picked":["Gash","Sweeping Beam"],"picked":"Consume","floor":48},{"not_picked":["Fusion","Storm+1","Stack"],"picked":"Singing Bowl","floor":54}],"player_experience":872270,"relics_obtained":[{"floor":9.0,"key":"Tiny Chest"},{"floor":11.0,"key":"DataDisk"},{"floor":12.0,"key":"Odd Mushroom"},{"floor":13.0,"key":"Happy Flower"},{"floor":23.0,"key":"Blue Candle"},{"floor":25.0,"key":"Bronze Scales"},{"floor":27.0,"key":"Frozen Egg 2"},{"floor":29.0,"key":"Sundial"},{"floor":41,"key":"Emotion Chip"},{"floor":43,"key":"Regal Pillow"},{"floor":48,"key":"Bottled Flame"},{"floor":54,"key":"Pear"}],"event_choices":[{"damage_healed":0.0,"max_hp_gain":0.0,"max_hp_loss":7.0,"gold_gain":0.0,"event_name":"Golden Idol","player_choice":"Lose Max HP","floor":2.0,"gold_loss":0.0,"damage_taken":0.0,"relics_obtained":["Golden Idol"]},{"damage_healed":0.0,"max_hp_gain":0.0,"max_hp_loss":0.0,"gold_gain":0.0,"event_name":"Upgrade Shrine","player_choice":"Upgraded","floor":3.0,"gold_loss":0.0,"damage_taken":0.0,"cards_upgraded":["Genetic Algorithm"]},{"damage_healed":0.0,"max_hp_gain":0.0,"max_hp_loss":0.0,"gold_gain":0.0,"event_name":"Mushrooms","player_choice":"Fought Mushrooms","floor":12.0,"gold_loss":0.0,"damage_taken":0.0},{"damage_healed":0.0,"max_hp_gain":5.0,"max_hp_loss":0.0,"gold_gain":0.0,"event_name":"Big Fish","player_choice":"Donut","floor":14.0,"gold_loss":0.0,"damage_taken":0.0},{"damage_healed":0.0,"max_hp_gain":0.0,"max_hp_loss":0.0,"gold_gain":0.0,"event_name":"Beggar","player_choice":"Ignored","floor":22.0,"gold_loss":0.0,"damage_taken":0.0},{"cards_removed":["Strike_B"],"damage_healed":0.0,"max_hp_gain":0.0,"max_hp_loss":0.0,"gold_gain":0.0,"event_name":"Purifier","player_choice":"Purged","floor":24.0,"gold_loss":0.0,"damage_taken":0.0},{"damage_healed":0.0,"max_hp_gain":0.0,"max_hp_loss":0.0,"gold_gain":0.0,"event_name":"The Mausoleum","player_choice":"Opened","floor":31.0,"gold_loss":0.0,"damage_taken":0.0,"relics_obtained":["Singing Bowl"],"cards_obtained":["Writhe"]},{"damage_healed":0,"gold_gain":0,"player_choice":"Fight","damage_taken":0,"max_hp_gain":0,"max_hp_loss":0,"event_name":"MindBloom","floor":41,"gold_loss":0}],"is_beta":true,"boss_relics":[{"not_picked":["Inserter","Fusion Hammer"],"picked":"Cursed Key"},{"not_picked":["Astrolabe","Orrery"],"picked":"Sozu"}],"items_purged_floors":[21,47,53],"is_endless":false,"potions_floor_spawned":[1,4,12,16,25,27,29,30,37,38,44,45,54],"ascension_level":15}