{"gold_per_floor":[116,116,69,69,84,84,119,119,173,173,190,210,230,246,246,350,350,330,330,245,170,170,201,201,213,237,269,269],"floor_reached":28,"playtime":690,"items_purged":["Strike_B"],"score":254,"play_id":"7d5e0cd3-ed1b-46b3-817b-56e83db8b5cc","local_time":"20190127121355","is_ascension_mode":false,"campfire_choices":[{"data":"Defragment","floor":6,"key":"SMITH"},{"floor":8,"key":"REST"},{"floor":10,"key":"RECALL"},{"floor":15,"key":"REST"},{"floor":24,"key":"REST"}],"neow_cost":"NONE","seed_source_timestamp":327679043464819,"circlet_count":0,"master_deck":["Strike_B","Strike_B","Defend_B","Defend_B","Defend_B","Defend_B","Zap","Dualcast","Static Discharge","Capacitor","Ball Lightning","Consume","Defragment+1","Self Repair","Static Discharge","Machine Learning","Storm"],"relics":["Cracked Core","Bottled Flame","Odd Mushroom","Velvet Choker","Art of War","Regal Pillow","Centennial Puzzle","Calipers"],"potions_floor_usage":[23],"damage_taken":[{"damage":1,"enemies":"Cultist","floor":1,"turns":3},{"damage":6,"enemies":"Jaw Worm","floor":5,"turns":3},{"damage":26,"enemies":"Lagavulin","floor":7,"turns":5},{"damage":1,"enemies":"2 Louse","floor":11,"turns":2},{"damage":5,"enemies":"Looter","floor":12,"turns":2},{"damage":22,"enemies":"The Mushroom Lair","floor":13,"turns":3},{"damage":6,"enemies":"2 Fungi Beasts","floor":14,"turns":3},{"damage":26,"enemies":"The Guardian","floor":16,"turns":8},{"damage":30,"enemies":"2 Thieves","floor":18,"turns":4},{"damage":49,"enemies":"Slavers","floor":23,"turns":4},{"damage":5,"enemies":"Spheric Guardian","floor":25,"turns":3},{"damage":30,"enemies":"Gremlin Leader","floor":27,"turns":5},{"damage":18,"enemies":"3 Cultists","floor":28,"turns":3}],"seed_played":"-7643189294435327360","potions_obtained":[{"floor":7,"key":"FearPotion"},{"floor":11,"key":"Poison Potion"},{"floor":12,"key":"FearPotion"},{"floor":23,"key":"Dexterity Potion"}],"is_trial":false,"path_per_floor":["M","?","$","?","M","R","E","R","T","R","M","M","?","M","R","B",null,"M","?","?","$","?","E","R","M","T","E","M"],"character_chosen":"DEFECT","items_purchased":["Ball Lightning"],"campfire_rested":3,"item_purchase_floors":[3],"current_hp_per_floor":[74,74,74,74,68,68,42,64,64,64,63,58,36,37,59,40,75,52,52,52,52,52,10,47,49,49,26,8],"gold":269,"neow_bonus":"THREE_CARDS","is_prod":false,"is_daily":false,"chose_seed":false,"campfire_upgraded":1,"win_rate":0,"timestamp":1548609235,"path_taken":["M","?","$","?","M","R","E","R","T","R","M","M","?","M","R","BOSS","M","?","?","$","?","E","R","M","T","E","?"],"build_version":"2019-01-23","purchased_purges":1,"victory":false,"max_hp_per_floor":[75,75,75,75,75,75,75,75,75,75,75,75,75,75,75,75,75,75,75,75,75,75,75,75,75,75,75,75],"card_choices":[{"not_picked":["Conserve Battery","Go for the Eyes"],"picked":"Static Discharge","floor":0},{"not_picked":["Cold Snap","Heatsinks"],"picked":"Capacitor","floor":1},{"not_picked":["Redo","Rebound"],"picked":"Defragment","floor":5},{"not_picked":["Barrage","Rip and Tear","Skim"],"picked":"SKIP","floor":7},{"not_picked":["Coolheaded","Conserve Battery"],"picked":"Self Repair","floor":11},{"not_picked":["Barrage","Hello World"],"picked":"Static Discharge","floor":12},{"not_picked":["Auto Shields","Tempest"],"picked":"Machine Learning","floor":13},{"not_picked":["Cold Snap","Rebound","Hologram"],"picked":"SKIP","floor":14},{"not_picked":["Steam","Reinforced Body","Force Field"],"picked":"SKIP","floor":18},{"not_picked":["Chaos","Coolheaded","Redo"],"picked":"SKIP","floor":23},{"not_picked":["Cold Snap","Beam Cell","Streamline"],"picked":"SKIP","floor":25},{"not_picked":["Go for the Eyes","Compile Driver+1","Barrage+1"],"picked":"SKIP","floor":27}],"player_experience":162926,"relics_obtained":[{"floor":7,"key":"Bottled Flame"},{"floor":13,"key":"Odd Mushroom"},{"floor":23,"key":"Regal Pillow"},{"floor":26,"key":"Centennial Puzzle"},{"floor":27,"key":"Calipers"}],"event_choices":[{"damage_healed":0,"gold_gain":0,"player_choice":"Ignored","damage_taken":0,"max_hp_gain":0,"max_hp_loss":0,"event_name":"Liars Game","floor":2,"gold_loss":0},{"damage_healed":0,"gold_gain":0,"cards_transformed":["Strike_B"],"player_choice":"Change","damage_taken":0,"max_hp_gain":0,"max_hp_loss":0,"event_name":"Living Wall","floor":4,"gold_loss":0,"cards_obtained":["Consume"]},{"damage_healed":0,"gold_gain":0,"player_choice":"Fought Mushrooms","damage_taken":0,"max_hp_gain":0,"max_hp_loss":0,"event_name":"Mushrooms","floor":13,"gold_loss":0},{"damage_healed":0,"gold_gain":0,"player_choice":"Read","damage_taken":0,"max_hp_gain":0,"max_hp_loss":0,"event_name":"The Library","floor":19,"gold_loss":0,"cards_obtained":["Storm"]},{"damage_healed":0,"gold_gain":0,"player_choice":"Obtained Relic","damage_taken":0,"relics_obtained":["Art of War"],"max_hp_gain":0,"max_hp_loss":0,"event_name":"Addict","floor":20,"gold_loss":85},{"damage_healed":0,"gold_gain":0,"player_choice":"Ignored","damage_taken":0,"max_hp_gain":0,"max_hp_loss":0,"event_name":"NoteForYourself","floor":22,"gold_loss":0}],"is_beta":false,"boss_relics":[{"not_picked":["Snecko Eye","Runic Pyramid"],"picked":"Velvet Choker"}],"items_purged_floors":[21],"is_endless":false,"potions_floor_spawned":[7,11,12,13,23,25,27],"killed_by":"3 Cultists","ascension_level":0}