{"gold_per_floor":[112,123,31,41,41,41,54,54,54,74,103,115,137,0,0,101,101,111,121,137,162,182,182,212,223,223,237,237,237,262,310,310,408,408,421,421,421,296,313,313,326,343,369,399,414,446,89,89,89,89],"floor_reached":51,"playtime":2291,"items_purged":[],"score":1118,"play_id":"d674eb0e-a3ea-475a-a2f4-dfc7043bbd9a","local_time":"20190125131805","daily_mods":["SealedDeck","Vintage","Heirloom","Time Dilation"],"is_ascension_mode":false,"campfire_choices":[{"data":"Masterful Stab","floor":6,"key":"SMITH"},{"data":"Blade Dance","floor":8,"key":"SMITH"},{"data":"Footwork","floor":12,"key":"SMITH"},{"data":"Footwork","floor":15,"key":"SMITH"},{"data":"Adrenaline","floor":23,"key":"SMITH"},{"data":"Venomology","floor":28,"key":"SMITH"},{"data":"Burst","floor":32,"key":"SMITH"},{"data":"A Thousand Cuts","floor":40,"key":"SMITH"},{"data":"Panache","floor":49,"key":"SMITH"}],"neow_cost":"","seed_source_timestamp":4869104579652943,"circlet_count":0,"master_deck":["Slice","Footwork+1","Dodge and Roll+1","Cloak And Dagger+1","Dodge and Roll","Dodge and Roll","Footwork+1","Footwork","Deflect+1","Deflect","Blade Dance+1","Masterful Stab+1","Adrenaline+1","Blur+1","Venomology+1","Burst+1","A Thousand Cuts+1","Panache+1","Backstab","Deflect","Slice+1","Apotheosis+1","Masterful Stab+1","Dramatic Entrance+1"],"relics":["Unceasing Top","Prayer Wheel","Gremlin Horn","FossilizedHelix","Centennial Puzzle","Mercury Hourglass","Art of War","MawBank","Oddly Smooth Stone","Smiling Mask","War Paint","Lizard Tail","Lantern","Bottled Tornado","Pen Nib","Red Mask","PreservedInsect","Bottled Flame","Meat on the Bone","Omamori","Thread and Needle","Ancient Tea Set","Tiny Chest","Black Star","Potion Belt","Matryoshka","Mango","Orichalcum","Letter Opener","Snake Skull","Toxic Egg 2","Bag of Preparation","Dream Catcher","Pear","Molten Egg 2","Bronze Scales","Tingsha"],"potions_floor_usage":[25,33,35,50,50],"damage_taken":[{"damage":0,"enemies":"Small Slimes","floor":1,"turns":6},{"damage":0,"enemies":"Cultist","floor":2,"turns":7},{"damage":0,"enemies":"Jaw Worm","floor":4,"turns":3},{"damage":0,"enemies":"3 Louse","floor":7,"turns":1},{"damage":0,"enemies":"Exordium Wildlife","floor":10,"turns":2},{"damage":0,"enemies":"Looter","floor":11,"turns":2},{"damage":0,"enemies":"Blue Slaver","floor":13,"turns":2},{"damage":0,"enemies":"Slime Boss","floor":16,"turns":5},{"damage":0,"enemies":"Shell Parasite","floor":18,"turns":3},{"damage":0,"enemies":"2 Thieves","floor":19,"turns":2},{"damage":0,"enemies":"Sentry and Sphere","floor":20,"turns":6},{"damage":0,"enemies":"Masked Bandits","floor":21,"turns":2},{"damage":0,"enemies":"Snake Plant","floor":22,"turns":3},{"damage":0,"enemies":"Slavers","floor":24,"turns":3},{"damage":0,"enemies":"Snecko","floor":25,"turns":5},{"damage":0,"enemies":"Shelled Parasite and Fungi","floor":27,"turns":3},{"damage":0,"enemies":"Book of Stabbing","floor":30,"turns":3},{"damage":0,"enemies":"Snake Plant","floor":31,"turns":3},{"damage":0,"enemies":"Champ","floor":33,"turns":10},{"damage":0,"enemies":"3 Darklings","floor":35,"turns":3},{"damage":0,"enemies":"3 Shapes","floor":39,"turns":2},{"damage":0,"enemies":"Maw","floor":41,"turns":6},{"damage":0,"enemies":"3 Darklings","floor":42,"turns":3},{"damage":0,"enemies":"Reptomancer","floor":44,"turns":2},{"damage":0,"enemies":"Writhing Mass","floor":45,"turns":4},{"damage":0,"enemies":"Nemesis","floor":46,"turns":3},{"damage":0,"enemies":"Donu and Deca","floor":50,"turns":8}],"seed_played":"7598481966814648153","potions_obtained":[{"floor":2,"key":"Swift Potion"},{"floor":4,"key":"Ancient Potion"},{"floor":13,"key":"Dexterity Potion"},{"floor":19,"key":"Weak Potion"},{"floor":31,"key":"PowerPotion"},{"floor":41,"key":"Swift Potion"}],"is_trial":true,"path_per_floor":["M","M","$","M","?","R","M","R","T","M","M","R","M","$","R","B",null,"M","M","M","?","M","R","E","M","T","M","R","?","E","M","R","B",null,"M","?","?","$","M","R","M","M","T","E","M","E","$","T","R","B",null],"character_chosen":"THE_SILENT","items_purchased":["Blade Dance","Masterful Stab","War Paint","Backstab","Deflect","Apotheosis+1","Masterful Stab+1","Dramatic Entrance+1"],"campfire_rested":0,"item_purchase_floors":[3,3,14,38,38,47,47,47],"current_hp_per_floor":[1,1,1,1,1,1,1,1,1,1,1,1,1,1,1,1,1,1,1,1,1,1,1,1,1,1,1,1,1,1,1,1,1,1,1,1,1,1,1,1,15,15,15,15,15,25,25,25,25,25],"gold":89,"neow_bonus":"","is_prod":false,"is_daily":false,"chose_seed":false,"campfire_upgraded":9,"win_rate":0,"timestamp":1548440285,"path_taken":["M","M","$","M","?","R","M","R","T","?","M","R","?","?","R","BOSS","M","M","M","?","M","R","E","M","T","M","R","?","E","M","R","BOSS","M","?","?","$","M","R","M","M","T","E","M","E","$","?","R","BOSS"],"build_version":"2019-01-23","purchased_purges":0,"victory":true,"max_hp_per_floor":[1,1,1,1,1,1,1,1,1,1,1,1,1,1,1,1,1,1,1,1,1,1,1,1,1,1,1,1,1,1,1,1,1,1,1,1,1,1,1,1,15,15,15,15,15,25,25,25,25,25],"card_choices":[{"not_picked":["Storm of Steel","Corpse Explosion"],"picked":"Adrenaline","floor":16},{"not_picked":["Blade Dance+1","Sucker Punch"],"picked":"Blur+1","floor":21},{"not_picked":["Deadly Poison+1","Backflip"],"picked":"Venomology","floor":24},{"not_picked":["Dodge and Roll","PiercingWail"],"picked":"Burst","floor":30},{"not_picked":["Malaise","Wraith Form v2"],"picked":"A Thousand Cuts","floor":33},{"not_picked":["Finesse","Trip"],"picked":"Panache","floor":36},{"not_picked":["Dagger Throw+1","Outmaneuver+1","Cloak And Dagger"],"picked":"SKIP","floor":44},{"not_picked":["Catalyst+1","Underhanded Strike"],"picked":"Slice","floor":46}],"player_experience":672273,"relics_obtained":[{"floor":1,"key":"Gremlin Horn"},{"floor":2,"key":"FossilizedHelix"},{"floor":4,"key":"Centennial Puzzle"},{"floor":7,"key":"Mercury Hourglass"},{"floor":9,"key":"Art of War"},{"floor":10,"key":"MawBank"},{"floor":11,"key":"Oddly Smooth Stone"},{"floor":13,"key":"Smiling Mask"},{"floor":18,"key":"Lantern"},{"floor":19,"key":"Bottled Tornado"},{"floor":20,"key":"Pen Nib"},{"floor":21,"key":"Red Mask"},{"floor":22,"key":"PreservedInsect"},{"floor":24,"key":"Bottled Flame"},{"floor":25,"key":"Meat on the Bone"},{"floor":26,"key":"Omamori"},{"floor":27,"key":"Thread and Needle"},{"floor":30,"key":"Ancient Tea Set"},{"floor":31,"key":"Tiny Chest"},{"floor":35,"key":"Potion Belt"},{"floor":39,"key":"Matryoshka"},{"floor":41,"key":"Mango"},{"floor":42,"key":"Orichalcum"},{"floor":43,"key":"Letter Opener"},{"floor":43,"key":"Snake Skull"},{"floor":44,"key":"Toxic Egg 2"},{"floor":44,"key":"Bag of Preparation"},{"floor":45,"key":"Dream Catcher"},{"floor":46,"key":"Pear"},{"floor":46,"key":"Molten Egg 2"},{"floor":48,"key":"Bronze Scales"},{"floor":48,"key":"Tingsha"}],"event_choices":[{"damage_healed":0,"gold_gain":0,"player_choice":"Upgraded","damage_taken":0,"max_hp_gain":0,"max_hp_loss":0,"event_name":"Upgrade Shrine","floor":5,"gold_loss":0,"cards_upgraded":["Cloak And Dagger"]},{"damage_healed":0,"gold_gain":0,"player_choice":"Fought Bandits","damage_taken":0,"max_hp_gain":0,"max_hp_loss":0,"event_name":"Masked Bandits","floor":21,"gold_loss":0},{"damage_healed":0,"gold_gain":0,"player_choice":"Ignored","damage_taken":0,"max_hp_gain":0,"max_hp_loss":0,"event_name":"Vampires","floor":29,"gold_loss":0},{"damage_healed":0,"gold_gain":0,"player_choice":"Memory 1","damage_taken":0,"max_hp_gain":0,"max_hp_loss":0,"event_name":"SensoryStone","floor":36,"gold_loss":0},{"damage_healed":0,"gold_gain":0,"player_choice":"Max HP","damage_taken":0,"max_hp_gain":0,"max_hp_loss":0,"event_name":"Winding Halls","floor":37,"gold_loss":0}],"is_beta":true,"boss_relics":[{"not_picked":["Eternal Feather","White Beast Statue"],"picked":"Lizard Tail"},{"not_picked":["Calling Bell","Velvet Choker"],"picked":"Black Star"}],"items_purged_floors":[],"is_endless":false,"potions_floor_spawned":[2,4,13,19,21,25,27,31,41,42,44,45],"ascension_level":0}