{"gold_per_floor":[114,114,133,152,171,209,209,247,247,285,285,35,54,73,73,198,198,217,236,161,180,199,537,537,575,600,25,44,82,101,120,120,245,245,264,264,283,302,50,88,88,126,151,189,208,227,0,38,38,38],"floor_reached":51,"playtime":4000,"items_purged":["Strike_G","Strike_G"],"score":951,"play_id":"78a26f46-c1a2-4f5d-b409-f8ad3e99e2ec","local_time":"20180713183349","daily_mods":["Heirloom","Elite Swarm","Binary"],"is_ascension_mode":false,"campfire_choices":[{"floor":7,"key":"REST"},{"data":"Neutralize","floor":15,"key":"SMITH"},{"floor":24,"key":"REST"},{"floor":32,"key":"REST"},{"floor":41,"key":"REST"},{"floor":49,"key":"REST"}],"neow_cost":"","seed_source_timestamp":100521488779703,"circlet_count":0,"master_deck":["Defend_G","Defend_G","Defend_G+1","Defend_G+1","Defend_G","Strike_G","Strike_G","Survivor","Neutralize+1","Dagger Spray","Dagger Throw","PiercingWail","Well Laid Plans","After Image","Glass Knife","Noxious Fumes","After Image","Acrobatics","Deflect","Corpse Explosion","Malaise","Die Die Die","Deadly Poison+1","Deflect","Burst","Dagger Spray+1","Skewer","Adrenaline","After Image","Dodge and Roll+1","Cloak And Dagger","Catalyst"],"special_seed":17725,"relics":["Ring of the Snake","Bird Faced Urn","Golden Idol","Regal Pillow","Bag of Preparation","Shuriken","Ginger","Paper Crane","Fusion Hammer","Old Coin","Matryoshka","Dream Catcher","Centennial Puzzle","Dead Branch","TwistedFunnel","War Paint","Anchor","Oddly Smooth Stone","Boot","Snake Skull","The Specimen","Red Mask","Gremlin Horn"],"potions_floor_usage":[6,6,16,17,25,44,50,50],"damage_taken":[{"damage":0,"enemies":"2 Louse","floor":1,"turns":3},{"damage":0,"enemies":"Jaw Worm","floor":3,"turns":5},{"damage":0,"enemies":"Cultist","floor":4,"turns":4},{"damage":13,"enemies":"Large Slime","floor":5,"turns":9},{"damage":32,"enemies":"Lagavulin","floor":6,"turns":12},{"damage":28,"enemies":"Gremlin Nob","floor":8,"turns":5},{"damage":16,"enemies":"3 Sentries","floor":10,"turns":7},{"damage":0,"enemies":"2 Fungi Beasts","floor":13,"turns":3},{"damage":0,"enemies":"Looter","floor":14,"turns":3},{"damage":7,"enemies":"Hexaghost","floor":16,"turns":11},{"damage":2,"enemies":"Shell Parasite","floor":18,"turns":5},{"damage":0,"enemies":"3 Byrds","floor":19,"turns":5},{"damage":6,"enemies":"Sentry and Sphere","floor":21,"turns":7},{"damage":0,"enemies":"Chosen and Byrds","floor":22,"turns":7},{"damage":12,"enemies":"Gremlin Leader","floor":23,"turns":11},{"damage":0,"enemies":"Book of Stabbing","floor":25,"turns":7},{"damage":0,"enemies":"Centurion and Healer","floor":28,"turns":4},{"damage":2,"enemies":"Slavers","floor":29,"turns":2},{"damage":0,"enemies":"Snecko","floor":30,"turns":6},{"damage":3,"enemies":"Snake Plant","floor":31,"turns":3},{"damage":0,"enemies":"Champ","floor":33,"turns":13},{"damage":0,"enemies":"3 Darklings","floor":35,"turns":2},{"damage":5,"enemies":"3 Shapes","floor":37,"turns":3},{"damage":2,"enemies":"3 Darklings","floor":38,"turns":3},{"damage":0,"enemies":"Nemesis","floor":40,"turns":9},{"damage":26,"enemies":"Giant Head","floor":42,"turns":10},{"damage":4,"enemies":"2 Orb Walkers","floor":44,"turns":3},{"damage":8,"enemies":"Sphere and 2 Shapes","floor":45,"turns":4},{"damage":0,"enemies":"4 Shapes","floor":46,"turns":3},{"damage":4,"enemies":"Nemesis","floor":48,"turns":7},{"damage":15,"enemies":"Awakened One","floor":50,"turns":17}],"seed_played":"5986081896675769642","potions_obtained":[{"floor":1,"key":"Ancient Potion"},{"floor":3,"key":"Weak Potion"},{"floor":10,"key":"SpeedPotion"},{"floor":13,"key":"Ancient Potion"},{"floor":14,"key":"SteroidPotion"},{"floor":16,"key":"Fruit Juice"},{"floor":19,"key":"GhostInAJar"},{"floor":25,"key":"PowerPotion"},{"floor":44,"key":"EssenceOfSteel"},{"floor":45,"key":"Block Potion"}],"is_trial":false,"path_per_floor":["M","?","M","M","M","E","R","E","T","E","?","$","M","M","R","B",null,"M","M","?","M","M","E","R","E","T","$","M","E","M","M","R","B",null,"M","?","M","M","$","E","R","E","T","E","M","M","?","E","R","B"],"character_chosen":"THE_SILENT","items_purchased":["Paper Crane","Dead Branch","TwistedFunnel","Adrenaline"],"campfire_rested":5,"item_purchase_floors":[12,27,27,39],"current_hp_per_floor":[70,53,53,53,40,10,46,20,20,8,8,8,10,14,14,13,75,75,75,75,71,75,67,75,75,75,75,75,75,75,72,75,75,75,75,75,70,74,74,75,75,51,51,55,57,65,65,71,75,64],"gold":38,"neow_bonus":"","is_prod":false,"is_daily":true,"chose_seed":false,"campfire_upgraded":1,"win_rate":0,"timestamp":1531487029,"path_taken":["M","?","M","?","M","E","R","E","T","E","?","$","?","M","R","BOSS","M","?","?","M","M","E","R","E","T","$","M","E","M","M","R","BOSS","M","?","M","M","$","E","R","E","T","E","M","M","?","E","R","BOSS"],"build_version":"2018-07-12","purchased_purges":2,"victory":true,"max_hp_per_floor":[70,70,70,70,70,70,70,70,70,70,70,70,70,70,70,70,75,75,75,75,75,75,75,75,75,75,75,75,75,75,75,75,75,75,75,75,75,75,75,75,75,75,75,75,75,75,75,75,75,75],"card_choices":[{"not_picked":["Accuracy"],"picked":"Dagger Spray","floor":1},{"not_picked":["Masterful Stab"],"picked":"Dagger Throw","floor":3},{"not_picked":["Poisoned Stab"],"picked":"PiercingWail","floor":4},{"not_picked":["Venomology"],"picked":"Well Laid Plans","floor":5},{"not_picked":["Venomology","Bullet Time"],"picked":"SKIP","floor":6},{"not_picked":["Phantasmal Killer"],"picked":"After Image","floor":8},{"not_picked":["Burst"],"picked":"Glass Knife","floor":10},{"not_picked":["Dagger Spray"],"picked":"Noxious Fumes","floor":13},{"not_picked":["Reflex","Quick Slash"],"picked":"SKIP","floor":14},{"not_picked":["Grand Finale"],"picked":"After Image","floor":16},{"not_picked":["Dagger Throw"],"picked":"Acrobatics","floor":18},{"not_picked":["Flechettes","Deadly Poison"],"picked":"SKIP","floor":19},{"not_picked":["Poisoned Stab"],"picked":"Deflect","floor":21},{"not_picked":["Reflex","All Out Attack"],"picked":"SKIP","floor":22},{"not_picked":["Storm of Steel","Envenom"],"picked":"SKIP","floor":23},{"not_picked":["Phantasmal Killer"],"picked":"Corpse Explosion","floor":25},{"not_picked":["Reflex"],"picked":"Malaise","floor":28},{"not_picked":["Bullet Time"],"picked":"Die Die Die","floor":29},{"not_picked":["Underhanded Strike","Prepared"],"picked":"SKIP","floor":30},{"not_picked":["Caltrops"],"picked":"Deadly Poison+1","floor":31},{"not_picked":["Poisoned Stab+1"],"picked":"Deflect","floor":32},{"not_picked":["Unload"],"picked":"Burst","floor":33},{"not_picked":["Predator"],"picked":"Dagger Spray+1","floor":35},{"not_picked":["Setup+1"],"picked":"Skewer","floor":37},{"not_picked":["Reflex","Flechettes+1"],"picked":"SKIP","floor":38},{"not_picked":["Bullet Time","Unload"],"picked":"SKIP","floor":40},{"not_picked":["Phantasmal Killer","Glass Knife"],"picked":"SKIP","floor":42},{"not_picked":["Storm of Steel"],"picked":"After Image","floor":44},{"not_picked":["Finisher"],"picked":"Dodge and Roll+1","floor":45},{"not_picked":["Poisoned Stab"],"picked":"Cloak And Dagger","floor":46},{"not_picked":["Envenom","Tools of the Trade"],"picked":"SKIP","floor":48},{"not_picked":["Finisher"],"picked":"Catalyst","floor":49}],"player_experience":181937,"relics_obtained":[{"floor":6,"key":"Regal Pillow"},{"floor":8,"key":"Bag of Preparation"},{"floor":9,"key":"Shuriken"},{"floor":10,"key":"Ginger"},{"floor":23,"key":"Old Coin"},{"floor":25,"key":"Matryoshka"},{"floor":26,"key":"Dream Catcher"},{"floor":26,"key":"Centennial Puzzle"},{"floor":29,"key":"War Paint"},{"floor":40,"key":"Anchor"},{"floor":42,"key":"Oddly Smooth Stone"},{"floor":43,"key":"Boot"},{"floor":43,"key":"Snake Skull"},{"floor":44,"key":"The Specimen"},{"floor":48,"key":"Gremlin Horn"}],"event_choices":[{"event_name":"Golden Idol","player_choice":"Take Damage","floor":2,"damage_taken":0},{"event_name":"Golden Wing","player_choice":"Ignored","floor":11,"damage_taken":0},{"event_name":"Beggar","player_choice":"Gave Gold","floor":20,"damage_taken":0},{"event_name":"Mysterious Sphere","player_choice":"Ignore","floor":36,"damage_taken":0},{"event_name":"Tomb of Lord Red Mask","player_choice":"Paid","floor":47,"damage_taken":0}],"boss_relics":[{"not_picked":["Calling Bell","Pandora\u0027s Box"],"picked":"Fusion Hammer"},{"not_picked":["HoveringKite","Snecko Eye","Sozu"]}],"items_purged_floors":[27,39],"is_endless":false,"potions_floor_spawned":[1,3,10,13,14,16,19,25,28,29,30,35,40,44,45,46],"ascension_level":0}