{"path_per_floor":["M","M","T","M","M","R","M","R","T","?","R","M","M","M","R","B",null,"M","?","?","M","?"],"character_chosen":"IRONCLAD","items_purchased":[],"gold_per_floor":[18,37,37,57,77,77,91,91,91,114,114,133,144,160,160,259,259,269,269,269,287,287],"floor_reached":23,"campfire_rested":0,"playtime":1957,"current_hp_per_floor":[52,55,55,58,50,50,55,55,55,59,59,67,76,80,80,76,79,78,63,47,55,55],"items_purged":[],"gold":287,"play_id":"5831f71e-32db-43e9-a531-bee03cabc56d","is_prod":false,"is_daily":false,"is_ascension_mode":true,"campfire_upgraded":4,"path_taken":["M","?","?","?","M","R","M","R","T","?","R","M","M","?","R","BOSS","M","?","?","M","?","E"],"build_version":"2018-02-01-PROD3","purchased_purges":0,"victory":false,"master_deck":["Strike_R","Strike_R","Strike_R","Strike_R","Strike_R","Defend_R","Defend_R","Defend_R","Defend_R","Bash","Flame Barrier+1","True Grit+1","Intimidate","Power Through","Body Slam+1","Shrug It Off","Wild Strike","Feel No Pain+1","Impervious","Feel No Pain","Swift Strike"],"max_hp_per_floor":[80,80,80,80,80,80,80,80,80,80,80,80,80,80,80,80,80,80,85,85,85,85],"relics":["Burning Blood","Sundial","Magic Flower","Bronze Scales","Odd Mushroom","Black Star"],"card_choices":[{"not_picked":["Headbutt","Iron Wave"],"picked":"Flame Barrier"},{"not_picked":["Ghostly Armor","Perfected Strike"],"picked":"True Grit"},{"not_picked":["Heavy Blade","Sword Boomerang"],"picked":"Intimidate"},{"not_picked":["Headbutt","Burning Pact"],"picked":"Power Through"},{"not_picked":["Wild Strike","Perfected Strike"],"picked":"Body Slam"},{"not_picked":["Pommel Strike","Spot Weakness"],"picked":"Shrug It Off"},{"not_picked":["Anger","Spot Weakness"],"picked":"Wild Strike"},{"not_picked":["Power Through","Uppercut"],"picked":"Feel No Pain"},{"not_picked":["Feed","Berserk"],"picked":"Impervious"},{"not_picked":["Pummel","Disarm"],"picked":"Feel No Pain"}],"player_experience":267901,"potions_floor_usage":[23,23],"damage_taken":[{"damage":26.0,"enemies":"Blue Slaver","floor":1.0,"turns":3.0},{"damage":3.0,"enemies":"2 Louse","floor":2.0,"turns":4.0},{"damage":6.0,"enemies":"Cultist","floor":4.0,"turns":3.0},{"damage":17.0,"enemies":"Looter","floor":5.0,"turns":3.0},{"damage":4.0,"enemies":"Red Slaver","floor":7.0,"turns":5.0},{"damage":5.0,"enemies":"The Mushroom Lair","floor":10.0,"turns":6.0},{"damage":1.0,"enemies":"Exordium Wildlife","floor":12.0,"turns":5.0},{"damage":0.0,"enemies":"Looter","floor":13.0,"turns":4.0},{"damage":0.0,"enemies":"2 Fungi Beasts","floor":14.0,"turns":3.0},{"damage":13.0,"enemies":"Slime Boss","floor":16.0,"turns":13.0},{"damage":10.0,"enemies":"3 Byrds","floor":18.0,"turns":5.0},{"damage":1.0,"enemies":"Shell Parasite","floor":21.0,"turns":6.0},{"damage":62,"enemies":"Gremlin Leader","floor":23,"turns":9}],"event_choices":[{"event_name":"Mushrooms","player_choice":"Fought Mushrooms","floor":10.0,"damage_taken":0.0},{"event_name":"Forgotten Altar","player_choice":"Shed Blood","floor":19.0,"damage_taken":0.0},{"event_name":"Knowing Skull","player_choice":"CARD ","floor":20.0,"damage_taken":0.0},{"event_name":"Cursed Tome","player_choice":"Ignored","floor":22.0,"damage_taken":0.0}],"boss_relics":[],"potions_floor_spawned":[1,5,10,12,14],"seed_played":"-616087025749101447","killed_by":"Gremlin Leader","ascension_level":8,"is_trial":false}