{"gold_per_floor":[111,111,124,138,138,138,153,179,179,190,220,220,66,81,81,177,177,192,209,14,14,26,26,26,39,39,70,70,95,108,108,108,108],"floor_reached":33,"playtime":3185,"items_purged":["Strike_B","Strike_B"],"score":371,"play_id":"f985010e-e108-4d7c-99cd-b509c6bbe960","local_time":"20180719105819","is_ascension_mode":true,"campfire_choices":[{"data":"Zap","floor":6,"key":"SMITH"},{"data":"Consume","floor":12,"key":"SMITH"},{"data":"Defragment","floor":15,"key":"SMITH"},{"data":"Biased Cognition","floor":23,"key":"SMITH"},{"floor":28,"key":"REST"},{"data":"Loop","floor":32,"key":"SMITH"}],"neow_cost":"","seed_source_timestamp":1092785917741,"circlet_count":0,"master_deck":["Strike_B","Defend_B","Defend_B","Defend_B","Defend_B","Zap+1","Dualcast","Leap","Go for the Eyes","Ball Lightning","White Noise","FTL","Core Surge","Consume+1","Defragment+1","Melter","Electrodynamics","Coolheaded+1","Hologram","Conserve Battery","Biased Cognition+1","Force Field","Necronomicurse","Loop+1","Reinforced Body+1","Coolheaded+1","Writhe"],"relics":["Cracked Core","Bag of Marbles","Meat on the Bone","Pen Nib","Happy Flower","Runic Dome","Necronomicon","Nunchaku","Toxic Egg 2","Bronze Scales","Vajra"],"potions_floor_usage":[8,27,29],"damage_taken":[{"damage":6,"enemies":"Cultist","floor":1,"turns":4},{"damage":7,"enemies":"Small Slimes","floor":3,"turns":3},{"damage":0,"enemies":"Jaw Worm","floor":4,"turns":2},{"damage":2,"enemies":"3 Louse","floor":7,"turns":3},{"damage":27,"enemies":"Gremlin Nob","floor":8,"turns":4},{"damage":0,"enemies":"Large Slime","floor":10,"turns":5},{"damage":4,"enemies":"3 Sentries","floor":11,"turns":2},{"damage":0,"enemies":"Blue Slaver","floor":14,"turns":2},{"damage":20,"enemies":"The Guardian","floor":16,"turns":9},{"damage":9,"enemies":"Shell Parasite","floor":18,"turns":3},{"damage":0,"enemies":"3 Byrds","floor":19,"turns":2},{"damage":0,"enemies":"Centurion and Healer","floor":22,"turns":4},{"damage":13,"enemies":"Snecko","floor":25,"turns":4},{"damage":27,"enemies":"Book of Stabbing","floor":27,"turns":5},{"damage":44,"enemies":"Slavers","floor":29,"turns":4},{"damage":13,"enemies":"Snake Plant","floor":30,"turns":3},{"damage":16,"enemies":"Champ","floor":33,"turns":1}],"seed_played":"-1754649426693913373","potions_obtained":[{"floor":4,"key":"FocusPotion"},{"floor":7,"key":"Weak Potion"},{"floor":16,"key":"Poison Potion"},{"floor":18,"key":"Energy Potion"},{"floor":27,"key":"FearPotion"},{"floor":30,"key":"SteroidPotion"}],"is_trial":false,"path_per_floor":["M","?","M","M","?","R","M","E","T","M","E","R","$","M","R","B",null,"M","M","$","?","M","R","?","M","T","E","R","E","M","?","R"],"character_chosen":"DEFECT","items_purchased":["Defragment","Hologram","Conserve Battery"],"campfire_rested":1,"item_purchase_floors":[13,20,20],"current_hp_per_floor":[69,66,59,59,52,52,50,23,23,35,43,43,43,43,43,35,65,56,56,56,56,56,56,40,39,39,24,46,14,13,13,13,0],"gold":108,"neow_bonus":"","is_prod":false,"is_daily":false,"chose_seed":false,"campfire_upgraded":5,"win_rate":0,"timestamp":1531978099,"path_taken":["M","?","M","M","?","R","M","E","T","M","E","R","?","M","R","BOSS","M","M","$","?","M","R","?","M","T","E","R","E","?","?","R","BOSS"],"build_version":"2018-07-17","purchased_purges":2,"victory":false,"max_hp_per_floor":[75,75,75,75,75,75,75,75,75,75,75,75,75,75,75,75,75,75,75,75,75,75,75,75,75,75,75,75,75,75,75,75,75],"card_choices":[{"not_picked":["Stack","Go for the Eyes"],"picked":"Leap","floor":1},{"not_picked":["Blizzard","Doom and Gloom"],"picked":"Go for the Eyes","floor":3},{"not_picked":["Turbo","Beam Cell"],"picked":"Ball Lightning","floor":4},{"not_picked":["Go for the Eyes","Compile Driver"],"picked":"White Noise","floor":7},{"not_picked":["Gash","Rebound"],"picked":"FTL","floor":8},{"not_picked":["Beam Cell","Stack"],"picked":"Core Surge","floor":10},{"not_picked":["Double Energy","Conserve Battery"],"picked":"Consume","floor":11},{"not_picked":["Beam Cell","Double Energy"],"picked":"Melter","floor":14},{"not_picked":["Seek","All For One"],"picked":"Electrodynamics","floor":16},{"not_picked":["Genetic Algorithm+1","Static Discharge","Streamline+1"],"picked":"SKIP","floor":18},{"not_picked":["Genetic Algorithm+1","Static Discharge","Streamline+1"],"picked":"SKIP","floor":18},{"not_picked":["Barrage","Go for the Eyes"],"picked":"Coolheaded+1","floor":19},{"not_picked":["Cold Snap","Heatsinks"],"picked":"Force Field","floor":22},{"not_picked":["Chaos+1","Leap"],"picked":"Loop","floor":25},{"not_picked":["Skim","Chill"],"picked":"Reinforced Body","floor":27},{"not_picked":["Sweeping Beam","Tempest+1","Blizzard"],"picked":"SKIP","floor":29},{"not_picked":["Sweeping Beam","Reinforced Body+1"],"picked":"Coolheaded+1","floor":30}],"player_experience":276611,"relics_obtained":[{"floor":8,"key":"Meat on the Bone"},{"floor":9,"key":"Pen Nib"},{"floor":11,"key":"Happy Flower"},{"floor":24,"key":"Necronomicon"},{"floor":26,"key":"Nunchaku"},{"floor":27,"key":"Toxic Egg 2"},{"floor":29,"key":"Bronze Scales"}],"event_choices":[{"event_name":"Scrap Ooze","player_choice":"success","floor":2,"damage_taken":3},{"event_name":"Golden Wing","player_choice":"Card Removal","floor":5,"damage_taken":0},{"event_name":"The Library","player_choice":"Read","floor":21,"damage_taken":0},{"event_name":"Cursed Tome","player_choice":"Obtained Book","floor":24,"damage_taken":0},{"event_name":"The Mausoleum","player_choice":"Yes","floor":31,"damage_taken":0}],"is_beta":true,"boss_relics":[{"not_picked":["Runic Pyramid","Sozu"],"picked":"Runic Dome"}],"items_purged_floors":[13,20],"is_endless":false,"potions_floor_spawned":[4,7,16,18,27,30],"killed_by":"Champ","ascension_level":5}