{"path_per_floor":["M","?","M","M","M","E","$","R","T","M","E","M","E","?","R","B",null,"M","?","?","M","M","R","E","?","T","$","M","M","?","E","R","B",null,"M","?","?","?","$","E","R","M","T","?","T","R","E","M","R","B"],"character_chosen":"IRONCLAD","items_purchased":["Evolve","Happy Flower","Bag of Preparation","Energy Potion"],"gold_per_floor":[113,113,133,149,169,201,126,126,178,195,225,238,271,271,271,376,376,392,392,392,407,417,417,442,442,469,45,64,81,81,115,115,216,216,228,228,228,0,0,28,28,47,74,74,74,74,104,114,114,114],"floor_reached":51,"campfire_rested":2,"playtime":4721,"current_hp_per_floor":[80,64,70,68,55,53,53,53,53,53,36,33,26,26,52,22,87,67,67,87,87,87,87,72,72,72,72,82,83,83,78,78,23,87,87,77,77,77,77,7,33,39,39,77,77,77,63,71,71,10],"items_purged":["Strike_R"],"gold":114,"play_id":"b6dec703-b7bf-4dfb-8bc6-4a66f80f6790","is_prod":false,"is_daily":false,"is_ascension_mode":true,"campfire_upgraded":5,"path_taken":["M","?","M","M","?","E","?","R","T","M","E","M","E","?","R","BOSS","M","?","?","M","M","R","E","?","T","$","M","M","?","E","R","BOSS","M","?","?","?","?","E","R","M","T","?","?","R","E","?","R","BOSS"],"build_version":"2018-01-25-PROD3","purchased_purges":1,"victory":true,"master_deck":["Strike_R","Strike_R","Strike_R","Defend_R","Defend_R+1","Defend_R","Defend_R+1","Bash+1","Ghostly Armor+1","Whirlwind+1","Body Slam+1","Headbutt+1","Sentinel","Iron Wave","Bludgeon+1","Battle Trance","Feel No Pain+1","Offering","Armaments","Seeing Red+1","Seeing Red+1","Flame Barrier","Evolve","True Grit+1","Disarm","Juggernaut+1","Thunderclap+1","Madness","Madness","Dropkick","Shrug It Off+1"],"max_hp_per_floor":[80,80,80,80,80,87,87,87,87,87,87,87,87,87,87,87,87,87,87,87,87,87,87,87,87,87,87,87,87,87,87,87,87,87,87,87,87,87,87,87,87,87,87,77,77,77,77,77,77,77],"relics":["Burning Blood","Strawberry","Whetstone","Omamori","Red Skull","Mark of Pain","Bird Faced Urn","Frozen Eye","Frozen Egg","Happy Flower","Bag of Preparation","Unceasing Top","White Beast Statue","Red Mask","Blood Vial","Art of War","Sundial","Centennial Puzzle"],"card_choices":[{"not_picked":["Twin Strike","Armaments"],"picked":"Ghostly Armor"},{"not_picked":["Armaments","Second Wind"],"picked":"Whirlwind"},{"not_picked":["Wild Strike","Blood for Blood"],"picked":"Body Slam"},{"not_picked":["Hemokinesis","Warcry"],"picked":"Headbutt"},{"not_picked":["Pommel Strike","Flex"],"picked":"Sentinel"},{"not_picked":["Power Through","Perfected Strike"],"picked":"Iron Wave"},{"not_picked":["Pommel Strike","Feed"],"picked":"Bludgeon"},{"not_picked":["Shockwave","Twin Strike"],"picked":"Battle Trance"},{"not_picked":["Disarm","Rage"],"picked":"Feel No Pain"},{"not_picked":["Demon Form","Immolate"],"picked":"Offering"},{"not_picked":["Warcry","Sword Boomerang"],"picked":"Armaments"},{"not_picked":["Uppercut","Second Wind"],"picked":"Seeing Red"},{"not_picked":["Havoc","Heavy Blade"],"picked":"Seeing Red"},{"not_picked":["Perfected Strike","Second Wind"],"picked":"True Grit"},{"not_picked":["Rage","Clash"],"picked":"Disarm"},{"not_picked":["Berserk","Exhume"],"picked":"Juggernaut"},{"not_picked":["Iron Wave","Pommel Strike"],"picked":"Thunderclap"},{"not_picked":["Entrench","Battle Trance"],"picked":"Dropkick"},{"not_picked":["Warcry","Armaments"],"picked":"Shrug It Off"}],"player_experience":192647,"potions_floor_usage":[40,47,48,50,50],"damage_taken":[{"damage":4.0,"enemies":"Cultist","floor":1.0,"turns":5.0},{"damage":0.0,"enemies":"2 Louse","floor":3.0,"turns":3.0},{"damage":8.0,"enemies":"Blue Slaver","floor":4.0,"turns":4.0},{"damage":19.0,"enemies":"Lots of Slimes","floor":5.0,"turns":6.0},{"damage":15.0,"enemies":"Gremlin Nob","floor":6.0,"turns":5.0},{"damage":6.0,"enemies":"Looter","floor":10.0,"turns":2.0},{"damage":23.0,"enemies":"Lagavulin","floor":11.0,"turns":7.0},{"damage":9.0,"enemies":"Red Slaver","floor":12.0,"turns":2.0},{"damage":13.0,"enemies":"3 Sentries","floor":13.0,"turns":5.0},{"damage":36.0,"enemies":"Slime Boss","floor":16.0,"turns":6.0},{"damage":26.0,"enemies":"Shell Parasite","floor":18.0,"turns":4.0},{"damage":4.0,"enemies":"3 Byrds","floor":21.0,"turns":2.0},{"damage":4.0,"enemies":"3 Cultists","floor":22.0,"turns":1.0},{"damage":23.0,"enemies":"Book of Stabbing","floor":24.0,"turns":3.0},{"damage":0.0,"enemies":"Snecko","floor":28.0,"turns":2.0},{"damage":5.0,"enemies":"Centurion and Healer","floor":29.0,"turns":2.0},{"damage":15.0,"enemies":"Gremlin Leader","floor":31.0,"turns":5.0},{"damage":65.0,"enemies":"Automaton","floor":33.0,"turns":14.0},{"damage":4.0,"enemies":"3 Darklings","floor":35.0,"turns":1.0},{"damage":82,"enemies":"Nemesis","floor":40,"turns":10},{"damage":4,"enemies":"Orb Walker","floor":42,"turns":2},{"damage":24,"enemies":"2 Orb Walkers","floor":47,"turns":5},{"damage":6,"enemies":"4 Shapes","floor":48,"turns":6},{"damage":75,"enemies":"Awakened One","floor":50,"turns":15}],"event_choices":[{"event_name":"Shining Light","player_choice":"Entered Light","floor":2.0,"damage_taken":0.0},{"event_name":"Accursed Blacksmith","player_choice":"Forge","floor":14.0,"damage_taken":0.0},{"event_name":"The Mausoleum","player_choice":"Yes","floor":19.0,"damage_taken":0.0},{"event_name":"Wheel of Change","player_choice":"Full Heal","floor":20.0,"damage_taken":0.0},{"event_name":"The Library","player_choice":"Read","floor":25.0,"damage_taken":0.0},{"event_name":"Addict","player_choice":"Ignored","floor":30.0,"damage_taken":0.0},{"event_name":"Winding Halls","player_choice":"Embrace Madness","floor":36.0,"damage_taken":0.0},{"event_name":"Tomb of Lord Red Mask","player_choice":"Paid","floor":38.0,"damage_taken":0.0},{"event_name":"The Moai Head","player_choice":"Heal","floor":44,"damage_taken":0}],"boss_relics":[],"potions_floor_spawned":[3,5,6,10,13,21,22,31,35,40,42,47,48],"seed_played":"-8806615786806375402","ascension_level":3,"is_trial":false}