{"gold_per_floor":[359,371,386,28,28,28,53,67,67,99,111,157,187,232,244,331,343,370,382,408,431,127,155,166,166,219,232,244,244,256,256,256,334,334,351,401,73,99,113,113],"floor_reached":40,"playtime":3756,"items_purged":["Strike_G","Strike_G"],"score":985,"play_id":"2ee09f46-5679-48f0-b86d-b10264c6fd1d","local_time":"20190418071615","is_ascension_mode":true,"campfire_choices":[{"floor":6.0,"key":"REST"},{"data":"Noxious Fumes","floor":11.0,"key":"SMITH"},{"floor":15.0,"key":"REST"},{"data":"Footwork","floor":25.0,"key":"SMITH"},{"data":"Footwork","floor":29,"key":"SMITH"},{"data":"Wraith Form v2","floor":32,"key":"SMITH"}],"neow_cost":"TEN_PERCENT_HP_LOSS","seed_source_timestamp":0,"circlet_count":0,"master_deck":["AscendersBane","Defend_G+1","Defend_G","Defend_G","Defend_G","Defend_G","Strike_G","Strike_G","Strike_G","Survivor","Neutralize","Bouncing Flask","Cloak And Dagger+1","Deadly Poison","Noxious Fumes+1","Footwork+1","Well Laid Plans","Dash","Leg Sweep","Backflip","Malaise","Noxious Fumes","Dodge and Roll","Footwork+1","Deflect+1","Wraith Form v2+1","After Image","Backflip+1"],"special_seed":0,"relics":["Ring of the Serpent","War Paint","Regal Pillow","Matryoshka","MawBank","Question Card","PreservedInsect","Lantern","Coffee Dripper","TwistedFunnel","Pocketwatch","Toxic Egg 2","Boot","Blood Vial","Bag of Preparation","Pen Nib"],"potions_floor_usage":[40],"damage_taken":[{"damage":11.0,"enemies":"Cultist","floor":1.0,"turns":6.0},{"damage":1.0,"enemies":"Jaw Worm","floor":2.0,"turns":4.0},{"damage":1.0,"enemies":"Small Slimes","floor":3.0,"turns":5.0},{"damage":17.0,"enemies":"3 Sentries","floor":7.0,"turns":10.0},{"damage":6.0,"enemies":"Red Slaver","floor":8.0,"turns":4.0},{"damage":1.0,"enemies":"2 Fungi Beasts","floor":10.0,"turns":4.0},{"damage":14.0,"enemies":"Lagavulin","floor":12.0,"turns":9.0},{"damage":1.0,"enemies":"3 Louse","floor":13.0,"turns":5.0},{"damage":6.0,"enemies":"3 Sentries","floor":14.0,"turns":8.0},{"damage":5.0,"enemies":"Slime Boss","floor":16.0,"turns":10.0},{"damage":2.0,"enemies":"Shell Parasite","floor":18.0,"turns":6.0},{"damage":10.0,"enemies":"3 Byrds","floor":20.0,"turns":5.0},{"damage":12.0,"enemies":"3 Cultists","floor":21.0,"turns":7.0},{"damage":4.0,"enemies":"Gremlin Leader","floor":23.0,"turns":7.0},{"damage":7.0,"enemies":"Centurion and Healer","floor":24.0,"turns":9.0},{"damage":4.0,"enemies":"Cultist and Chosen","floor":27.0,"turns":5.0},{"damage":0,"enemies":"Snecko","floor":28,"turns":5},{"damage":0,"enemies":"Chosen and Byrds","floor":30,"turns":7},{"damage":0,"enemies":"Automaton","floor":33,"turns":11},{"damage":4,"enemies":"3 Darklings","floor":35,"turns":5},{"damage":0,"enemies":"3 Shapes","floor":39,"turns":6},{"damage":70,"enemies":"Reptomancer","floor":40,"turns":5}],"seed_played":"6863903764920996345","potions_obtained":[{"floor":1.0,"key":"Dexterity Potion"},{"floor":3.0,"key":"Ancient Potion"},{"floor":10.0,"key":"Fire Potion"},{"floor":13.0,"key":"SpeedPotion"},{"floor":18.0,"key":"Ancient Potion"},{"floor":21.0,"key":"SteroidPotion"},{"floor":23.0,"key":"Ancient Potion"},{"floor":24.0,"key":"Poison Potion"},{"floor":33,"key":"FairyPotion"},{"floor":39,"key":"LiquidBronze"}],"is_trial":false,"path_per_floor":["M","?","?","M","?","?","T","M"],"character_chosen":"THE_SILENT","items_purchased":["Deadly Poison","Noxious Fumes","War Paint","TwistedFunnel","Blood Vial","Bag of Preparation"],"campfire_rested":2,"item_purchase_floors":[4,4,4,22,37,37],"current_hp_per_floor":[48,47,46,46,28,60,43,37,37,36,36,22,21,15,48,43,56,54,45,35,23,23,19,12,12,12,8,8,8,8,8,8,8,47,43,43,43,43,45,0],"gold":113,"neow_bonus":"TWO_FIFTY_GOLD","is_prod":false,"is_daily":false,"chose_seed":false,"campfire_upgraded":4,"win_rate":0,"timestamp":1555589775,"path_taken":["M","?","M","$","?","R","E","M","T","M","R","E","M","E","R","BOSS","M","?","M","?","$","E","M","R","T","M","M","R","M","?","R","BOSS","M","?","$","?","?","E"],"build_version":"2019-01-23","purchased_purges":2,"victory":false,"max_hp_per_floor":[60,60,60,60,60,60,60,60,60,60,60,60,60,60,60,60,60,60,60,60,60,60,60,60,60,60,60,60,60,60,60,60,60,60,60,60,60,60,60,60],"card_choices":[{"not_picked":["Dash","Blade Dance"],"picked":"Bouncing Flask","floor":1.0},{"not_picked":["Distraction","Tactician"],"picked":"Cloak And Dagger","floor":2.0},{"not_picked":["Dagger Throw","Escape Plan","Quick Slash"],"picked":"SKIP","floor":3.0},{"not_picked":["Eviscerate","Tactician","Dodge and Roll"],"picked":"SKIP","floor":7.0},{"not_picked":["Phantasmal Killer","Terror"],"picked":"Footwork","floor":8.0},{"not_picked":["Outmaneuver","Dagger Spray","Calculated Gamble"],"picked":"Well Laid Plans","floor":10.0},{"not_picked":["Riddle With Holes","Flechettes","Prepared"],"picked":"Dash","floor":12.0},{"not_picked":["Dagger Spray","Acrobatics","Flechettes"],"picked":"Leg Sweep","floor":13.0},{"not_picked":["Flechettes","PiercingWail","Dagger Throw"],"picked":"Backflip","floor":14.0},{"not_picked":["Die Die Die","Wraith Form v2","Unload"],"picked":"Malaise","floor":16.0},{"not_picked":["Outmaneuver","Dagger Spray","Cloak And Dagger+1"],"picked":"Noxious Fumes","floor":18.0},{"not_picked":["Sucker Punch","Dodge and Roll","Dash","Bouncing Flask+1"],"picked":"SKIP","floor":20.0},{"not_picked":["Masterful Stab+1","Cloak And Dagger","Flying Knee","Outmaneuver"],"picked":"SKIP","floor":21.0},{"not_picked":["Flying Knee","Reflex","PiercingWail"],"picked":"Dodge and Roll","floor":23.0},{"not_picked":["Endless Agony","Envenom","Bane","Outmaneuver"],"picked":"SKIP","floor":24.0},{"not_picked":["Bouncing Flask+1","Poisoned Stab","Dagger Throw+1"],"picked":"Footwork","floor":27.0},{"not_picked":["Endless Agony","Dagger Throw+1","Blade Dance+1"],"picked":"Deflect+1","floor":28},{"not_picked":["Cloak And Dagger+1","Backflip+1","Acrobatics+1"],"picked":"Wraith Form v2","floor":30},{"not_picked":["Glass Knife","Doppelganger+1","Phantasmal Killer+1"],"picked":"After Image","floor":33},{"not_picked":["Masterful Stab","Infinite Blades","Sucker Punch+1"],"picked":"Backflip+1","floor":35},{"not_picked":["Sucker Punch","Poisoned Stab","Expertise+1","Bullet Time+1"],"picked":"SKIP","floor":39}],"player_experience":440849,"relics_obtained":[{"floor":7.0,"key":"Matryoshka"},{"floor":9.0,"key":"MawBank"},{"floor":9.0,"key":"Question Card"},{"floor":12.0,"key":"PreservedInsect"},{"floor":14.0,"key":"Lantern"},{"floor":23.0,"key":"Pocketwatch"},{"floor":26.0,"key":"Toxic Egg 2"},{"floor":26.0,"key":"Boot"},{"floor":38,"key":"Pen Nib"}],"event_choices":[{"damage_healed":0.0,"max_hp_gain":0.0,"max_hp_loss":0.0,"gold_gain":0.0,"event_name":"Scrap Ooze","player_choice":"Success","floor":5.0,"gold_loss":0.0,"damage_taken":18.0,"relics_obtained":["Regal Pillow"]},{"damage_healed":0.0,"max_hp_gain":0.0,"max_hp_loss":0.0,"gold_gain":0.0,"event_name":"Wheel of Change","player_choice":"Damaged","floor":19.0,"gold_loss":0.0,"damage_taken":9.0},{"damage_healed":0,"gold_gain":0,"player_choice":"Ignored","damage_taken":0,"max_hp_gain":0,"max_hp_loss":0,"event_name":"Cursed Tome","floor":31,"gold_loss":0},{"damage_healed":0,"gold_gain":50,"player_choice":"Pray","damage_taken":0,"max_hp_gain":0,"max_hp_loss":0,"event_name":"Golden Shrine","floor":36,"gold_loss":0}],"is_beta":false,"boss_relics":[{"not_picked":["Runic Dome","Velvet Choker"],"picked":"Coffee Dripper"},{"not_picked":["White Beast Statue","Lizard Tail"],"picked":"Ring of the Serpent"}],"items_purged_floors":[4,22],"is_endless":false,"potions_floor_spawned":[1,3,10,13,14,18,21,23,24,33,39],"killed_by":"Reptomancer","ascension_level":20}