{"path_per_floor":["M","M","M","?","M","R","E","R","T","M","?","R","?","M","R","B",null,"M","?","M","?","M","R","T","R","T","R","M","$","M","M","R"],"character_chosen":"IRONCLAD","items_purchased":["Pen Nib","Whetstone","Fire Breathing"],"gold_per_floor":[114,127,138,138,151,151,176,176,176,190,190,190,190,209,209,307,307,323,248,266,266,277,277,577,577,628,628,642,234,253,267,267],"floor_reached":33,"campfire_rested":4,"playtime":1283,"current_hp_per_floor":[84,85,84,66,41,41,15,41,41,42,35,35,2,8,34,22,72,37,37,30,30,25,25,25,50,50,50,39,39,39,27,52],"items_purged":["Evolve"],"gold":267,"score":374,"play_id":"93e14661-90d2-4d18-b76e-6ccfce71476b","is_prod":false,"is_daily":false,"is_ascension_mode":true,"campfire_upgraded":4,"path_taken":["M","M","M","?","M","R","E","R","T","M","?","R","?","M","R","BOSS","M","?","M","?","?","R","?","R","T","R","M","$","M","M","R","BOSS"],"build_version":"2018-02-08-PROD1","purchased_purges":1,"victory":false,"master_deck":["Bash+1","Double Tap+1","Thunderclap+1","Pommel Strike","Rampage","Clothesline+1","Pommel Strike","True Grit","Cleave+1","Heavy Blade","Hemokinesis","Sever Soul","Intimidate","Anger","Rage+1","Shockwave+1","Clash","Fire Breathing","Exhume"],"max_hp_per_floor":[88,88,88,88,88,88,88,88,88,88,88,88,88,88,88,88,88,88,85,85,85,85,85,85,85,85,85,85,85,85,85,85],"relics":["Burning Blood","Vajra","Ginger","Frozen Eye","Pandora\u0027s Box","Old Coin","Ancient Tea Set","Pen Nib","Whetstone"],"card_choices":[{"not_picked":["Wild Strike","Havoc"],"picked":"Double Tap"},{"not_picked":["Armaments","Clash"],"picked":"Thunderclap"},{"not_picked":["Combust","Carnage"],"picked":"Pommel Strike"},{"not_picked":["Burning Pact","Thunderclap"],"picked":"Rampage"},{"not_picked":["Cleave","Iron Wave"],"picked":"Clothesline"},{"not_picked":["Searing Blow","Clothesline"],"picked":"Pommel Strike"},{"not_picked":["Hemokinesis","Pummel"],"picked":"Rage"},{"not_picked":["Iron Wave","Twin Strike"],"picked":"Shockwave"},{"not_picked":["Anger","Sword Boomerang"],"picked":"Clash"},{"not_picked":["Sever Soul","Intimidate"],"picked":"Exhume"}],"player_experience":333374,"potions_floor_usage":[10,16,16,20,31],"damage_taken":[{"damage":2,"enemies":"Jaw Worm","floor":1,"turns":3},{"damage":5,"enemies":"2 Louse","floor":2,"turns":4},{"damage":7,"enemies":"Small Slimes","floor":3,"turns":3},{"damage":31,"enemies":"Exordium Thugs","floor":5,"turns":5},{"damage":32,"enemies":"Lagavulin","floor":7,"turns":5},{"damage":5,"enemies":"Gremlin Gang","floor":10,"turns":3},{"damage":0,"enemies":"2 Fungi Beasts","floor":14,"turns":3},{"damage":18,"enemies":"Slime Boss","floor":16,"turns":8},{"damage":41,"enemies":"2 Thieves","floor":18,"turns":3},{"damage":13,"enemies":"Shell Parasite","floor":20,"turns":3},{"damage":11,"enemies":"3 Cultists","floor":22,"turns":4},{"damage":17,"enemies":"Cultist and Chosen","floor":28,"turns":5},{"damage":6,"enemies":"Snecko","floor":30,"turns":3},{"damage":18,"enemies":"Snake Plant","floor":31,"turns":3},{"damage":57,"enemies":"Automaton","floor":33,"turns":4}],"event_choices":[{"event_name":"Shining Light","player_choice":"Entered Light","floor":4,"damage_taken":0},{"event_name":"Golden Wing","player_choice":"Card Removal","floor":11,"damage_taken":0},{"event_name":"Scrap Ooze","player_choice":"success","floor":13,"damage_taken":33},{"event_name":"Beggar","player_choice":"Gave Gold","floor":19,"damage_taken":0},{"event_name":"Drug Dealer","player_choice":"Ignored","floor":21,"damage_taken":0}],"boss_relics":[{"not_picked":["Ectoplasm","Lizard Tail"],"picked":"Pandora\u0027s Box"}],"potions_floor_spawned":[3,7,10,18,20,22],"seed_played":"-7649209322290417458","killed_by":"Automaton","ascension_level":10,"is_trial":false}