{"gold_per_floor":[115,190,190,34,44,44,44,76,76,76,95,120,136,164,164,259,259,277,90,100,25,42,42,58,87,87,87],"floor_reached":27,"playtime":1072,"items_purged":["Regret","Strike_B"],"score":451,"play_id":"d0be5df7-6c58-49f8-95b3-00603d6809ea","local_time":"20181209113344","is_ascension_mode":true,"campfire_choices":[{"data":"Zap","floor":6,"key":"SMITH"},{"data":"Consume","floor":10,"key":"SMITH"},{"data":"Loop","floor":15,"key":"SMITH"},{"floor":23,"key":"REST"}],"neow_cost":"NONE","seed_source_timestamp":259959778827252,"circlet_count":0,"master_deck":["AscendersBane","Strike_B","Strike_B","Defend_B","Defend_B","Defend_B","Defend_B","Zap+1","Dualcast","Coolheaded","Compile Driver","Genetic Algorithm","Ball Lightning","Consume+1","Loop+1","Sweeping Beam+1","Buffer","Core Surge+1","Defragment","FTL+1","Hologram","Loop","Steam+1","Electrodynamics","Cold Snap+1"],"relics":["Cracked Core","Lantern","Vajra","Molten Egg 2","Odd Mushroom","Potion Belt","Nuclear Battery","Orichalcum","Omamori"],"potions_floor_usage":[8,12,13,14,25,25],"damage_taken":[{"damage":0,"enemies":"Cultist","floor":1,"turns":3},{"damage":4,"enemies":"Small Slimes","floor":5,"turns":3},{"damage":16,"enemies":"Gremlin Nob","floor":8,"turns":3},{"damage":0,"enemies":"2 Louse","floor":11,"turns":2},{"damage":18,"enemies":"The Mushroom Lair","floor":12,"turns":3},{"damage":0,"enemies":"2 Fungi Beasts","floor":13,"turns":1},{"damage":12,"enemies":"3 Sentries","floor":14,"turns":4},{"damage":0,"enemies":"Slime Boss","floor":16,"turns":8},{"damage":6,"enemies":"Spheric Guardian","floor":18,"turns":3},{"damage":15,"enemies":"3 Byrds","floor":20,"turns":4},{"damage":18,"enemies":"Shelled Parasite and Fungi","floor":22,"turns":4},{"damage":7,"enemies":"Snake Plant","floor":24,"turns":5},{"damage":31,"enemies":"Slavers","floor":25,"turns":5},{"damage":12,"enemies":"Gremlin Leader","floor":27,"turns":2}],"seed_played":"221557481812188101","potions_obtained":[{"floor":1,"key":"Poison Potion"},{"floor":5,"key":"Energy Potion"},{"floor":11,"key":"Poison Potion"},{"floor":12,"key":"Explosive Potion"},{"floor":16,"key":"Poison Potion"},{"floor":22,"key":"SteroidPotion"}],"is_trial":false,"path_per_floor":["M","?","?","$","M","R","$","E","T","R","M","?","M","E","R","B",null,"M","$","M","?","M","R","M","E","T","E"],"character_chosen":"DEFECT","items_purchased":["Genetic Algorithm","FTL+1","Hologram"],"campfire_rested":1,"item_purchase_floors":[4,19,19],"current_hp_per_floor":[68,57,57,57,53,53,53,37,37,37,37,19,19,7,7,7,58,52,52,37,37,19,41,34,3,3,0],"gold":87,"neow_bonus":"THREE_CARDS","is_prod":false,"is_daily":false,"chose_seed":false,"campfire_upgraded":3,"win_rate":0,"timestamp":1544335424,"path_taken":["M","?","?","$","M","R","$","E","T","R","M","?","M","E","R","BOSS","M","$","M","?","M","R","M","E","T","E"],"build_version":"2018-12-06","purchased_purges":2,"victory":false,"max_hp_per_floor":[75,75,75,75,75,75,75,75,75,75,75,75,75,75,75,75,75,75,75,75,75,75,75,75,75,75,75],"card_choices":[{"not_picked":["Blizzard","Rebound"],"picked":"Coolheaded","floor":0},{"not_picked":["Chaos","Streamline"],"picked":"Compile Driver","floor":1},{"not_picked":["Steam","Chaos"],"picked":"Ball Lightning","floor":5},{"not_picked":["Double Energy","Rebound"],"picked":"Consume","floor":8},{"not_picked":["Coolheaded","Leap"],"picked":"Loop","floor":11},{"not_picked":["Consume","Heatsinks"],"picked":"Sweeping Beam+1","floor":13},{"not_picked":["Stack","Creative AI"],"picked":"Buffer","floor":14},{"not_picked":["Echo Form","Amplify"],"picked":"Core Surge+1","floor":16},{"not_picked":["Beam Cell+1","Conserve Battery"],"picked":"Defragment","floor":18},{"not_picked":["Conserve Battery","Redo"],"picked":"Loop","floor":20},{"not_picked":["Redo+1","Storm"],"picked":"Steam+1","floor":22},{"not_picked":["Turbo","Leap"],"picked":"Electrodynamics","floor":24},{"not_picked":["Coolheaded","Sweeping Beam+1"],"picked":"Cold Snap+1","floor":25}],"player_experience":877652,"relics_obtained":[{"floor":8,"key":"Vajra"},{"floor":9,"key":"Molten Egg 2"},{"floor":12,"key":"Odd Mushroom"},{"floor":14,"key":"Potion Belt"},{"floor":25,"key":"Orichalcum"},{"floor":26,"key":"Omamori"}],"event_choices":[{"damage_healed":0,"gold_gain":75,"player_choice":"Gather Gold","damage_taken":11,"max_hp_gain":0,"max_hp_loss":0,"event_name":"World of Goop","floor":2,"gold_loss":0},{"damage_healed":0,"gold_gain":0,"player_choice":"Box","damage_taken":0,"relics_obtained":["Lantern"],"max_hp_gain":0,"max_hp_loss":0,"event_name":"Big Fish","floor":3,"gold_loss":0,"cards_obtained":["Regret"]},{"damage_healed":0,"gold_gain":0,"player_choice":"Fought Mushrooms","damage_taken":0,"max_hp_gain":0,"max_hp_loss":0,"event_name":"Mushrooms","floor":12,"gold_loss":0},{"cards_removed":["Strike_B"],"damage_healed":0,"gold_gain":0,"player_choice":"Gave Gold","damage_taken":0,"max_hp_gain":0,"max_hp_loss":0,"event_name":"Beggar","floor":21,"gold_loss":75}],"is_beta":true,"boss_relics":[{"not_picked":["Orrery","Tiny House"],"picked":"Nuclear Battery"}],"items_purged_floors":[4,19],"is_endless":false,"potions_floor_spawned":[1,5,11,12,16,22],"killed_by":"Gremlin Leader","ascension_level":11}