{"gold_per_floor":[109,209,229,248,21,21,46,46,73,92,92,92,117,117,117,191,191,202,218,318,24,24,52,52,63,87,117,32,32,32,32,32,109,109,129,145,160,60,76,102,102,22,68,168,181,181,210,224,224,224],"floor_reached":51,"playtime":2853,"items_purged":["Strike_R","Strike_R"],"score":1330,"play_id":"5ebb30e2-d35e-47cc-b064-70e018e148e4","local_time":"20190421140018","is_ascension_mode":true,"campfire_choices":[{"data":"Bash","floor":6,"key":"SMITH"},{"data":"True Grit","floor":12,"key":"SMITH"},{"data":"Flame Barrier","floor":15,"key":"SMITH"},{"data":"1","floor":24,"key":"LIFT"},{"data":"2","floor":30,"key":"LIFT"},{"data":"3","floor":32,"key":"LIFT"},{"data":"Armaments","floor":41,"key":"SMITH"},{"data":"Barricade","floor":46,"key":"SMITH"},{"data":"Limit Break","floor":49,"key":"SMITH"}],"neow_cost":"NONE","seed_source_timestamp":750740876358700,"circlet_count":0,"master_deck":["AscendersBane","Strike_R","Strike_R","Strike_R","Defend_R","Defend_R","Defend_R","Defend_R","Bash+1","Iron Wave","Inflame","True Grit+1","Flame Barrier+1","Metallicize","Barricade+1","Reaper","Body Slam","Infernal Blade","Armaments+1","Havoc","Whirlwind","Demon Form","Heavy Blade","Metallicize","Limit Break+1","Inflame+1"],"relics":["Burning Blood","NeowsBlessing","Anchor","Self Forming Clay","Potion Belt","Oddly Smooth Stone","Bronze Scales","Bag of Marbles","Velvet Choker","Girya","Darkstone Periapt","Vajra","Mango","Strawberry","Blood Vial","Dodecahedron","NlothsMask","Philosopher\u0027s Stone","Boot","Charon\u0027s Ashes","PreservedInsect"],"potions_floor_usage":[7,16,20,20,33,40,50,50,50,50],"damage_taken":[{"damage":0,"enemies":"Cultist","floor":1,"turns":1},{"damage":0,"enemies":"Jaw Worm","floor":3,"turns":1},{"damage":0,"enemies":"Small Slimes","floor":4,"turns":1},{"damage":24,"enemies":"Gremlin Nob","floor":7,"turns":4},{"damage":1,"enemies":"3 Louse","floor":10,"turns":5},{"damage":16,"enemies":"Lagavulin","floor":13,"turns":8},{"damage":12,"enemies":"Hexaghost","floor":16,"turns":13},{"damage":2,"enemies":"3 Byrds","floor":18,"turns":4},{"damage":11,"enemies":"Spheric Guardian","floor":19,"turns":6},{"damage":13,"enemies":"Colosseum Slavers","floor":20,"turns":7},{"damage":37,"enemies":"Colosseum Nobs","floor":20,"turns":7},{"damage":41,"enemies":"Book of Stabbing","floor":23,"turns":5},{"damage":0,"enemies":"Cultist and Chosen","floor":25,"turns":7},{"damage":27,"enemies":"Slavers","floor":27,"turns":7},{"damage":44,"enemies":"Automaton","floor":33,"turns":10},{"damage":42,"enemies":"3 Darklings","floor":35,"turns":4},{"damage":21,"enemies":"3 Shapes","floor":36,"turns":3},{"damage":17,"enemies":"3 Darklings","floor":37,"turns":5},{"damage":44,"enemies":"Maw","floor":39,"turns":8},{"damage":44,"enemies":"Reptomancer","floor":40,"turns":8},{"damage":20,"enemies":"Mind Bloom Boss Battle","floor":44,"turns":10},{"damage":0,"enemies":"Jaw Worm Horde","floor":45,"turns":2},{"damage":24,"enemies":"Giant Head","floor":47,"turns":7},{"damage":43,"enemies":"Spire Growth","floor":48,"turns":6},{"damage":60,"enemies":"Awakened One","floor":50,"turns":9}],"seed_played":"-7025689673399648430","potions_obtained":[{"floor":1,"key":"Swift Potion"},{"floor":7,"key":"PowerPotion"},{"floor":13,"key":"SkillPotion"},{"floor":19,"key":"SneckoOil"},{"floor":20,"key":"PowerPotion"},{"floor":33,"key":"PowerPotion"},{"floor":35,"key":"Explosive Potion"},{"floor":36,"key":"SteroidPotion"},{"floor":44,"key":"LiquidBronze"}],"is_trial":false,"path_per_floor":["M","?","M","M","$","R","E","T","T","M","?","R","E","?","R","B",null,"M","M","?","$","?","E","R","M","T","E","?","?","R","$","R","B",null,"M","M","M","$","M","E","R","$","T","?","M","R","E","M","R","B",null],"character_chosen":"IRONCLAD","items_purchased":["Anchor","Vajra","GamblersBrew","GamblersBrew","Metallicize"],"campfire_rested":0,"item_purchase_floors":[5,21,21,21,42],"current_hp_per_floor":[78,78,80,80,80,80,62,62,62,67,64,64,54,54,54,48,72,80,80,52,52,52,41,41,71,78,73,73,73,73,73,73,50,88,65,52,94,94,88,63,63,63,63,79,101,101,95,62,62,32],"gold":224,"neow_bonus":"THREE_ENEMY_KILL","is_prod":false,"is_daily":false,"chose_seed":false,"campfire_upgraded":6,"win_rate":0,"timestamp":1555848018,"path_taken":["M","?","?","M","?","R","E","?","T","M","?","R","E","?","R","BOSS","M","M","?","$","?","E","R","M","T","E","?","?","R","$","R","BOSS","M","M","M","?","M","E","R","$","T","?","M","R","E","M","R","BOSS"],"build_version":"2019-01-23","purchased_purges":2,"victory":true,"max_hp_per_floor":[80,80,80,80,80,80,80,80,80,80,80,80,80,80,80,80,80,80,80,80,80,80,94,94,94,101,101,101,101,101,101,101,101,101,101,101,101,101,101,101,101,101,101,101,101,101,101,101,101,101],"card_choices":[{"not_picked":["Entrench","Intimidate"],"picked":"Iron Wave","floor":1},{"not_picked":["Second Wind","Ghostly Armor"],"picked":"Inflame","floor":3},{"not_picked":["Twin Strike","Pommel Strike"],"picked":"True Grit","floor":4},{"not_picked":["Blood for Blood","Carnage"],"picked":"Flame Barrier","floor":7},{"not_picked":["Sword Boomerang","Anger"],"picked":"Metallicize","floor":10},{"not_picked":["Combust","Headbutt"],"picked":"Barricade","floor":13},{"not_picked":["Brutality","Feed"],"picked":"Reaper","floor":16},{"not_picked":["Cleave","Headbutt"],"picked":"Body Slam","floor":18},{"not_picked":["Heavy Blade","Fire Breathing","Reckless Charge"],"picked":"SKIP","floor":19},{"not_picked":["Juggernaut","Perfected Strike"],"picked":"Armaments","floor":23},{"not_picked":["Clothesline","Cleave"],"picked":"Havoc","floor":25},{"not_picked":["Body Slam","Havoc"],"picked":"Whirlwind","floor":27},{"not_picked":["Reaper","Exhume"],"picked":"Demon Form","floor":33},{"not_picked":["Reckless Charge+1","Blood for Blood","Flex"],"picked":"SKIP","floor":35},{"not_picked":["Flex+1","Clash","Anger+1"],"picked":"SKIP","floor":36},{"not_picked":["Fire Breathing","Thunderclap+1","Armaments"],"picked":"SKIP","floor":37},{"not_picked":["Perfected Strike","Flex"],"picked":"Heavy Blade","floor":39},{"not_picked":["Iron Wave","Havoc","Whirlwind"],"picked":"SKIP","floor":40},{"not_picked":["Spot Weakness+1","Heavy Blade"],"picked":"Limit Break","floor":44},{"not_picked":["Clash","Pommel Strike"],"picked":"Inflame+1","floor":45},{"not_picked":["Brutality","Corruption","Body Slam"],"picked":"SKIP","floor":47},{"not_picked":["Heavy Blade","Perfected Strike","Armaments+1"],"picked":"SKIP","floor":48}],"player_experience":250157,"relics_obtained":[{"floor":7,"key":"Self Forming Clay"},{"floor":8,"key":"Potion Belt"},{"floor":9,"key":"Oddly Smooth Stone"},{"floor":13,"key":"Bag of Marbles"},{"floor":20,"key":"Girya"},{"floor":20,"key":"Darkstone Periapt"},{"floor":23,"key":"Mango"},{"floor":26,"key":"Strawberry"},{"floor":27,"key":"Blood Vial"},{"floor":40,"key":"Boot"},{"floor":44,"key":"Charon\u0027s Ashes"},{"floor":47,"key":"PreservedInsect"}],"event_choices":[{"damage_healed":0,"gold_gain":100,"player_choice":"Gold","damage_taken":0,"max_hp_gain":0,"max_hp_loss":0,"event_name":"Wheel of Change","floor":2,"gold_loss":0},{"damage_healed":0,"gold_gain":0,"player_choice":"Success","damage_taken":3,"relics_obtained":["Bronze Scales"],"max_hp_gain":0,"max_hp_loss":0,"event_name":"Scrap Ooze","floor":11,"gold_loss":0},{"damage_healed":0,"gold_gain":0,"player_choice":"Ignored","damage_taken":0,"max_hp_gain":0,"max_hp_loss":0,"event_name":"Liars Game","floor":14,"gold_loss":0},{"damage_healed":0,"gold_gain":0,"player_choice":"Fight","damage_taken":0,"max_hp_gain":0,"max_hp_loss":0,"event_name":"Colosseum","floor":20,"gold_loss":0},{"damage_healed":0,"gold_gain":0,"player_choice":"Fought Nobs","damage_taken":0,"max_hp_gain":0,"max_hp_loss":0,"event_name":"Colosseum","floor":20,"gold_loss":0},{"damage_healed":0,"gold_gain":0,"player_choice":"Read","damage_taken":0,"max_hp_gain":0,"max_hp_loss":0,"event_name":"The Library","floor":22,"gold_loss":0,"cards_obtained":["Infernal Blade"]},{"damage_healed":0,"gold_gain":0,"player_choice":"Obtained Relic","damage_taken":0,"relics_obtained":["Dodecahedron"],"max_hp_gain":0,"max_hp_loss":0,"event_name":"Addict","floor":28,"gold_loss":85},{"damage_healed":0,"gold_gain":0,"player_choice":"Trade","damage_taken":0,"relics_obtained":["NlothsMask"],"max_hp_gain":0,"max_hp_loss":0,"event_name":"FaceTrader","floor":29,"gold_loss":0},{"damage_healed":0,"gold_gain":0,"player_choice":"Fight","damage_taken":0,"max_hp_gain":0,"max_hp_loss":0,"event_name":"MindBloom","floor":44,"gold_loss":0}],"is_beta":false,"boss_relics":[{"not_picked":["Empty Cage","Orrery"],"picked":"Velvet Choker"},{"not_picked":["Cursed Key","Tiny House"],"picked":"Philosopher\u0027s Stone"}],"items_purged_floors":[5,38],"is_endless":false,"potions_floor_spawned":[1,7,13,19,20,20,33,35,36,44],"ascension_level":13}