{"gold_per_floor":[117,117,128,148,167,167,198,215,215,235,235,251,251,270,270,375,375,390,468,479,404,404,404,404,404],"floor_reached":25,"playtime":919,"items_purged":[],"score":236,"play_id":"2927f55c-7778-45ef-a12c-5025eac5c673","local_time":"20180715164554","is_ascension_mode":true,"campfire_choices":[{"data":"Zap","floor":6,"key":"SMITH"},{"data":"Hologram","floor":11,"key":"SMITH"},{"data":"Beam Cell","floor":13,"key":"SMITH"},{"data":"Hologram","floor":15,"key":"SMITH"},{"floor":23,"key":"REST"}],"neow_cost":"","seed_source_timestamp":24898731301476,"circlet_count":0,"master_deck":["Strike_B","Strike_B","Strike_B","Defend_B","Defend_B","Defend_B","Defend_B","Zap+1","Dualcast","Hologram+1","Go for the Eyes","Hologram+1","Sweeping Beam","Beam Cell+1","Leap","Echo Form+1","Undo","Self Repair+1","Writhe"],"relics":["Cracked Core","Lantern","Frozen Egg 2","Philosopher\u0027s Stone","Tiny Chest","Turnip","Torii"],"potions_floor_usage":[8,18],"damage_taken":[{"damage":0,"enemies":"2 Louse","floor":1,"turns":3},{"damage":0,"enemies":"Small Slimes","floor":3,"turns":2},{"damage":1,"enemies":"Cultist","floor":4,"turns":3},{"damage":4,"enemies":"Red Slaver","floor":5,"turns":3},{"damage":32,"enemies":"Lagavulin","floor":7,"turns":8},{"damage":0,"enemies":"Looter","floor":8,"turns":1},{"damage":2,"enemies":"3 Louse","floor":10,"turns":2},{"damage":4,"enemies":"2 Fungi Beasts","floor":12,"turns":2},{"damage":0,"enemies":"Blue Slaver","floor":14,"turns":3},{"damage":31,"enemies":"The Guardian","floor":16,"turns":14},{"damage":53,"enemies":"3 Byrds","floor":18,"turns":4},{"damage":3,"enemies":"Shell Parasite","floor":20,"turns":5},{"damage":47,"enemies":"Slavers","floor":25,"turns":2}],"seed_played":"-8323067239862553324","potions_obtained":[{"floor":3,"key":"Fire Potion"},{"floor":5,"key":"LiquidBronze"},{"floor":10,"key":"Dexterity Potion"}],"is_trial":false,"path_per_floor":["M","?","M","M","M","R","E","M","T","M","R","M","R","M","R","B",null,"M","T","M","?","?","R","T"],"character_chosen":"DEFECT","items_purchased":[],"campfire_rested":1,"item_purchase_floors":[],"current_hp_per_floor":[75,75,75,74,70,70,38,38,38,36,36,32,32,32,32,1,75,22,22,19,19,19,41,41,0],"gold":404,"neow_bonus":"","is_prod":false,"is_daily":false,"chose_seed":false,"campfire_upgraded":4,"win_rate":0,"timestamp":1531653354,"path_taken":["M","?","M","M","M","R","E","?","T","M","R","M","R","M","R","BOSS","M","?","M","?","?","R","?","E"],"build_version":"2018-07-13","purchased_purges":0,"victory":false,"max_hp_per_floor":[75,75,75,75,75,75,75,75,75,75,75,75,75,75,75,75,75,75,75,75,75,75,75,75,75],"card_choices":[{"not_picked":["Barrage","Skim"],"picked":"Hologram","floor":1},{"not_picked":["Chill","Storm"],"picked":"Go for the Eyes","floor":3},{"not_picked":["Redo","Leap"],"picked":"Hologram","floor":4},{"not_picked":["Seek","Turbo"],"picked":"Sweeping Beam","floor":5},{"not_picked":["Gash","White Noise"],"picked":"Beam Cell","floor":7},{"not_picked":["Steam Power","Cold Snap"],"picked":"Leap","floor":8},{"not_picked":["Reinforced Body","Stack","Coolheaded"],"picked":"SKIP","floor":10},{"not_picked":["Compile Driver","Cold Snap","Go for the Eyes"],"picked":"SKIP","floor":12},{"not_picked":["Barrage","Coolheaded","Amplify"],"picked":"SKIP","floor":14},{"not_picked":["Buffer+1","Machine Learning+1"],"picked":"Echo Form+1","floor":16},{"not_picked":["Double Energy","Chaos+1"],"picked":"Undo","floor":18},{"not_picked":["Steam","Recycle"],"picked":"Self Repair+1","floor":20}],"player_experience":202719,"relics_obtained":[{"floor":7,"key":"Lantern"},{"floor":9,"key":"Frozen Egg 2"},{"floor":19,"key":"Tiny Chest"},{"floor":24,"key":"Torii"}],"event_choices":[{"event_name":"Liars Game","player_choice":"disagreed","floor":2,"damage_taken":0},{"event_name":"Beggar","player_choice":"Gave Gold","floor":21,"damage_taken":0},{"event_name":"The Mausoleum","player_choice":"Yes","floor":22,"damage_taken":0}],"boss_relics":[{"not_picked":["Velvet Choker","Runic Dome"],"picked":"Philosopher\u0027s Stone"}],"items_purged_floors":[],"is_endless":false,"potions_floor_spawned":[3,5,10],"killed_by":"Slavers","ascension_level":3}