{"gold_per_floor":[19,36,46,59,73,73,73,91,139,139,139,177,195,234,234,329,329,347,262,262,262,16,16,60,60,60,78,93,134,134,157,157,247,247,265,285,285,1284,390,390,431,431,509,523,583,604,623,96,96,96,96,96,23,62,62],"floor_reached":56,"playtime":3578,"items_purged":["Normality","Normality"],"score":2191,"play_id":"e2441e2f-6e07-459e-9c5a-e139cd867237","local_time":"20190311120900","is_ascension_mode":true,"campfire_choices":[{"data":"Defragment","floor":6.0,"key":"SMITH"},{"data":"Rainbow","floor":10.0,"key":"SMITH"},{"data":"Capacitor","floor":15.0,"key":"SMITH"},{"data":"Defragment","floor":23.0,"key":"SMITH"},{"data":"Coolheaded","floor":30.0,"key":"SMITH"},{"floor":32.0,"key":"REST"},{"data":"Loop","floor":40.0,"key":"SMITH"},{"floor":42.0,"key":"REST"},{"floor":49.0,"key":"RECALL"},{"data":"Capacitor","floor":52.0,"key":"SMITH"}],"neow_cost":"NO_GOLD","seed_source_timestamp":1439359749265593,"circlet_count":0,"master_deck":["AscendersBane","Strike_B","Strike_B","Defend_B","Defend_B","Defend_B","Defend_B","Zap","Dualcast","Ball Lightning","Defragment+1","Rainbow+1","Redo","Chill","Reinforced Body","Capacitor+1","Skim","Creative AI","Defragment+1","RitualDagger","Melter","Coolheaded+1","Shame","Loop+1","Go for the Eyes","Machine Learning","Rainbow+1","Genetic Algorithm+1","Hologram+1","Compile Driver","Loop+1","Chaos+1","Seek+1","Capacitor+1","Clumsy","Chill+1","Compile Driver+1","BootSequence+1","Compile Driver","Core Surge"],"special_seed":0,"relics":["Cracked Core","Pen Nib","Golden Idol","FossilizedHelix","Blue Candle","Cursed Key","Juzu Bracelet","Mummified Hand","PreservedInsect","Toxic Egg 2","Nuclear Battery","Lantern","Anchor","Sling","Vajra","Torii","Bottled Lightning","Gambling Chip","Bag of Preparation","ClockworkSouvenir","Mango"],"potions_floor_usage":[55],"damage_taken":[{"damage":0.0,"enemies":"Cultist","floor":1.0,"turns":4.0},{"damage":7.0,"enemies":"Jaw Worm","floor":2.0,"turns":3.0},{"damage":0.0,"enemies":"2 Louse","floor":3.0,"turns":2.0},{"damage":4.0,"enemies":"Exordium Wildlife","floor":4.0,"turns":3.0},{"damage":5.0,"enemies":"Exordium Thugs","floor":5.0,"turns":4.0},{"damage":11.0,"enemies":"Lots of Slimes","floor":8.0,"turns":4.0},{"damage":9.0,"enemies":"3 Sentries","floor":12.0,"turns":8.0},{"damage":0.0,"enemies":"Exordium Wildlife","floor":13.0,"turns":3.0},{"damage":2.0,"enemies":"Gremlin Nob","floor":14.0,"turns":4.0},{"damage":0.0,"enemies":"The Guardian","floor":16.0,"turns":8.0},{"damage":9.0,"enemies":"3 Byrds","floor":18.0,"turns":7.0},{"damage":0.0,"enemies":"Slavers","floor":24.0,"turns":9.0},{"damage":12.0,"enemies":"2 Thieves","floor":27.0,"turns":3.0},{"damage":9.0,"enemies":"Centurion and Healer","floor":28.0,"turns":9.0},{"damage":0.0,"enemies":"Gremlin Leader","floor":29.0,"turns":7.0},{"damage":0.0,"enemies":"Sentry and Sphere","floor":31.0,"turns":9.0},{"damage":18.0,"enemies":"Automaton","floor":33.0,"turns":8.0},{"damage":17.0,"enemies":"3 Darklings","floor":35.0,"turns":4.0},{"damage":0.0,"enemies":"3 Shapes","floor":36.0,"turns":7.0},{"damage":47.0,"enemies":"Reptomancer","floor":41.0,"turns":6.0},{"damage":0.0,"enemies":"Maw","floor":44.0,"turns":6.0},{"damage":0.0,"enemies":"2 Orb Walkers","floor":45.0,"turns":6.0},{"damage":0.0,"enemies":"Writhing Mass","floor":46.0,"turns":6.0},{"damage":6.0,"enemies":"3 Darklings","floor":47.0,"turns":7.0},{"damage":0.0,"enemies":"Awakened One","floor":50.0,"turns":20.0},{"damage":12,"enemies":"Shield and Spear","floor":54,"turns":7},{"damage":9,"enemies":"The Heart","floor":55,"turns":11}],"seed_played":"7954515007979329596","potions_obtained":[{"floor":4.0,"key":"Strength Potion"},{"floor":8.0,"key":"EssenceOfSteel"},{"floor":14.0,"key":"Fire Potion"},{"floor":24.0,"key":"PowerPotion"},{"floor":28.0,"key":"Strength Potion"},{"floor":33.0,"key":"SkillPotion"},{"floor":36.0,"key":"Explosive Potion"},{"floor":44.0,"key":"Strength Potion"},{"floor":47.0,"key":"Weak Potion"}],"is_trial":false,"path_per_floor":["M","M","M","M","M","R","$","M","T","R","?","E","M","E","R","B",null,"M","?","?","?","$","R","E","?","T","M","M","E","R","M","R","B",null,"M","M","?","?","$","R","E","R","T","M","?","M","M","$","R","B",null,"R","$","E","B",null],"character_chosen":"DEFECT","items_purchased":["Mummified Hand","Anchor","Sling","Vajra","Compile Driver","Loop","Chaos+1","Seek+1","Bag of Preparation","ClockworkSouvenir","FocusPotion","FocusPotion"],"campfire_rested":2,"item_purchase_floors":[22,39,39,39,39,39,39,39,48,48,48,53],"current_hp_per_floor":[78,71,71,67,62,62,62,51,51,51,51,42,42,40,40,40,68,59,59,53,53,53,53,53,53,53,41,32,32,32,32,55,37,67,50,50,50,50,50,50,3,26,26,26,26,26,20,20,20,20,63,63,63,65,56],"gold":62,"neow_bonus":"TWENTY_PERCENT_HP_BONUS","is_prod":false,"is_daily":false,"chose_seed":false,"campfire_upgraded":7,"win_rate":0,"timestamp":1552320540,"path_taken":["M","M","?","M","M","R","$","M","T","R","?","E","M","E","R","BOSS","M","?","?","?","$","R","E","?","T","M","M","E","R","M","R","BOSS","M","M","?","?","$","R","E","R","T","M","?","M","M","$","R","BOSS","R","$","E","BOSS"],"build_version":"2019-02-06","purchased_purges":2,"victory":true,"max_hp_per_floor":[85,85,85,85,85,85,85,85,85,85,77,77,77,77,77,77,77,77,77,77,77,77,77,77,77,77,77,77,77,77,77,77,77,77,77,77,77,77,77,77,77,77,77,77,77,77,77,77,77,77,77,77,77,91,91],"card_choices":[{"not_picked":["Barrage","Beam Cell"],"picked":"Ball Lightning","floor":1.0},{"not_picked":["Streamline","Conserve Battery"],"picked":"Defragment","floor":2.0},{"not_picked":["Steam Power","Rebound"],"picked":"Rainbow","floor":3.0},{"not_picked":["Cold Snap","Leap"],"picked":"Redo","floor":4.0},{"not_picked":["Force Field","Go for the Eyes"],"picked":"Chill","floor":5.0},{"not_picked":["Rebound","Turbo"],"picked":"Reinforced Body","floor":8.0},{"not_picked":["Steam","Double Energy"],"picked":"Capacitor","floor":12.0},{"not_picked":["Streamline","Conserve Battery","Force Field"],"picked":"SKIP","floor":13.0},{"not_picked":["Leap","Lockon","Skim"],"picked":"SKIP","floor":14.0},{"not_picked":["Leap","Lockon"],"picked":"Skim","floor":14.0},{"not_picked":["Multi-Cast","Amplify"],"picked":"Creative AI","floor":16.0},{"not_picked":["Stack","Hologram"],"picked":"Defragment","floor":18.0},{"not_picked":["Stack","Beam Cell","Turbo"],"picked":"SKIP","floor":24.0},{"not_picked":["Hyperbeam","Go for the Eyes+1"],"picked":"Loop+1","floor":27.0},{"not_picked":["Scrape","Sweeping Beam"],"picked":"Go for the Eyes","floor":28.0},{"not_picked":["Streamline","Go for the Eyes"],"picked":"Machine Learning","floor":29.0},{"not_picked":["Streamline","Barrage","Storm"],"picked":"SKIP","floor":31.0},{"not_picked":["Meteor Strike","Hyperbeam"],"picked":"Rainbow+1","floor":33.0},{"not_picked":["Compile Driver","Steam Power+1"],"picked":"Genetic Algorithm+1","floor":35.0},{"not_picked":["Gash+1","Steam+1"],"picked":"Hologram+1","floor":36.0},{"not_picked":["Turbo+1","Storm"],"picked":"Capacitor","floor":41.0},{"not_picked":["Rebound","Double Energy+1"],"picked":"Chill+1","floor":44.0},{"not_picked":["Steam+1","Gash"],"picked":"Compile Driver+1","floor":45.0},{"not_picked":["Compile Driver","Steam Power+1"],"picked":"BootSequence+1","floor":46.0},{"not_picked":["Beam Cell","Go for the Eyes"],"picked":"Compile Driver","floor":47.0},{"not_picked":["Turbo+1","Ball Lightning"],"picked":"Core Surge","floor":54}],"player_experience":801153,"relics_obtained":[{"floor":9.0,"key":"Pen Nib"},{"floor":12.0,"key":"FossilizedHelix"},{"floor":14.0,"key":"Blue Candle"},{"floor":24.0,"key":"PreservedInsect"},{"floor":29.0,"key":"Toxic Egg 2"},{"floor":41.0,"key":"Torii"},{"floor":43.0,"key":"Bottled Lightning"},{"floor":45.0,"key":"Gambling Chip"},{"floor":54,"key":"Mango"}],"event_choices":[{"damage_healed":0.0,"max_hp_gain":0.0,"max_hp_loss":8.0,"gold_gain":0.0,"event_name":"Golden Idol","player_choice":"Lose Max HP","floor":11.0,"gold_loss":0.0,"damage_taken":0.0,"relics_obtained":["Golden Idol"]},{"damage_healed":0.0,"max_hp_gain":0.0,"max_hp_loss":0.0,"gold_gain":0.0,"event_name":"Addict","player_choice":"Obtained Relic","floor":19.0,"gold_loss":85.0,"damage_taken":0.0,"relics_obtained":["Juzu Bracelet"]},{"damage_healed":0.0,"max_hp_gain":0.0,"max_hp_loss":0.0,"gold_gain":0.0,"event_name":"Nest","player_choice":"Joined the Cult","floor":20.0,"gold_loss":0.0,"damage_taken":6.0,"cards_obtained":["RitualDagger"]},{"damage_healed":0.0,"max_hp_gain":0.0,"max_hp_loss":0.0,"gold_gain":0.0,"cards_transformed":["Strike_B","Strike_B"],"event_name":"Drug Dealer","player_choice":"Became Test Subject","floor":21.0,"gold_loss":0.0,"damage_taken":0.0,"cards_obtained":["Melter","Coolheaded"]},{"damage_healed":0.0,"max_hp_gain":0.0,"max_hp_loss":0.0,"gold_gain":0.0,"event_name":"Beggar","player_choice":"Ignored","floor":25.0,"gold_loss":0.0,"damage_taken":0.0},{"damage_healed":0.0,"max_hp_gain":0.0,"max_hp_loss":0.0,"gold_gain":0.0,"event_name":"WeMeetAgain","player_choice":"Gave Potion","floor":37.0,"gold_loss":0.0,"damage_taken":0.0,"relics_obtained":["Lantern"]},{"damage_healed":0.0,"max_hp_gain":0.0,"max_hp_loss":0.0,"gold_gain":999.0,"event_name":"MindBloom","player_choice":"Gold","floor":38.0,"gold_loss":0.0,"damage_taken":0.0,"cards_obtained":["Normality","Normality"]},{"damage_healed":0.0,"max_hp_gain":0.0,"max_hp_loss":0.0,"gold_gain":0.0,"event_name":"Mysterious Sphere","player_choice":"Fight","floor":45.0,"gold_loss":0.0,"damage_taken":0.0}],"is_beta":true,"boss_relics":[{"not_picked":["Runic Pyramid","Tiny House"],"picked":"Cursed Key"},{"not_picked":["Lizard Tail","FrozenCore"],"picked":"Nuclear Battery"}],"items_purged_floors":[39,48],"is_endless":false,"potions_floor_spawned":[4,8,14,16,24,28,33,36,44,47,54],"ascension_level":15}