{"path_per_floor":["M","M","?","M","?","E","M","?","T","R","M","M","E","M","R"],"character_chosen":"DEFECT","items_purchased":[],"gold_per_floor":[218,231,231,245,245,278,288,588,588,588,605,624,650,666,666,666],"floor_reached":16,"campfire_rested":2,"playtime":426,"current_hp_per_floor":[75,73,66,57,42,33,32,32,32,54,46,41,8,8,30,0],"items_purged":[],"gold":666,"score":137,"play_id":"767b4bc2-020d-4801-a5b1-b78c986fd70e","local_time":"20180502120143","is_prod":false,"is_daily":false,"chose_seed":false,"is_ascension_mode":true,"campfire_upgraded":0,"timestamp":1525233703,"path_taken":["M","M","?","M","?","E","M","?","T","R","?","?","E","M","R","BOSS"],"build_version":"2018-05-01","seed_source_timestamp":602808368332283,"purchased_purges":0,"victory":false,"master_deck":["Strike_B+1","Strike_B","Strike_B","Defend_B+1","Defend_B","Defend_B","Defend_B","Zap","Dualcast","Gash","Storm","Leap","Reprieve","Turbo","Normality","Hologram","Go for the Eyes","Stack","Thunder Strike"],"max_hp_per_floor":[75,75,75,75,75,75,75,75,75,75,75,75,75,75,75,75],"relics":["Cracked Core","Matryoshka","Old Coin","Ice Cream","Bottled Lightning","Frozen Egg 2"],"card_choices":[{"not_picked":["Sweeping Beam","Ball Lightning"],"picked":"Gash","floor":1},{"not_picked":["Barrage","Blizzard"],"picked":"Storm","floor":2},{"not_picked":["Rebound","Coolheaded"],"picked":"Leap","floor":4},{"not_picked":["Sweeping Beam","Skim"],"picked":"Reprieve","floor":6},{"not_picked":["Streamline","Loop"],"picked":"Turbo","floor":7},{"not_picked":["Steam Power","Darkness"],"picked":"Hologram","floor":11},{"not_picked":["Coolheaded","Sweeping Beam"],"picked":"Go for the Eyes","floor":12},{"not_picked":["Force Field","Sweeping Beam"],"picked":"Stack","floor":13},{"not_picked":["Reprogram","Axe Kick"],"picked":"Thunder Strike","floor":14}],"player_experience":926709,"potions_floor_usage":[6,14],"damage_taken":[{"damage":0,"enemies":"Small Slimes","floor":1,"turns":3},{"damage":2,"enemies":"Jaw Worm","floor":2,"turns":3},{"damage":9,"enemies":"2 Louse","floor":4,"turns":4},{"damage":9,"enemies":"3 Sentries","floor":6,"turns":7},{"damage":1,"enemies":"Large Slime","floor":7,"turns":6},{"damage":8,"enemies":"Blue Slaver","floor":11,"turns":5},{"damage":5,"enemies":"2 Fungi Beasts","floor":12,"turns":5},{"damage":33,"enemies":"Gremlin Nob","floor":13,"turns":5},{"damage":0,"enemies":"Red Slaver","floor":14,"turns":4},{"damage":33,"enemies":"The Guardian","floor":16,"turns":2}],"event_choices":[{"event_name":"Golden Wing","player_choice":"Card Removal","floor":3,"damage_taken":0},{"event_name":"Shining Light","player_choice":"Entered Light","floor":5,"damage_taken":0},{"event_name":"Accursed Blacksmith","player_choice":"Rummage","floor":8,"damage_taken":0}],"boss_relics":[],"potions_floor_spawned":[2,6,13,14],"seed_played":"8291010040029525262","killed_by":"The Guardian","ascension_level":4,"is_trial":false}