{"gold_per_floor":[117,267,10,10,29,29,55,72,97,97,116,142,192,203,203,279,279,294,29,29,29,49,49,68,68,68,68],"floor_reached":27,"playtime":1674,"items_purged":["Doubt"],"score":431,"play_id":"c9a536b4-9ea7-4a07-9f5a-d148635efb15","local_time":"20190322190313","is_ascension_mode":true,"campfire_choices":[{"data":"Go for the Eyes","floor":6.0,"key":"SMITH"},{"data":"Recycle","floor":15.0,"key":"SMITH"},{"floor":23.0,"key":"REST"}],"neow_cost":"NONE","seed_source_timestamp":2416353017754864,"circlet_count":0,"master_deck":["AscendersBane","Strike_B","Strike_B","Strike_B","Strike_B+1","Defend_B","Defend_B","Defend_B","Defend_B","Zap","Dualcast+1","Go for the Eyes+1","BootSequence","Compile Driver","Echo Form","Defragment","Recycle+1","Seek","White Noise","Leap","Auto Shields","Scrape","Decay"],"special_seed":0,"relics":["Cracked Core","NeowsBlessing","Shuriken","Oddly Smooth Stone","Bag of Marbles","Dream Catcher","Fusion Hammer","Runic Capacitor","Regal Pillow","Molten Egg 2"],"potions_floor_usage":[27],"damage_taken":[{"damage":0.0,"enemies":"Jaw Worm","floor":1.0,"turns":1.0},{"damage":0.0,"enemies":"Small Slimes","floor":5.0,"turns":1.0},{"damage":0.0,"enemies":"3 Sentries","floor":7.0,"turns":1.0},{"damage":0.0,"enemies":"2 Louse","floor":8.0,"turns":2.0},{"damage":10.0,"enemies":"Gremlin Gang","floor":11.0,"turns":4.0},{"damage":20.0,"enemies":"Gremlin Nob","floor":12.0,"turns":4.0},{"damage":1.0,"enemies":"Blue Slaver","floor":14.0,"turns":4.0},{"damage":8.0,"enemies":"Hexaghost","floor":16.0,"turns":10.0},{"damage":11.0,"enemies":"3 Byrds","floor":18.0,"turns":7.0},{"damage":29.0,"enemies":"Colosseum Slavers","floor":20.0,"turns":5.0},{"damage":7.0,"enemies":"Shell Parasite","floor":22.0,"turns":4.0},{"damage":8,"enemies":"3 Cultists","floor":24,"turns":4},{"damage":37,"enemies":"Gremlin Leader","floor":27,"turns":8}],"seed_played":"7670972377281715399","potions_obtained":[{"floor":5.0,"key":"PowerPotion"},{"floor":11.0,"key":"Ancient Potion"},{"floor":14.0,"key":"Block Potion"},{"floor":16.0,"key":"PowerPotion"},{"floor":18.0,"key":"FocusPotion"},{"floor":24,"key":"Block Potion"}],"is_trial":false,"path_per_floor":["M","?","$","?","M","R","E","M","T","?","M","E","?","M","R","B",null,"M","$","?","?","M","R","M","?","T","E"],"character_chosen":"DEFECT","items_purchased":["Shuriken","Runic Capacitor"],"campfire_rested":1,"item_purchase_floors":[3,19],"current_hp_per_floor":[64,64,64,43,43,43,43,43,43,43,33,13,13,12,12,4,54,43,43,14,14,7,43,35,35,35,0],"gold":68,"neow_bonus":"THREE_ENEMY_KILL","is_prod":false,"is_daily":false,"chose_seed":false,"campfire_upgraded":2,"win_rate":0,"timestamp":1553295793,"path_taken":["M","?","$","?","M","R","E","M","T","?","M","E","?","?","R","BOSS","M","$","?","?","M","R","?","?","T","E"],"build_version":"2019-03-15","purchased_purges":1,"victory":false,"max_hp_per_floor":[71,71,71,71,71,71,71,71,71,71,71,71,71,71,71,71,71,71,71,71,71,71,71,71,71,71,71],"card_choices":[{"not_picked":["Reprogram","Lockon"],"picked":"Go for the Eyes","floor":1.0},{"not_picked":["Heatsinks","Stack"],"picked":"BootSequence","floor":5.0},{"not_picked":["Sweeping Beam","Redo"],"picked":"Go for the Eyes","floor":7.0},{"not_picked":["Double Energy","Static Discharge"],"picked":"Compile Driver","floor":8.0},{"not_picked":["Consume","Conserve Battery"],"picked":"Echo Form","floor":11.0},{"not_picked":["Beam Cell","Thunder Strike"],"picked":"Defragment","floor":12.0},{"not_picked":["Steam","Turbo"],"picked":"Recycle","floor":14.0},{"not_picked":["Amplify","Meteor Strike"],"picked":"Seek","floor":16.0},{"not_picked":["Hello World","Barrage"],"picked":"White Noise","floor":18.0},{"not_picked":["Beam Cell","BootSequence"],"picked":"Leap","floor":22.0},{"not_picked":["Conserve Battery","Redo"],"picked":"Auto Shields","floor":23.0},{"not_picked":["Hologram","Barrage"],"picked":"Scrape","floor":24}],"player_experience":841538,"relics_obtained":[{"floor":7.0,"key":"Oddly Smooth Stone"},{"floor":9.0,"key":"Bag of Marbles"},{"floor":12.0,"key":"Dream Catcher"},{"floor":26,"key":"Molten Egg 2"}],"event_choices":[{"damage_healed":0.0,"max_hp_gain":0.0,"max_hp_loss":0.0,"gold_gain":150.0,"event_name":"Liars Game","player_choice":"AGREE","floor":2.0,"gold_loss":0.0,"damage_taken":0.0,"cards_obtained":["Doubt"]},{"damage_healed":0.0,"max_hp_gain":0.0,"max_hp_loss":0.0,"gold_gain":0.0,"event_name":"Shining Light","player_choice":"Entered Light","floor":4.0,"gold_loss":0.0,"damage_taken":21.0,"cards_upgraded":["Dualcast","Strike_B"]},{"damage_healed":0.0,"max_hp_gain":0.0,"max_hp_loss":0.0,"gold_gain":0.0,"event_name":"Golden Wing","player_choice":"Ignored","floor":10.0,"gold_loss":0.0,"damage_taken":0.0},{"damage_healed":0.0,"max_hp_gain":0.0,"max_hp_loss":0.0,"gold_gain":50.0,"event_name":"Golden Shrine","player_choice":"Pray","floor":13.0,"gold_loss":0.0,"damage_taken":0.0},{"damage_healed":0.0,"max_hp_gain":0.0,"max_hp_loss":0.0,"gold_gain":0.0,"event_name":"Colosseum","player_choice":"Fight","floor":20.0,"gold_loss":0.0,"damage_taken":0.0},{"damage_healed":0.0,"max_hp_gain":0.0,"max_hp_loss":0.0,"gold_gain":0.0,"event_name":"Colosseum","player_choice":"Fled From Nobs","floor":20.0,"gold_loss":0.0,"damage_taken":0.0},{"cards_removed":["Go for the Eyes"],"damage_healed":0.0,"max_hp_gain":0.0,"max_hp_loss":0.0,"gold_gain":0.0,"event_name":"WeMeetAgain","player_choice":"Gave Card","floor":21.0,"gold_loss":0.0,"damage_taken":0.0,"relics_obtained":["Regal Pillow"]},{"damage_healed":0,"gold_gain":0,"player_choice":"Smashed Altar","damage_taken":0,"max_hp_gain":0,"max_hp_loss":0,"event_name":"Forgotten Altar","floor":25,"gold_loss":0,"cards_obtained":["Decay"]}],"is_beta":true,"boss_relics":[{"not_picked":["Calling Bell","Empty Cage"],"picked":"Fusion Hammer"}],"items_purged_floors":[19],"is_endless":false,"potions_floor_spawned":[5,11,14,16,18,24],"killed_by":"Gremlin Leader","ascension_level":15}