{"gold_per_floor":[115,129,139,158,158,178,178,217,217,250,250,250,137,175,187,330,342,368,380,392,14,29,29,69,69,69,69,102,17,42,42,42,162,162,182,195,578,588,603,603,653,682,706,731,731,196,246,263,263,263,263,263,32,61,61],"floor_reached":56,"playtime":4947,"items_purged":["Injury","Decay"],"score":1648,"play_id":"b64d1079-2c37-4862-945f-9e6a9e15633d","local_time":"20190313222934","is_ascension_mode":true,"campfire_choices":[{"floor":7.0,"key":"REST"},{"data":"Crippling Poison","floor":12.0,"key":"SMITH"},{"data":"Footwork","floor":15.0,"key":"SMITH"},{"data":"Ghostly","floor":23.0,"key":"SMITH"},{"data":"Ghostly","floor":25.0,"key":"SMITH"},{"data":"Ghostly","floor":27.0,"key":"SMITH"},{"data":"Ghostly","floor":32.0,"key":"SMITH"},{"data":"After Image","floor":40,"key":"SMITH"},{"floor":45,"key":"RECALL"},{"floor":49,"key":"REST"},{"floor":52,"key":"REST"}],"neow_cost":"NONE","seed_source_timestamp":0,"circlet_count":0,"master_deck":["Defend_G+1","Defend_G+1","Defend_G+1","Defend_G+1","Defend_G+1","Strike_G+1","Strike_G+1","Strike_G+1","Strike_G+1","Strike_G+1","Survivor+1","Neutralize+1","Quick Slash+1","Poisoned Stab+1","Crippling Poison+1","Sucker Punch+1","Well Laid Plans+1","Crippling Poison+1","Crippling Poison+1","Infinite Blades+1","Footwork+1","Corpse Explosion+1","Backflip+1","Ghostly+1","Ghostly+1","Ghostly+1","Ghostly+1","Ghostly+1","Footwork+1","Dagger Throw+1","Caltrops+1","Deflect+1","After Image+1","Dodge and Roll+1","Injury","Leg Sweep+1","Footwork"],"special_seed":0,"relics":["Black Star","Dead Branch","Paper Crane","Mummified Hand","Molten Egg 2","Strawberry","MawBank","Ancient Tea Set","Cursed Key","The Specimen","Blood Vial","Orichalcum","Bottled Lightning","Bag of Preparation","Thread and Needle","Juzu Bracelet","SsserpentHead","Busted Crown","Meat on the Bone","Bird Faced Urn","Art of War","Pocketwatch","Torii","Mark of the Bloom","Bronze Scales","Kunai","Gambling Chip"],"potions_floor_usage":[38,44,55,55,55],"damage_taken":[{"damage":6.0,"enemies":"Cultist","floor":1.0,"turns":5.0},{"damage":4.0,"enemies":"Jaw Worm","floor":2.0,"turns":4.0},{"damage":0.0,"enemies":"2 Louse","floor":3.0,"turns":3.0},{"damage":7.0,"enemies":"Blue Slaver","floor":4.0,"turns":4.0},{"damage":6.0,"enemies":"Large Slime","floor":6.0,"turns":7.0},{"damage":12.0,"enemies":"Gremlin Nob","floor":8.0,"turns":3.0},{"damage":18.0,"enemies":"3 Sentries","floor":10.0,"turns":4.0},{"damage":19.0,"enemies":"Lagavulin","floor":14.0,"turns":4.0},{"damage":9.0,"enemies":"The Guardian","floor":16.0,"turns":10.0},{"damage":6.0,"enemies":"Chosen","floor":18.0,"turns":4.0},{"damage":0.0,"enemies":"Spheric Guardian","floor":22.0,"turns":5.0},{"damage":6.0,"enemies":"Slavers","floor":24.0,"turns":3.0},{"damage":0.0,"enemies":"Gremlin Leader","floor":28.0,"turns":4.0},{"damage":0.0,"enemies":"Chosen and Byrds","floor":30.0,"turns":4.0},{"damage":0,"enemies":"Automaton","floor":33,"turns":10},{"damage":0,"enemies":"3 Shapes","floor":35,"turns":2},{"damage":0,"enemies":"3 Darklings","floor":36,"turns":3},{"damage":0,"enemies":"Spire Growth","floor":38,"turns":5},{"damage":0,"enemies":"Sphere and 2 Shapes","floor":39,"turns":4},{"damage":0,"enemies":"Giant Head","floor":42,"turns":11},{"damage":7,"enemies":"Reptomancer","floor":44,"turns":7},{"damage":0,"enemies":"Maw","floor":48,"turns":7},{"damage":1,"enemies":"Awakened One","floor":50,"turns":11},{"damage":1,"enemies":"Shield and Spear","floor":54,"turns":5},{"damage":1,"enemies":"The Heart","floor":55,"turns":9}],"seed_played":"-6411482088975720266","potions_obtained":[{"floor":2.0,"key":"SteroidPotion"},{"floor":3.0,"key":"FearPotion"},{"floor":6.0,"key":"GhostInAJar"},{"floor":8.0,"key":"Weak Potion"},{"floor":10.0,"key":"GamblersBrew"},{"floor":35,"key":"Energy Potion"},{"floor":38,"key":"FairyPotion"},{"floor":54,"key":"EssenceOfSteel"}],"is_trial":false,"path_per_floor":["M","M","M","M","?","M","R","E","T","E","?","R","$","E","R","B",null,"M","?","?","$","M","R","E","R","T","R","E","?","M","?","R","B",null,"M","M","?","M","M","R","?","E","T","E","R","$","?","M","R","B",null,"R","$","E","B",null],"character_chosen":"THE_SILENT","items_purchased":["Infinite Blades","Footwork","The Specimen","SpeedPotion","Leg Sweep","Torii","LiquidBronze","Bronze Scales","Footwork"],"campfire_rested":3,"item_purchase_floors":[13,21,21,21,46,46,46,53,53],"current_hp_per_floor":[64,60,60,53,53,47,68,56,56,45,45,45,45,26,26,17,77,71,71,38,38,38,38,32,32,32,32,34,34,36,36,36,38,38,38,38,38,38,38,38,36,36,36,35,35,35,35,35,35,34,34,34,34,33,32],"gold":61,"neow_bonus":"BOSS_RELIC","is_prod":false,"is_daily":false,"chose_seed":false,"campfire_upgraded":7,"win_rate":0,"timestamp":1552512574,"path_taken":["M","M","M","M","?","M","R","E","T","E","?","R","$","E","R","BOSS","M","?","?","$","M","R","E","R","T","R","E","?","M","?","R","BOSS","M","M","?","M","M","R","?","E","T","E","R","$","?","M","R","BOSS","R","$","E","BOSS"],"build_version":"2019-01-23","purchased_purges":2,"victory":true,"max_hp_per_floor":[70,70,70,70,70,70,70,70,70,77,77,77,77,77,77,77,77,77,77,38,38,38,38,38,38,38,38,38,38,38,38,38,38,38,38,38,38,38,38,38,36,36,36,36,36,36,36,36,36,36,36,36,36,36,36],"card_choices":[{"not_picked":["Endless Agony","Accuracy"],"picked":"Quick Slash","floor":1.0},{"not_picked":["Leg Sweep","Cloak And Dagger"],"picked":"Poisoned Stab","floor":2.0},{"not_picked":["Prepared","Bullet Time"],"picked":"Crippling Poison","floor":3.0},{"not_picked":["Expertise","Deadly Poison"],"picked":"Sucker Punch","floor":4.0},{"not_picked":["Slice","Acrobatics"],"picked":"Well Laid Plans","floor":6.0},{"not_picked":["Calculated Gamble","Reflex"],"picked":"Crippling Poison","floor":8.0},{"not_picked":["Slice","Flying Knee"],"picked":"Crippling Poison","floor":10.0},{"not_picked":["Underhanded Strike+1","Terror"],"picked":"Footwork","floor":14.0},{"not_picked":["Storm of Steel","Venomology"],"picked":"Corpse Explosion","floor":16.0},{"not_picked":["Sucker Punch+1","PiercingWail"],"picked":"Backflip","floor":18.0},{"not_picked":["Setup","Poisoned Stab+1"],"picked":"Dagger Throw+1","floor":22.0},{"not_picked":["Dagger Spray+1","Dash+1"],"picked":"Caltrops+1","floor":24.0},{"not_picked":["Choke+1","Bouncing Flask"],"picked":"Deflect","floor":28.0},{"not_picked":["Underhanded Strike+1","Grand Finale+1","Dagger Throw+1"],"picked":"SKIP","floor":30.0},{"not_picked":["Grand Finale+1","Doppelganger"],"picked":"After Image","floor":33},{"not_picked":["Expertise+1"],"picked":"SKIP","floor":35},{"not_picked":["Deflect+1"],"picked":"SKIP","floor":36},{"not_picked":["Terror"],"picked":"SKIP","floor":38},{"not_picked":[],"picked":"Dodge and Roll","floor":39},{"not_picked":["Skewer+1"],"picked":"SKIP","floor":42},{"not_picked":["Poisoned Stab+1"],"picked":"SKIP","floor":44},{"not_picked":["Poisoned Stab+1"],"picked":"SKIP","floor":48},{"not_picked":["Skewer+1"],"picked":"SKIP","floor":54}],"player_experience":198238,"relics_obtained":[{"floor":8.0,"key":"Dead Branch"},{"floor":8.0,"key":"Paper Crane"},{"floor":9.0,"key":"Mummified Hand"},{"floor":10.0,"key":"Molten Egg 2"},{"floor":10.0,"key":"Strawberry"},{"floor":14.0,"key":"MawBank"},{"floor":14.0,"key":"Ancient Tea Set"},{"floor":24.0,"key":"Blood Vial"},{"floor":24.0,"key":"Orichalcum"},{"floor":26.0,"key":"Bottled Lightning"},{"floor":28.0,"key":"Bag of Preparation"},{"floor":28.0,"key":"Thread and Needle"},{"floor":42,"key":"Meat on the Bone"},{"floor":42,"key":"Bird Faced Urn"},{"floor":44,"key":"Art of War"},{"floor":44,"key":"Pocketwatch"},{"floor":54,"key":"Kunai"},{"floor":54,"key":"Gambling Chip"}],"event_choices":[{"damage_healed":0.0,"max_hp_gain":0.0,"max_hp_loss":0.0,"gold_gain":0.0,"event_name":"Golden Idol","player_choice":"Take Wound","floor":5.0,"gold_loss":0.0,"damage_taken":0.0,"relics_obtained":["Golden Idol"],"cards_obtained":["Injury"]},{"damage_healed":0.0,"max_hp_gain":0.0,"max_hp_loss":0.0,"gold_gain":0.0,"event_name":"Dead Adventurer","player_choice":"Searched \u00271\u0027 times","floor":11.0,"gold_loss":0.0,"damage_taken":0.0},{"damage_healed":0.0,"max_hp_gain":0.0,"max_hp_loss":0.0,"gold_gain":0.0,"event_name":"Vampires","player_choice":"Ignored","floor":19.0,"gold_loss":0.0,"damage_taken":0.0},{"damage_healed":0.0,"max_hp_gain":0.0,"max_hp_loss":39.0,"gold_gain":0.0,"event_name":"Ghosts","player_choice":"Became a Ghost","floor":20.0,"gold_loss":0.0,"damage_taken":0.0,"cards_obtained":["Ghostly","Ghostly","Ghostly","Ghostly","Ghostly"]},{"damage_healed":0.0,"max_hp_gain":0.0,"max_hp_loss":0.0,"gold_gain":0.0,"event_name":"Addict","player_choice":"Obtained Relic","floor":29.0,"gold_loss":85.0,"damage_taken":0.0,"relics_obtained":["Juzu Bracelet"]},{"damage_healed":0.0,"max_hp_gain":0.0,"max_hp_loss":0.0,"gold_gain":0.0,"event_name":"FaceTrader","player_choice":"Trade","floor":31.0,"gold_loss":0.0,"damage_taken":0.0,"relics_obtained":["SsserpentHead"]},{"damage_healed":0,"gold_gain":333,"player_choice":"Gave Idol","damage_taken":0,"max_hp_gain":0,"max_hp_loss":0,"event_name":"The Moai Head","floor":37,"relics_lost":["Golden Idol"],"gold_loss":0},{"damage_healed":0,"gold_gain":0,"player_choice":"Max HP","damage_taken":0,"max_hp_gain":0,"max_hp_loss":2,"event_name":"Winding Halls","floor":41,"gold_loss":0},{"damage_healed":0,"gold_gain":0,"player_choice":"Upgrade","damage_taken":0,"relics_obtained":["Mark of the Bloom"],"max_hp_gain":0,"max_hp_loss":0,"event_name":"MindBloom","floor":47,"gold_loss":0,"cards_upgraded":["Defend_G","Defend_G","Defend_G","Defend_G","Defend_G","Strike_G","Strike_G","Strike_G","Strike_G","Strike_G","Survivor","Neutralize","Quick Slash","Poisoned Stab","Sucker Punch","Well Laid Plans","Crippling Poison","Crippling Poison","Infinite Blades","Corpse Explosion","Backflip","Ghostly","Footwork","Deflect","Dodge and Roll","Leg Sweep"]}],"is_beta":false,"boss_relics":[{"not_picked":["Sozu","Velvet Choker"],"picked":"Cursed Key"},{"not_picked":["Orrery","White Beast Statue"],"picked":"Busted Crown"}],"items_purged_floors":[13,46],"is_endless":false,"potions_floor_spawned":[2,3,6,8,10,22,28,30,35,38,48,54],"ascension_level":4}