{"gold_per_floor":[114,12,12,12,29,29,43,43,43,68,68,68,68,82,82,185,235,246,264,282,282,3,3,21,31,31,62,337,337,371,384,384,488,488,502,520,530,530],"floor_reached":38,"playtime":2637,"items_purged":["Regret","Strike_B"],"score":483,"play_id":"fecc5498-2227-447a-af87-82b24d82cf60","local_time":"20190131132936","is_ascension_mode":true,"campfire_choices":[{"data":"White Noise","floor":6.0,"key":"SMITH"},{"data":"Hologram","floor":8.0,"key":"SMITH"},{"data":"Conserve Battery","floor":11.0,"key":"SMITH"},{"floor":13.0,"key":"REST"},{"data":"Go for the Eyes","floor":15.0,"key":"SMITH"},{"floor":23,"key":"REST"},{"floor":29,"key":"REST"},{"floor":32,"key":"REST"}],"neow_cost":"CURSE","seed_source_timestamp":0,"circlet_count":0,"master_deck":["Defend_B","Defend_B","Defend_B+1","Defend_B","Zap+1","Dualcast","Go for the Eyes+1","Hologram+1","White Noise+1","Conserve Battery+1","Electrodynamics","Go for the Eyes+1","Echo Form","Redo","White Noise+1","Leap+1","Defragment","Conserve Battery","Regret","Aggregate","Conserve Battery+1","Seek+1","Barrage+1","Core Surge+1"],"special_seed":0,"relics":["Cracked Core","The Courier","Orichalcum","Tiny House","Cables","PreservedInsect","Shuriken","Boot","Astrolabe"],"potions_floor_usage":[31,33,36],"damage_taken":[{"damage":5.0,"enemies":"Jaw Worm","floor":1.0,"turns":4.0},{"damage":0.0,"enemies":"2 Louse","floor":5.0,"turns":2.0},{"damage":0.0,"enemies":"Small Slimes","floor":7.0,"turns":4.0},{"damage":23.0,"enemies":"Lagavulin","floor":10.0,"turns":8.0},{"damage":9.0,"enemies":"Red Slaver","floor":14.0,"turns":3.0},{"damage":24.0,"enemies":"Hexaghost","floor":16.0,"turns":13.0},{"damage":16,"enemies":"Shell Parasite","floor":18,"turns":6},{"damage":29,"enemies":"2 Thieves","floor":19,"turns":4},{"damage":21,"enemies":"Shelled Parasite and Fungi","floor":20,"turns":6},{"damage":6,"enemies":"Chosen and Byrds","floor":24,"turns":4},{"damage":3,"enemies":"Snecko","floor":25,"turns":4},{"damage":9,"enemies":"Book of Stabbing","floor":27,"turns":5},{"damage":28,"enemies":"Slavers","floor":30,"turns":2},{"damage":12,"enemies":"Cultist and Chosen","floor":31,"turns":5},{"damage":47,"enemies":"Collector","floor":33,"turns":8},{"damage":41,"enemies":"3 Darklings","floor":35,"turns":4},{"damage":2,"enemies":"Orb Walker","floor":36,"turns":5},{"damage":36,"enemies":"Spire Growth","floor":37,"turns":5},{"damage":0,"enemies":"Transient","floor":38,"turns":1}],"seed_played":"23965286592364032","potions_obtained":[{"floor":10.0,"key":"Swift Potion"},{"floor":14.0,"key":"FairyPotion"},{"floor":17,"key":"Explosive Potion"},{"floor":27,"key":"FocusPotion"},{"floor":33,"key":"SpeedPotion"},{"floor":35,"key":"GamblersBrew"}],"is_trial":false,"path_per_floor":["M","$","?","?","M","R","M","R","T","E","R","?","R","M","R","B",null,"M","M","M","?","$","R","M","M","T","E","?","R","E","M","R","B",null,"M","M","M","M"],"character_chosen":"DEFECT","items_purchased":["Hologram","Cables"],"campfire_rested":4,"item_purchase_floors":[2,22],"current_hp_per_floor":[84,84,84,84,84,84,84,84,84,61,61,43,69,60,60,36,94,78,49,28,28,28,56,50,47,47,38,38,66,38,26,54,7,94,53,51,15,15],"gold":530,"neow_bonus":"TWENTY_PERCENT_HP_BONUS","is_prod":false,"is_daily":false,"chose_seed":false,"campfire_upgraded":4,"win_rate":0,"timestamp":1548937776,"path_taken":["M","$","?","?","M","R","M","R","T","E","R","?","R","M","R","BOSS","M","M","M","?","$","R","M","?","T","E","?","R","E","M","R","BOSS","M","M","?","M"],"build_version":"2019-01-23","purchased_purges":2,"victory":false,"max_hp_per_floor":[89,89,89,89,89,89,89,89,89,89,89,89,89,89,89,89,94,94,94,94,94,94,94,94,94,94,94,94,94,94,94,94,94,94,94,94,94,94],"card_choices":[{"not_picked":["Stack","Steam"],"picked":"Go for the Eyes","floor":1.0},{"not_picked":["Genetic Algorithm","Force Field"],"picked":"White Noise","floor":5.0},{"not_picked":["Reprogram","Beam Cell"],"picked":"Conserve Battery","floor":7.0},{"not_picked":["Go for the Eyes","Loop"],"picked":"Electrodynamics","floor":10.0},{"not_picked":["Hologram","Turbo"],"picked":"Go for the Eyes","floor":14.0},{"not_picked":["All For One","Reboot"],"picked":"Echo Form","floor":16.0},{"not_picked":["Ball Lightning","Go for the Eyes"],"picked":"Redo","floor":17},{"not_picked":["Barrage","Redo"],"picked":"White Noise","floor":18},{"not_picked":["Meteor Strike","Go for the Eyes+1"],"picked":"Leap+1","floor":19},{"not_picked":["Compile Driver","Go for the Eyes+1","Redo"],"picked":"SKIP","floor":20},{"not_picked":["Loop","Go for the Eyes+1"],"picked":"Defragment","floor":24},{"not_picked":["Self Repair","Barrage","Hologram+1"],"picked":"SKIP","floor":25},{"not_picked":["Compile Driver","Gash"],"picked":"Conserve Battery","floor":27},{"not_picked":["Heatsinks","Chaos"],"picked":"Aggregate","floor":30},{"not_picked":["Compile Driver","Double Energy"],"picked":"Conserve Battery+1","floor":31},{"not_picked":["Go for the Eyes+1","Cold Snap+1","Hologram+1"],"picked":"SKIP","floor":35},{"not_picked":["Undo","FTL","Hologram"],"picked":"SKIP","floor":36},{"not_picked":["Hologram+1","Loop","Redo+1"],"picked":"SKIP","floor":37}],"player_experience":101244,"relics_obtained":[{"floor":9.0,"key":"The Courier"},{"floor":10.0,"key":"Orichalcum"},{"floor":26,"key":"PreservedInsect"},{"floor":27,"key":"Shuriken"},{"floor":30,"key":"Boot"}],"event_choices":[{"damage_healed":0.0,"max_hp_gain":0.0,"max_hp_loss":0.0,"gold_gain":0.0,"event_name":"Living Wall","player_choice":"Grow","floor":3.0,"gold_loss":0.0,"damage_taken":0.0,"cards_upgraded":["Zap"]},{"damage_healed":0.0,"max_hp_gain":0.0,"max_hp_loss":0.0,"gold_gain":0.0,"event_name":"The Cleric","player_choice":"Leave","floor":4.0,"gold_loss":0.0,"damage_taken":0.0},{"damage_healed":0.0,"max_hp_gain":0.0,"max_hp_loss":0.0,"gold_gain":0.0,"event_name":"Shining Light","player_choice":"Entered Light","floor":12.0,"gold_loss":0.0,"damage_taken":18.0,"cards_upgraded":["Defend_B","Go for the Eyes"]},{"damage_healed":0,"gold_gain":0,"player_choice":"Upgraded","damage_taken":0,"max_hp_gain":0,"max_hp_loss":0,"event_name":"Upgrade Shrine","floor":21,"gold_loss":0,"cards_upgraded":["White Noise"]},{"damage_healed":0,"gold_gain":275,"player_choice":"Desecrate","damage_taken":0,"max_hp_gain":0,"max_hp_loss":0,"event_name":"Golden Shrine","floor":28,"gold_loss":0,"cards_obtained":["Regret"]}],"is_beta":false,"boss_relics":[{"not_picked":["Nuclear Battery","Velvet Choker"],"picked":"Tiny House"},{"not_picked":["Empty Cage","Inserter"],"picked":"Astrolabe"}],"items_purged_floors":[2,22],"is_endless":false,"potions_floor_spawned":[10,14,20,25,27,33,35],"killed_by":"Transient","ascension_level":2}