{"path_per_floor":["M","?","M","?","$","E","M","R","T","E","$","M","R","M","R","B",null,"M","?","M","M","$","R"],"character_chosen":"DEFECT","items_purchased":["Strength Potion","Capacitor"],"gold_per_floor":[110,110,129,129,3,30,46,46,46,75,39,53,53,70,70,167,167,179,104,118,138,58,58,58],"floor_reached":24,"campfire_rested":2,"playtime":972,"current_hp_per_floor":[75,75,66,66,66,46,46,46,46,30,30,24,50,43,69,31,89,74,74,62,67,67,67,0],"items_purged":["Regret","Strike_B"],"gold":58,"score":216,"play_id":"de289fb9-bd37-4c2a-86f1-15824829df1a","local_time":"20180427123225","is_prod":false,"is_daily":false,"chose_seed":false,"is_ascension_mode":true,"campfire_upgraded":2,"timestamp":1524803545,"path_taken":["M","?","M","?","$","E","M","R","T","E","?","M","R","M","R","BOSS","M","?","M","M","$","R","E"],"build_version":"2018-04-26","seed_source_timestamp":172074357418002,"purchased_purges":2,"victory":false,"master_deck":["Strike_B","Strike_B","Defend_B","Defend_B","Defend_B","Defend_B","Zap","Dualcast+1","Ball Lightning","Cold Snap","Static Discharge","Streamline+1","Conserve Battery","Capacitor","Ball Lightning","Defragment+1","Fission","Ball Lightning","Darkness+1","Cold Snap"],"max_hp_per_floor":[75,75,75,75,75,75,75,75,75,89,89,89,89,89,89,89,89,89,89,89,89,89,89,89],"relics":["Cracked Core","Ornamental Fan","Shuriken","The Courier","Mango","Nuclear Battery"],"card_choices":[{"not_picked":["Beam Cell","Barrage"],"picked":"Ball Lightning","floor":1},{"not_picked":["Storm","Aggregate"],"picked":"Cold Snap","floor":3},{"not_picked":["Barrage","Auto Shields"],"picked":"Static Discharge","floor":6},{"not_picked":["Defragment","Darkness"],"picked":"Streamline","floor":7},{"not_picked":["Hello World","Biased Cognition"],"picked":"Conserve Battery","floor":10},{"not_picked":["Go for the Eyes","Coolheaded"],"picked":"Ball Lightning","floor":12},{"not_picked":["Capacitor","Go for the Eyes"],"picked":"Defragment","floor":14},{"not_picked":["Machine Learning","Reboot"],"picked":"Fission","floor":16},{"not_picked":["Sweeping Beam","FTL"],"picked":"Ball Lightning","floor":18},{"not_picked":["Stack","Flux Capacitor"],"picked":"Darkness","floor":20},{"not_picked":["Stack","Ball Lightning"],"picked":"Cold Snap","floor":21}],"player_experience":905095,"potions_floor_usage":[21,21,24],"damage_taken":[{"damage":0,"enemies":"Small Slimes","floor":1,"turns":3},{"damage":9,"enemies":"Jaw Worm","floor":3,"turns":3},{"damage":20,"enemies":"3 Sentries","floor":6,"turns":8},{"damage":0,"enemies":"2 Louse","floor":7,"turns":2},{"damage":30,"enemies":"Lagavulin","floor":10,"turns":6},{"damage":6,"enemies":"Looter","floor":12,"turns":3},{"damage":7,"enemies":"Blue Slaver","floor":14,"turns":3},{"damage":38,"enemies":"The Guardian","floor":16,"turns":10},{"damage":15,"enemies":"Chosen","floor":18,"turns":4},{"damage":12,"enemies":"Spheric Guardian","floor":20,"turns":4},{"damage":10,"enemies":"Centurion and Healer","floor":21,"turns":7},{"damage":76,"enemies":"Gremlin Leader","floor":24,"turns":8}],"event_choices":[{"event_name":"Big Fish","player_choice":"Box","floor":2,"damage_taken":0},{"event_name":"Living Wall","player_choice":"Grow","floor":4,"damage_taken":0},{"event_name":"Beggar","player_choice":"Gave Gold","floor":19,"damage_taken":0}],"boss_relics":[{"not_picked":["Tiny House","Ectoplasm"],"picked":"Nuclear Battery"}],"potions_floor_spawned":[7,10,12,16,20],"seed_played":"-5799302723297347406","killed_by":"Gremlin Leader","ascension_level":1,"is_trial":false}