{"gold_per_floor":[111,16,16,16,33,59,59,73,73,101,121,151,5,80,80,176,176,161,261,261,261,261],"floor_reached":22,"playtime":1622,"items_purged":["Strike_R"],"score":320,"play_id":"ca0f14e5-6965-492e-838e-3f6c87c252be","local_time":"20190420222117","is_ascension_mode":true,"campfire_choices":[{"data":"Disarm","floor":7,"key":"SMITH"},{"floor":15,"key":"REST"}],"neow_cost":"NONE","seed_source_timestamp":695637479804300,"circlet_count":0,"master_deck":["AscendersBane","Strike_R","Strike_R","Strike_R","Defend_R","Defend_R","Defend_R","Defend_R","Bash","Twin Strike","Disarm+1","Armaments+1","Iron Wave","Demon Form","Feel No Pain","Inflame","Metallicize","Spot Weakness","Barricade","Uppercut","Decay"],"relics":["Burning Blood","PreservedInsect","Mummified Hand","Mercury Hourglass","Peace Pipe","Question Card","Sozu","Calipers","Dodecahedron"],"potions_floor_usage":[11,12,12],"damage_taken":[{"damage":1,"enemies":"Jaw Worm","floor":1,"turns":5},{"damage":7,"enemies":"Small Slimes","floor":5,"turns":4},{"damage":20,"enemies":"Gremlin Nob","floor":6,"turns":4},{"damage":0,"enemies":"Cultist","floor":8,"turns":4},{"damage":27,"enemies":"3 Sentries","floor":10,"turns":6},{"damage":8,"enemies":"Exordium Wildlife","floor":11,"turns":4},{"damage":12,"enemies":"Lagavulin","floor":12,"turns":7},{"damage":32,"enemies":"Slime Boss","floor":16,"turns":10},{"damage":8,"enemies":"2 Thieves","floor":18,"turns":4},{"damage":33,"enemies":"Colosseum Slavers","floor":19,"turns":5},{"damage":31,"enemies":"Colosseum Nobs","floor":19,"turns":5},{"damage":22,"enemies":"Chosen","floor":22,"turns":4}],"seed_played":"-6026636672773174410","potions_obtained":[{"floor":6,"key":"BloodPotion"},{"floor":8,"key":"Energy Potion"},{"floor":11,"key":"BloodPotion"}],"is_trial":false,"path_per_floor":["M","$","?","?","M","E","R","M","T","E","M","E","$","?","R","B",null,"M","?","?","?","M"],"character_chosen":"IRONCLAD","items_purchased":["Disarm","Armaments","Spot Weakness"],"campfire_rested":1,"item_purchase_floors":[2,2,13],"current_hp_per_floor":[77,77,70,70,69,55,55,61,61,40,46,48,48,37,61,35,69,67,15,15,15,0],"gold":261,"neow_bonus":"RANDOM_COMMON_RELIC","is_prod":false,"is_daily":false,"chose_seed":false,"campfire_upgraded":1,"win_rate":0,"timestamp":1555791677,"path_taken":["M","$","?","?","M","E","R","M","T","E","?","E","$","?","R","BOSS","M","?","?","?","M"],"build_version":"2019-01-23","purchased_purges":1,"victory":false,"max_hp_per_floor":[80,80,80,80,80,80,80,80,80,80,80,80,80,80,80,80,80,80,80,80,80,80],"card_choices":[{"not_picked":["Thunderclap","Havoc"],"picked":"Twin Strike","floor":1},{"not_picked":["Warcry","Evolve"],"picked":"Iron Wave","floor":5},{"not_picked":["Perfected Strike","Clothesline","Body Slam"],"picked":"SKIP","floor":6},{"not_picked":["Armaments","True Grit"],"picked":"Demon Form","floor":8},{"not_picked":["Burning Pact","Reckless Charge"],"picked":"Feel No Pain","floor":10},{"not_picked":["Hemokinesis","Entrench"],"picked":"Inflame","floor":11},{"not_picked":["Power Through","Second Wind"],"picked":"Metallicize","floor":12},{"not_picked":["Berserk","Brutality","Offering"],"picked":"Barricade","floor":16},{"not_picked":["Dual Wield","Clothesline","Anger","Pummel"],"picked":"SKIP","floor":18},{"not_picked":["Spot Weakness","Body Slam","Anger"],"picked":"Uppercut","floor":19}],"player_experience":234063,"relics_obtained":[{"floor":6,"key":"Mummified Hand"},{"floor":9,"key":"Mercury Hourglass"},{"floor":10,"key":"Peace Pipe"},{"floor":12,"key":"Question Card"},{"floor":19,"key":"Calipers"},{"floor":19,"key":"Dodecahedron"}],"event_choices":[{"cards_removed":["Strike_R"],"damage_healed":0,"gold_gain":0,"player_choice":"Card Removal","damage_taken":7,"max_hp_gain":0,"max_hp_loss":0,"event_name":"Golden Wing","floor":3,"gold_loss":0},{"damage_healed":0,"gold_gain":0,"player_choice":"Upgraded","damage_taken":0,"max_hp_gain":0,"max_hp_loss":0,"event_name":"Upgrade Shrine","floor":4,"gold_loss":0,"cards_upgraded":["Armaments"]},{"damage_healed":0,"gold_gain":75,"player_choice":"Gather Gold","damage_taken":11,"max_hp_gain":0,"max_hp_loss":0,"event_name":"World of Goop","floor":14,"gold_loss":0},{"damage_healed":0,"gold_gain":0,"player_choice":"Fight","damage_taken":0,"max_hp_gain":0,"max_hp_loss":0,"event_name":"Colosseum","floor":19,"gold_loss":0},{"damage_healed":0,"gold_gain":0,"player_choice":"Fought Nobs","damage_taken":0,"max_hp_gain":0,"max_hp_loss":0,"event_name":"Colosseum","floor":19,"gold_loss":0},{"damage_healed":0,"gold_gain":0,"player_choice":"Ignored","damage_taken":0,"max_hp_gain":0,"max_hp_loss":0,"event_name":"Ghosts","floor":20,"gold_loss":0},{"damage_healed":0,"gold_gain":0,"player_choice":"Smashed Altar","damage_taken":0,"max_hp_gain":0,"max_hp_loss":0,"event_name":"Forgotten Altar","floor":21,"gold_loss":0,"cards_obtained":["Decay"]}],"is_beta":false,"boss_relics":[{"not_picked":["Black Blood","Fusion Hammer"],"picked":"Sozu"}],"items_purged_floors":[13],"is_endless":false,"potions_floor_spawned":[6,8,11,19],"killed_by":"Chosen","ascension_level":12}