{"path_per_floor":["M","?","?","M","?","R","E","M","T","M","E","M","E","?","R","B",null,"M","M","?","$","?","R","M"],"character_chosen":"DEFECT","items_purchased":["Pear","Loop"],"gold_per_floor":[117,117,292,308,308,308,336,351,351,371,401,411,446,446,446,549,549,565,581,581,249,249,249,267,267],"floor_reached":25,"campfire_rested":1,"playtime":1028,"current_hp_per_floor":[65,65,65,64,64,64,39,44,44,44,43,43,28,21,41,14,55,53,49,49,59,44,44,43,0],"items_purged":[],"gold":267,"score":298,"play_id":"f06b0b79-517a-45a1-8fe0-43d0118f8824","local_time":"20180505121837","is_prod":false,"is_daily":false,"chose_seed":false,"is_ascension_mode":true,"campfire_upgraded":2,"timestamp":1525493917,"path_taken":["M","?","?","M","?","R","E","M","T","?","E","M","E","?","R","BOSS","M","M","?","$","?","R","M","E"],"build_version":"2018-05-03","seed_source_timestamp":43468005695083,"purchased_purges":0,"victory":false,"master_deck":["Strike_B","Strike_B","Defend_B","Defend_B","Defend_B","Defend_B","Zap","Dualcast","Beam Cell+1","Zap","Melter","Coolheaded","Self Repair","Gash","Buffer+1","Conserve Battery","Leap","Prime","Echo Form","Capacitor+1","Loop","Hello World"],"max_hp_per_floor":[68,68,68,68,68,68,68,68,68,68,68,68,68,68,68,68,68,68,68,68,78,83,83,83,83],"relics":["Cracked Core","Gambling Chip","Smiling Mask","Shuriken","Du-Vu Doll","Vajra","Snecko Eye","Pear"],"card_choices":[{"not_picked":["Sweeping Beam","Stack"],"picked":"Beam Cell","floor":1},{"not_picked":["Loop","Ball Lightning"],"picked":"Coolheaded","floor":4},{"not_picked":["Genetic Algorithm","Impulse"],"picked":"Self Repair","floor":7},{"not_picked":["Impulse","Ball Lightning"],"picked":"Gash","floor":8},{"not_picked":["Defragment","Ball Lightning"],"picked":"Buffer","floor":10},{"not_picked":["Ball Lightning","Sweeping Beam"],"picked":"Conserve Battery","floor":11},{"not_picked":["Rebound","Recycle"],"picked":"Leap","floor":12},{"not_picked":["Rebound","Auto Shields"],"picked":"Prime","floor":13},{"not_picked":["Fusion","Redo"],"picked":"Echo Form","floor":16},{"not_picked":["Axe Kick","Beam Cell"],"picked":"Capacitor","floor":19},{"not_picked":["Undo","Loop"],"picked":"Hello World","floor":24}],"player_experience":945640,"potions_floor_usage":[11,19,25,25],"damage_taken":[{"damage":3,"enemies":"Small Slimes","floor":1,"turns":4},{"damage":1,"enemies":"Cultist","floor":4,"turns":3},{"damage":25,"enemies":"3 Sentries","floor":7,"turns":8},{"damage":2,"enemies":"Jaw Worm","floor":8,"turns":3},{"damage":7,"enemies":"Looter","floor":10,"turns":3},{"damage":8,"enemies":"Lagavulin","floor":11,"turns":6},{"damage":7,"enemies":"2 Fungi Beasts","floor":12,"turns":4},{"damage":15,"enemies":"3 Sentries","floor":13,"turns":6},{"damage":34,"enemies":"The Guardian","floor":16,"turns":16},{"damage":16,"enemies":"Shell Parasite","floor":18,"turns":7},{"damage":11,"enemies":"3 Byrds","floor":19,"turns":4},{"damage":15,"enemies":"Snake Plant","floor":24,"turns":5},{"damage":43,"enemies":"Gremlin Leader","floor":25,"turns":3}],"event_choices":[{"event_name":"Match and Keep!","player_choice":"2 cards matched","floor":2,"damage_taken":0},{"event_name":"Liars Game","player_choice":"agreed","floor":3,"damage_taken":0},{"event_name":"Fountain of Cleansing","player_choice":"Removed Curse","floor":5,"damage_taken":0},{"event_name":"Golden Wing","player_choice":"Card Removal","floor":14,"damage_taken":0},{"event_name":"Back to Basics","player_choice":"Elegance","floor":20,"damage_taken":0},{"event_name":"Forgotten Altar","player_choice":"Shed Blood","floor":22,"damage_taken":0}],"boss_relics":[{"not_picked":["Astrolabe","Sozu"],"picked":"Snecko Eye"}],"potions_floor_spawned":[4,7,11,13,16,19,24],"seed_played":"-3922555603732366942","killed_by":"Gremlin Leader","ascension_level":7,"is_trial":false}