{"gold_per_floor":[113,113,113,30,55,94,94,108,108,108,146,146,146,170,170,289,289,304,10,10,30,30,30,30],"floor_reached":24,"playtime":866,"items_purged":["Regret"],"score":272,"play_id":"eeacf820-fff6-44fc-b30f-cd6bcd66172c","local_time":"20190301140536","is_ascension_mode":true,"campfire_choices":[{"data":"Zap","floor":7,"key":"SMITH"},{"data":"Loop","floor":12,"key":"SMITH"},{"floor":15,"key":"REST"},{"data":"Echo Form","floor":23,"key":"SMITH"}],"neow_cost":"NONE","seed_source_timestamp":52168739808933,"circlet_count":0,"master_deck":["Defend_B","Defend_B","Defend_B","Defend_B","Zap+1","Dualcast","Genetic Algorithm","Ball Lightning+1","Loop+1","Conserve Battery","Compile Driver+1","Beam Cell+1","Echo Form+1","Chaos+1","Genetic Algorithm+1","Auto Shields+1","Coolheaded","Self Repair","Skim"],"relics":["Cracked Core","NeowsBlessing","Molten Egg 2","Golden Idol","Shuriken","Bronze Scales","Blue Candle","Cables","The Courier","Astrolabe","Bottled Tornado"],"potions_floor_usage":[16,21],"damage_taken":[{"damage":0,"enemies":"Jaw Worm","floor":1,"turns":1},{"damage":0,"enemies":"Cultist","floor":5,"turns":1},{"damage":0,"enemies":"3 Sentries","floor":6,"turns":1},{"damage":10,"enemies":"2 Louse","floor":8,"turns":3},{"damage":28,"enemies":"Gremlin Nob","floor":11,"turns":4},{"damage":6,"enemies":"Blue Slaver","floor":14,"turns":2},{"damage":21,"enemies":"The Guardian","floor":16,"turns":9},{"damage":19,"enemies":"3 Byrds","floor":18,"turns":3},{"damage":20,"enemies":"Shell Parasite","floor":21,"turns":4},{"damage":40,"enemies":"Snecko","floor":24,"turns":5}],"seed_played":"-2965985885058801054","potions_obtained":[{"floor":5,"key":"SkillPotion"},{"floor":8,"key":"Dexterity Potion"},{"floor":11,"key":"Strength Potion"},{"floor":18,"key":"Weak Potion"}],"is_trial":false,"path_per_floor":["M","?","?","$","M","E","R","M","T","T","E","R","?","M","R","B",null,"M","$","?","M","$","R","M"],"character_chosen":"DEFECT","items_purchased":["Ball Lightning+1","Loop","Self Repair","Bottled Tornado"],"campfire_rested":1,"item_purchase_floors":[4,4,19,19],"current_hp_per_floor":[75,75,69,69,69,69,69,59,59,59,31,31,31,25,45,24,69,50,50,50,30,30,30,0],"gold":30,"neow_bonus":"THREE_ENEMY_KILL","is_prod":false,"is_daily":false,"chose_seed":false,"campfire_upgraded":3,"win_rate":0,"timestamp":1551445536,"path_taken":["M","?","?","?","?","E","R","M","T","?","E","R","?","M","R","BOSS","M","$","?","?","?","R","?"],"build_version":"2019-01-23","purchased_purges":1,"victory":false,"max_hp_per_floor":[75,75,69,69,69,69,69,69,69,69,69,69,69,69,69,69,69,69,69,69,69,69,69,69],"card_choices":[{"not_picked":["Redo","Sunder"],"picked":"Genetic Algorithm","floor":1},{"not_picked":["Compile Driver+1","Gash+1"],"picked":"Conserve Battery","floor":5},{"not_picked":["Leap","Stack"],"picked":"Compile Driver+1","floor":6},{"not_picked":["Double Energy","Steam"],"picked":"Beam Cell+1","floor":8},{"not_picked":["Steam Power","Redo","Stack"],"picked":"SKIP","floor":11},{"not_picked":["Multi-Cast","Gash+1","Leap"],"picked":"SKIP","floor":14},{"not_picked":["Amplify","Buffer"],"picked":"Echo Form","floor":16},{"not_picked":["Redo+1","Rebound+1"],"picked":"Coolheaded","floor":18},{"not_picked":["Hello World","Ball Lightning+1"],"picked":"Skim","floor":21}],"player_experience":170022,"relics_obtained":[{"floor":6,"key":"Shuriken"},{"floor":9,"key":"Bronze Scales"},{"floor":10,"key":"Blue Candle"},{"floor":11,"key":"Cables"}],"event_choices":[{"damage_healed":0,"gold_gain":0,"player_choice":"Box","damage_taken":0,"relics_obtained":["Molten Egg 2"],"max_hp_gain":0,"max_hp_loss":0,"event_name":"Big Fish","floor":2,"gold_loss":0,"cards_obtained":["Regret"]},{"damage_healed":0,"gold_gain":0,"player_choice":"Lose Max HP","damage_taken":0,"relics_obtained":["Golden Idol"],"max_hp_gain":0,"max_hp_loss":6,"event_name":"Golden Idol","floor":3,"gold_loss":0},{"damage_healed":0,"gold_gain":0,"player_choice":"Searched \u00272\u0027 times","damage_taken":0,"relics_obtained":["The Courier"],"max_hp_gain":0,"max_hp_loss":0,"event_name":"Dead Adventurer","floor":13,"gold_loss":0},{"cards_removed":["Strike_B"],"damage_healed":0,"gold_gain":0,"player_choice":"Purged","damage_taken":0,"max_hp_gain":0,"max_hp_loss":0,"event_name":"Purifier","floor":20,"gold_loss":0}],"is_beta":false,"boss_relics":[{"not_picked":["Nuclear Battery","White Beast Statue"],"picked":"Astrolabe"}],"items_purged_floors":[19],"is_endless":false,"potions_floor_spawned":[5,8,11,18],"killed_by":"Snecko","ascension_level":4}