{"gold_per_floor":[118,132,207,171,171,171,205,205,231,307,307,340,9,27,27,125,125,139,156,173,173,189,189,189,208,208,208,208,208,218,218,218,318,318,337,383,81,81,99,99,127,181,256,256,276,289,289,324,324,324,324,324,67,97,97],"floor_reached":56,"playtime":5570,"items_purged":["Strike_G","Acrobatics","All Out Attack+1"],"score":1459,"play_id":"c38e36cf-6f31-4e1e-973f-87a22f73450a","local_time":"20190227180305","is_ascension_mode":true,"campfire_choices":[{"data":"Neutralize","floor":6.0,"key":"SMITH"},{"data":"Footwork","floor":8.0,"key":"SMITH"},{"data":"Well Laid Plans","floor":11.0,"key":"SMITH"},{"data":"Envenom","floor":15.0,"key":"SMITH"},{"floor":23.0,"key":"REST"},{"data":"Ghostly","floor":27.0,"key":"SMITH"},{"data":"Ghostly","floor":29,"key":"SMITH"},{"data":"Ghostly","floor":32,"key":"SMITH"},{"floor":40,"key":"RECALL"},{"floor":49,"key":"REST"},{"floor":52,"key":"REST"}],"neow_cost":"NONE","seed_source_timestamp":74042092022816,"circlet_count":0,"master_deck":["Survivor","Neutralize+1","Well Laid Plans+1","Footwork+1","Slice+1","Envenom+1","Bane+1","Sucker Punch+1","Deflect","Wraith Form v2","Catalyst","Poisoned Stab+1","Glass Knife+1","Adrenaline","Wraith Form v2","Cloak And Dagger","Well Laid Plans","PiercingWail","Deflect","Footwork+1","Acrobatics+1","Ghostly+1","Ghostly+1","Ghostly+1","Ghostly","Ghostly","PiercingWail","PiercingWail+1","Malaise","Leg Sweep+1","PiercingWail","Panache","Backflip+1","Panacea","Apotheosis","Blade Dance+1","Bullet Time"],"special_seed":0,"relics":["Ring of the Snake","Molten Egg 2","Snake Skull","Meat on the Bone","Prayer Wheel","Membership Card","Pandora\u0027s Box","The Specimen","Fusion Hammer","Calipers","Ornamental Fan","Whetstone","Bottled Tornado","Happy Flower","Paper Crane","Bottled Lightning"],"potions_floor_usage":[48,48,55,55,55],"damage_taken":[{"damage":6.0,"enemies":"Jaw Worm","floor":1.0,"turns":6.0},{"damage":2.0,"enemies":"Small Slimes","floor":2.0,"turns":5.0},{"damage":18.0,"enemies":"Lagavulin","floor":7.0,"turns":12.0},{"damage":31.0,"enemies":"Gremlin Nob","floor":12.0,"turns":5.0},{"damage":4.0,"enemies":"Cultist","floor":14.0,"turns":3.0},{"damage":0.0,"enemies":"The Guardian","floor":16.0,"turns":9.0},{"damage":4.0,"enemies":"2 Thieves","floor":18.0,"turns":3.0},{"damage":9.0,"enemies":"Shell Parasite","floor":19.0,"turns":4.0},{"damage":22.0,"enemies":"3 Cultists","floor":20.0,"turns":5.0},{"damage":6.0,"enemies":"Snake Plant","floor":22.0,"turns":4.0},{"damage":2.0,"enemies":"Centurion and Healer","floor":25.0,"turns":6.0},{"damage":2.0,"enemies":"Colosseum Slavers","floor":28.0,"turns":4.0},{"damage":19,"enemies":"Sentry and Sphere","floor":30,"turns":8},{"damage":11,"enemies":"Champ","floor":33,"turns":12},{"damage":2,"enemies":"Orb Walker","floor":35,"turns":5},{"damage":8,"enemies":"2 Orb Walkers","floor":36,"turns":7},{"damage":1,"enemies":"3 Shapes","floor":39,"turns":6},{"damage":3,"enemies":"Reptomancer","floor":41,"turns":9},{"damage":5,"enemies":"3 Darklings","floor":45,"turns":5},{"damage":0,"enemies":"Jaw Worm Horde","floor":46,"turns":6},{"damage":1,"enemies":"Giant Head","floor":48,"turns":8},{"damage":0,"enemies":"Time Eater","floor":50,"turns":15},{"damage":5,"enemies":"Shield and Spear","floor":54,"turns":8},{"damage":13,"enemies":"The Heart","floor":55,"turns":12}],"seed_played":"-7428609398486019604","potions_obtained":[{"floor":1.0,"key":"Energy Potion"},{"floor":2.0,"key":"Swift Potion"},{"floor":12.0,"key":"GamblersBrew"},{"floor":20.0,"key":"Fire Potion"},{"floor":39,"key":"FearPotion"},{"floor":45,"key":"Poison Potion"},{"floor":46,"key":"Dexterity Potion"},{"floor":54,"key":"Poison Potion"}],"is_trial":false,"path_per_floor":["M","M","?","$","?","R","E","R","T","T","R","E","$","M","R","B",null,"M","M","M","?","M","R","?","M","T","R","?","R","M","?","R","B",null,"M","?","$","?","M","R","E","T","T","?","M","M","?","E","R","B",null,"R","$","E","B",null],"character_chosen":"THE_SILENT","items_purchased":["All Out Attack","Membership Card","Envenom","Bane+1","Panache","Ornamental Fan","GhostInAJar","Paper Crane","SpeedPotion","GamblersBrew"],"campfire_rested":3,"item_purchase_floors":[4,13,13,13,37,37,37,53,53,53],"current_hp_per_floor":[71,69,58,58,58,58,40,40,40,40,40,21,21,29,29,41,77,73,64,42,28,34,58,41,39,39,39,37,37,30,30,30,31,41,39,31,31,31,30,30,27,27,27,17,24,24,24,23,35,35,41,41,41,36,23],"gold":97,"neow_bonus":"TEN_PERCENT_HP_BONUS","is_prod":false,"is_daily":false,"chose_seed":false,"campfire_upgraded":7,"win_rate":0,"timestamp":1551286985,"path_taken":["M","M","?","$","?","R","E","R","T","?","R","E","$","M","R","BOSS","M","M","?","?","M","R","?","M","T","R","?","R","M","?","R","BOSS","M","?","$","?","M","R","E","?","T","?","M","M","?","E","R","BOSS","R","$","E","BOSS"],"build_version":"2019-01-23","purchased_purges":3,"victory":true,"max_hp_per_floor":[77,77,77,77,77,77,77,77,77,77,77,77,77,77,77,77,77,77,77,77,82,82,82,41,41,41,41,41,41,41,41,41,41,41,41,41,41,41,41,41,41,41,41,41,41,41,41,41,41,41,41,41,41,41,41],"card_choices":[{"not_picked":["Expertise","Dodge and Roll"],"picked":"Well Laid Plans","floor":1.0},{"not_picked":["Dagger Spray","Cloak And Dagger"],"picked":"Footwork","floor":2.0},{"not_picked":["Underhanded Strike","Concentrate"],"picked":"Slice","floor":7.0},{"not_picked":["Outmaneuver","Deadly Poison"],"picked":"Acrobatics","floor":12.0},{"not_picked":["Dagger Spray+1","Flying Knee+1"],"picked":"Sucker Punch+1","floor":14.0},{"not_picked":["Calculated Gamble","Predator+1"],"picked":"Deflect","floor":14.0},{"not_picked":["Doppelganger","Grand Finale+1"],"picked":"Wraith Form v2","floor":16.0},{"not_picked":["Backflip","Flying Knee+1"],"picked":"PiercingWail","floor":18.0},{"not_picked":["Eviscerate+1","Well Laid Plans+1","Poisoned Stab+1"],"picked":"SKIP","floor":18.0},{"not_picked":["Blade Dance","Distraction","Quick Slash+1"],"picked":"SKIP","floor":19.0},{"not_picked":["Backstab+1","Outmaneuver","Slice+1"],"picked":"SKIP","floor":19.0},{"not_picked":["Tactician+1","Quick Slash+1"],"picked":"Deflect","floor":20.0},{"not_picked":["Outmaneuver","Night Terror","Slice+1"],"picked":"SKIP","floor":20.0},{"not_picked":["Slice+1","Heel Hook+1"],"picked":"Footwork+1","floor":22.0},{"not_picked":["Deadly Poison","Prepared"],"picked":"Acrobatics+1","floor":22.0},{"not_picked":["Dash+1","Skewer+1"],"picked":"PiercingWail","floor":25.0},{"not_picked":["Dash+1","Concentrate","Acrobatics+1"],"picked":"SKIP","floor":25.0},{"not_picked":["Blur+1","Bane+1"],"picked":"PiercingWail+1","floor":30},{"not_picked":["Prepared+1","Flying Knee+1","Dagger Throw+1"],"picked":"SKIP","floor":30},{"not_picked":["Venomology","Wraith Form v2"],"picked":"Malaise","floor":33},{"not_picked":["PiercingWail","Blade Dance"],"picked":"Leg Sweep+1","floor":35},{"not_picked":["Dodge and Roll","Prepared+1"],"picked":"PiercingWail","floor":35},{"not_picked":["Deflect","Dagger Spray+1","Bane+1"],"picked":"SKIP","floor":39},{"not_picked":["Night Terror","Cloak And Dagger","Bane+1"],"picked":"SKIP","floor":39},{"not_picked":["Poisoned Stab+1","Deflect"],"picked":"Backflip+1","floor":41},{"not_picked":["Violence","Madness"],"picked":"Panacea","floor":44},{"not_picked":["Panacea","Forethought"],"picked":"Apotheosis","floor":44},{"not_picked":["Underhanded Strike+1","Deflect"],"picked":"Blade Dance+1","floor":45},{"not_picked":["Quick Slash+1","Underhanded Strike+1","Dagger Spray+1"],"picked":"SKIP","floor":45},{"not_picked":["Quick Slash+1","Finisher+1","Deflect+1"],"picked":"SKIP","floor":46},{"not_picked":["Deadly Poison","Dodge and Roll+1","Quick Slash+1"],"picked":"SKIP","floor":46},{"not_picked":["Wraith Form v2","Underhanded Strike+1","Bouncing Flask+1"],"picked":"SKIP","floor":48},{"not_picked":["Flechettes+1","Reflex+1"],"picked":"Bullet Time","floor":54}],"player_experience":150072,"relics_obtained":[{"floor":7.0,"key":"Molten Egg 2"},{"floor":9.0,"key":"Snake Skull"},{"floor":10.0,"key":"Meat on the Bone"},{"floor":12.0,"key":"Prayer Wheel"},{"floor":26.0,"key":"The Specimen"},{"floor":36,"key":"Calipers"},{"floor":41,"key":"Whetstone"},{"floor":43,"key":"Bottled Tornado"},{"floor":48,"key":"Happy Flower"},{"floor":54,"key":"Bottled Lightning"}],"event_choices":[{"damage_healed":0.0,"max_hp_gain":0.0,"max_hp_loss":0.0,"gold_gain":75.0,"event_name":"World of Goop","player_choice":"Gather Gold","floor":3.0,"gold_loss":0.0,"damage_taken":11.0},{"damage_healed":0.0,"max_hp_gain":0.0,"max_hp_loss":0.0,"gold_gain":0.0,"event_name":"The Cleric","player_choice":"Leave","floor":5.0,"gold_loss":0.0,"damage_taken":0.0},{"damage_healed":0.0,"max_hp_gain":5.0,"max_hp_loss":0.0,"gold_gain":0.0,"event_name":"Forgotten Altar","player_choice":"Shed Blood","floor":21.0,"gold_loss":0.0,"damage_taken":19.0},{"damage_healed":0.0,"max_hp_gain":0.0,"max_hp_loss":41.0,"gold_gain":0.0,"event_name":"Ghosts","player_choice":"Became a Ghost","floor":24.0,"gold_loss":0.0,"damage_taken":0.0,"cards_obtained":["Ghostly","Ghostly","Ghostly","Ghostly","Ghostly"]},{"damage_healed":0.0,"max_hp_gain":0.0,"max_hp_loss":0.0,"gold_gain":0.0,"event_name":"Colosseum","player_choice":"Fight","floor":28.0,"gold_loss":0.0,"damage_taken":0.0},{"damage_healed":0.0,"max_hp_gain":0.0,"max_hp_loss":0.0,"gold_gain":0.0,"event_name":"Colosseum","player_choice":"Fled From Nobs","floor":28.0,"gold_loss":0.0,"damage_taken":0.0},{"cards_removed":["Storm of Steel"],"damage_healed":0,"gold_gain":0,"player_choice":"Elegance","damage_taken":0,"max_hp_gain":0,"max_hp_loss":0,"event_name":"Back to Basics","floor":31,"gold_loss":0},{"damage_healed":0,"gold_gain":0,"player_choice":"Fight","damage_taken":0,"max_hp_gain":0,"max_hp_loss":0,"event_name":"Mysterious Sphere","floor":36,"gold_loss":0},{"cards_removed":["Backstab"],"damage_healed":0,"gold_gain":0,"player_choice":"Removed Attack","damage_taken":0,"max_hp_gain":0,"max_hp_loss":0,"event_name":"Falling","floor":38,"gold_loss":0},{"damage_healed":0,"gold_gain":0,"player_choice":"Memory 3","damage_taken":10,"max_hp_gain":0,"max_hp_loss":0,"event_name":"SensoryStone","floor":44,"gold_loss":0},{"damage_healed":0,"gold_gain":0,"player_choice":"Ignored","damage_taken":0,"max_hp_gain":0,"max_hp_loss":0,"event_name":"Tomb of Lord Red Mask","floor":47,"gold_loss":0}],"is_beta":false,"boss_relics":[{"not_picked":["Ectoplasm","Coffee Dripper"],"picked":"Pandora\u0027s Box"},{"not_picked":["Snecko Eye","HoveringKite"],"picked":"Fusion Hammer"}],"items_purged_floors":[13,37,53],"is_endless":false,"potions_floor_spawned":[1,2,12,20,28,39,45,46,54],"ascension_level":3}