{"path_per_floor":["M","M","?","M","$","R","$","E","T","R","M","E","M","E","R","B",null,"M","?","M","$","?","E","M","R","T","M","$","E","$","E","R","B",null,"M","?","M","?","M","R","E","R","T","E","$","R","$","M","R","B"],"character_chosen":"DEFECT","items_purchased":["Ball Lightning","Coolheaded","Sweeping Beam","Consume","Storm","Skim","FTL"],"gold_per_floor":[110,129,129,145,72,72,21,56,56,56,68,93,107,134,134,238,238,238,238,238,6,6,6,6,6,6,6,6,6,6,6,6,6,6,6,6,6,6,6,6,6,6,6,6,6,6,6,6,6,6],"floor_reached":51,"campfire_rested":4,"playtime":1944,"current_hp_per_floor":[57,50,50,41,41,41,41,28,28,48,48,25,25,40,40,18,56,56,56,56,56,56,17,17,37,37,37,37,37,37,26,46,46,63,54,54,53,53,53,53,53,53,53,50,50,50,50,52,68,68],"items_purged":[],"gold":6,"score":1472,"play_id":"e02fca39-6686-449c-9ffe-d14f9de125ca","local_time":"20180509221306","is_prod":false,"is_daily":false,"chose_seed":false,"is_ascension_mode":true,"campfire_upgraded":5,"timestamp":1525875186,"path_taken":["M","M","?","M","$","R","$","E","T","R","M","E","M","E","R","BOSS","M","?","M","$","?","E","M","R","T","?","$","E","?","E","R","BOSS","M","?","M","?","M","R","E","R","T","E","$","R","?","M","R","BOSS"],"build_version":"2018-05-08","seed_source_timestamp":278355443225222,"purchased_purges":2,"victory":true,"master_deck":["Strike_B+1","Defend_B+1","Defend_B+1","Defend_B+1","Defend_B+1","Zap+1","Dualcast","AscendersBane","Buffer","Reinforced Body","Storm","Scrape","Axe Kick","Ball Lightning","Coolheaded","Sweeping Beam","Turbo+1","Defragment+1","Glacier","Heatsinks+1","Ball Lightning","Biased Cognition","Leap","Reprogram","Consume","Storm+1","Skim","FTL","Nova","Cold Snap+1","Stack+1","Capacitor","Beam Cell","Loop","All For One","Gash+1","Redo","Storm","Swift Strike","Machine Learning","Beam Cell","Skim","Turbo+1","Cold Snap"],"max_hp_per_floor":[68,68,68,68,68,68,68,68,68,68,68,68,68,68,68,68,68,68,68,68,68,68,68,68,68,68,68,68,68,68,68,68,68,68,68,68,68,68,68,68,68,68,68,68,68,68,68,68,68,68],"relics":["Cracked Core","Cables","Bottled Tornado","Dodecahedron","Dream Catcher","Ectoplasm","Thread and Needle","Shuriken","Unceasing Top","Pen Nib","Runic Dome","Bronze Scales","Mummified Hand","Blood Vial"],"card_choices":[{"not_picked":["Reboot","All For One"],"picked":"Buffer","floor":0},{"not_picked":["Rebound","Skim"],"picked":"Reinforced Body","floor":1},{"not_picked":["Beam Cell","Redo"],"picked":"Storm","floor":2},{"not_picked":["Capacitor","Heatsinks"],"picked":"Axe Kick","floor":4},{"not_picked":["Rainbow","Sweeping Beam"],"picked":"Turbo","floor":8},{"not_picked":["Heatsinks","Barrage"],"picked":"Defragment","floor":11},{"not_picked":["Sweeping Beam","Steam"],"picked":"Glacier","floor":12},{"not_picked":["Turbo","Cold Snap"],"picked":"Heatsinks","floor":13},{"not_picked":["Steam","Sunder"],"picked":"Ball Lightning","floor":14},{"not_picked":["Hyperbeam","Meteor Strike"],"picked":"Biased Cognition","floor":16},{"not_picked":["Ball Lightning","Skim"],"picked":"Leap","floor":18},{"not_picked":["Sweeping Beam","Rebound"],"picked":"Reprogram","floor":20},{"not_picked":["Go for the Eyes","Turbo"],"picked":"Nova","floor":23},{"not_picked":["Leap","Sweeping Beam"],"picked":"Cold Snap","floor":25},{"not_picked":["Reprogram","Axe Kick"],"picked":"Stack","floor":27},{"not_picked":["Fusion","Conserve Battery"],"picked":"Capacitor","floor":29},{"not_picked":["Aggregate","Hologram"],"picked":"Beam Cell","floor":31},{"not_picked":["Steam Power","Barrage"],"picked":"Loop","floor":32},{"not_picked":["Multi-Cast","Amplify"],"picked":"All For One","floor":33},{"not_picked":["Turbo","Beam Cell"],"picked":"Gash","floor":35},{"not_picked":["Sweeping Beam","Chill"],"picked":"Storm","floor":37},{"not_picked":["Stack","Rebound"],"picked":"Beam Cell","floor":39},{"not_picked":["Coolheaded","Melter"],"picked":"Skim","floor":41},{"not_picked":["Skim","Coolheaded"],"picked":"Turbo","floor":44},{"not_picked":["Stack","Turbo"],"picked":"Cold Snap","floor":48}],"player_experience":972646,"potions_floor_usage":[8,14,23,23,29,33,50,50],"damage_taken":[{"damage":11,"enemies":"Small Slimes","floor":1,"turns":4},{"damage":7,"enemies":"Cultist","floor":2,"turns":5},{"damage":9,"enemies":"2 Louse","floor":4,"turns":2},{"damage":13,"enemies":"Lagavulin","floor":8,"turns":5},{"damage":0,"enemies":"2 Fungi Beasts","floor":11,"turns":3},{"damage":23,"enemies":"3 Sentries","floor":12,"turns":7},{"damage":0,"enemies":"Looter","floor":13,"turns":4},{"damage":0,"enemies":"Lagavulin","floor":14,"turns":7},{"damage":22,"enemies":"Hexaghost","floor":16,"turns":10},{"damage":0,"enemies":"Spheric Guardian","floor":18,"turns":3},{"damage":0,"enemies":"Chosen","floor":20,"turns":4},{"damage":39,"enemies":"Slavers","floor":23,"turns":4},{"damage":0,"enemies":"Sentry and Sphere","floor":24,"turns":4},{"damage":0,"enemies":"Chosen and Byrds","floor":27,"turns":5},{"damage":0,"enemies":"Gremlin Leader","floor":29,"turns":6},{"damage":11,"enemies":"Book of Stabbing","floor":31,"turns":4},{"damage":0,"enemies":"Collector","floor":33,"turns":7},{"damage":9,"enemies":"3 Shapes","floor":35,"turns":5},{"damage":1,"enemies":"3 Darklings","floor":37,"turns":4},{"damage":0,"enemies":"Maw","floor":39,"turns":4},{"damage":0,"enemies":"Giant Head","floor":41,"turns":7},{"damage":3,"enemies":"Nemesis","floor":44,"turns":5},{"damage":0,"enemies":"Sphere and 2 Shapes","floor":48,"turns":4},{"damage":0,"enemies":"Donu and Deca","floor":50,"turns":4}],"event_choices":[{"event_name":"Transmorgrifier","player_choice":"Transform","floor":3,"damage_taken":0},{"event_name":"Back to Basics","player_choice":"Simplicity","floor":19,"damage_taken":0},{"event_name":"Purifier","player_choice":"One Purge","floor":22,"damage_taken":0},{"event_name":"Transmorgrifier","player_choice":"Transform","floor":36,"damage_taken":0},{"event_name":"Match and Keep!","player_choice":"2 cards matched","floor":38,"damage_taken":0}],"boss_relics":[{"not_picked":["Pandora\u0027s Box","Astrolabe"],"picked":"Ectoplasm"},{"not_picked":["Velvet Choker","Nuclear Battery"],"picked":"Runic Dome"}],"potions_floor_spawned":[1,8,11,13,16,18,20,24,27,37,39],"seed_played":"2566817504706067755","ascension_level":10,"is_trial":false}