{"gold_per_floor":[211,73,73,73,85,85,119,119,119,119,129,163,18,47,47,124,124,140,154,154,166,91,91,91],"floor_reached":24,"playtime":839,"items_purged":[],"score":371,"play_id":"2b7f9ccf-e5eb-4f03-9df8-ff2831cda275","local_time":"20190404202430","is_ascension_mode":true,"campfire_choices":[{"data":"Bash","floor":6.0,"key":"SMITH"},{"data":"Shrug It Off","floor":8.0,"key":"SMITH"},{"data":"Flex","floor":10.0,"key":"SMITH"},{"data":"Berserk","floor":15.0,"key":"SMITH"},{"floor":23,"key":"REST"}],"neow_cost":"NONE","seed_source_timestamp":3545526179086307,"circlet_count":0,"master_deck":["AscendersBane","Defend_R","Defend_R","Defend_R","Defend_R","Bash+1","Sword Boomerang","Corruption+1","Shrug It Off+1","Sword Boomerang","Ghostly Armor","Flex+1","Whirlwind","Berserk+1","Hemokinesis+1","Feed+1","Barricade+1","Iron Wave+1","Barricade+1","Heavy Blade+1","Shrug It Off"],"special_seed":0,"relics":["Burning Blood","Sundial","Pear","Molten Egg 2","Centennial Puzzle","Letter Opener","Astrolabe","Regal Pillow"],"potions_floor_usage":[21],"damage_taken":[{"damage":7.0,"enemies":"Jaw Worm","floor":1.0,"turns":4.0},{"damage":8.0,"enemies":"2 Louse","floor":5.0,"turns":2.0},{"damage":20.0,"enemies":"Gremlin Nob","floor":7.0,"turns":4.0},{"damage":1.0,"enemies":"Cultist","floor":11.0,"turns":3.0},{"damage":20.0,"enemies":"3 Sentries","floor":12.0,"turns":6.0},{"damage":5.0,"enemies":"Lagavulin","floor":14.0,"turns":5.0},{"damage":11.0,"enemies":"Slime Boss","floor":16.0,"turns":7.0},{"damage":31.0,"enemies":"2 Thieves","floor":18.0,"turns":5.0},{"damage":2.0,"enemies":"Spheric Guardian","floor":19.0,"turns":3.0},{"damage":20,"enemies":"Shelled Parasite and Fungi","floor":21,"turns":2},{"damage":95,"enemies":"Book of Stabbing","floor":24,"turns":6}],"seed_played":"1845495774286362544","potions_obtained":[{"floor":5.0,"key":"Energy Potion"},{"floor":11.0,"key":"Swift Potion"},{"floor":12.0,"key":"Strength Potion"},{"floor":16.0,"key":"FearPotion"}],"is_trial":false,"path_per_floor":["M","$","?","?","M","R","E","R","T","R","M","E","$","E","R","B",null,"M","M","?","M","?","R","E"],"character_chosen":"IRONCLAD","items_purchased":["Corruption","Shrug It Off","Sword Boomerang","Centennial Puzzle"],"campfire_rested":1,"item_purchase_floors":[2,2,2,13],"current_hp_per_floor":[67,67,60,60,58,58,44,44,54,54,59,45,45,46,46,41,74,49,53,53,43,43,84,0],"gold":91,"neow_bonus":"HUNDRED_GOLD","is_prod":false,"is_daily":false,"chose_seed":false,"campfire_upgraded":4,"win_rate":0,"timestamp":1554423870,"path_taken":["M","$","?","?","?","R","E","R","T","R","M","E","$","E","R","BOSS","M","M","?","?","?","R","E"],"build_version":"2019-03-15","purchased_purges":0,"victory":false,"max_hp_per_floor":[75,75,75,75,75,75,75,75,85,85,85,85,85,85,85,85,85,85,85,85,89,89,89,89],"card_choices":[{"not_picked":["Iron Wave","Clash"],"picked":"Sword Boomerang","floor":1.0},{"not_picked":["Bloodletting","Corruption"],"picked":"Ghostly Armor","floor":5.0},{"not_picked":["Warcry","Clash"],"picked":"Flex","floor":7.0},{"not_picked":["Armaments","Pommel Strike"],"picked":"Whirlwind","floor":11.0},{"not_picked":["Wild Strike","Combust"],"picked":"Berserk","floor":12.0},{"not_picked":["Sentinel","Fire Breathing"],"picked":"Hemokinesis+1","floor":14.0},{"not_picked":["Fiend Fire+1","Demon Form"],"picked":"Feed+1","floor":16.0},{"not_picked":["Entrench","Warcry"],"picked":"Heavy Blade+1","floor":18.0},{"not_picked":["Pommel Strike+1","Warcry"],"picked":"Shrug It Off","floor":19.0},{"not_picked":["Dual Wield+1","Pommel Strike+1","Corruption"],"picked":"SKIP","floor":21}],"player_experience":906403,"relics_obtained":[{"floor":7.0,"key":"Sundial"},{"floor":9.0,"key":"Pear"},{"floor":12.0,"key":"Molten Egg 2"},{"floor":14.0,"key":"Letter Opener"}],"event_choices":[{"cards_removed":["Strike_R"],"damage_healed":0.0,"max_hp_gain":0.0,"max_hp_loss":0.0,"gold_gain":0.0,"event_name":"Golden Wing","player_choice":"Card Removal","floor":3.0,"gold_loss":0.0,"damage_taken":7.0},{"damage_healed":0.0,"max_hp_gain":0.0,"max_hp_loss":0.0,"gold_gain":0.0,"event_name":"Upgrade Shrine","player_choice":"Upgraded","floor":4.0,"gold_loss":0.0,"damage_taken":0.0,"cards_upgraded":["Corruption"]},{"damage_healed":0.0,"max_hp_gain":0.0,"max_hp_loss":0.0,"gold_gain":0.0,"event_name":"WeMeetAgain","player_choice":"Gave Potion","floor":20.0,"gold_loss":0.0,"damage_taken":0.0,"relics_obtained":["Regal Pillow"]},{"cards_removed":["Strike_R"],"damage_healed":0,"gold_gain":0,"player_choice":"Gave Gold","damage_taken":0,"max_hp_gain":0,"max_hp_loss":0,"event_name":"Beggar","floor":22,"gold_loss":75}],"is_beta":true,"boss_relics":[{"not_picked":["Orrery","Coffee Dripper"],"picked":"Astrolabe"}],"items_purged_floors":[],"is_endless":false,"potions_floor_spawned":[5,11,12,16,19],"killed_by":"Book of Stabbing","ascension_level":15}