{"path_per_floor":["M","M","?","M","$","R","?","E","T","M","M","R","E","M","R","B",null,"M","$","M","M","$","R"],"character_chosen":"DEFECT","items_purchased":["Ball Lightning","Capacitor","Creative AI","Gash","Melter"],"gold_per_floor":[117,129,129,144,69,69,69,98,123,141,157,157,192,211,211,285,285,285,10,10,10,10,10,10],"floor_reached":24,"campfire_rested":3,"playtime":738,"item_purchase_floors":[5,5,19,19,19],"current_hp_per_floor":[64,62,55,51,51,51,51,33,33,25,25,46,26,26,47,27,60,36,36,30,16,16,37,0],"items_purged":[],"gold":10,"score":364,"play_id":"afeec1db-e75a-4a9e-ae0a-a9383556a031","local_time":"20180520121953","is_prod":false,"is_daily":false,"chose_seed":false,"is_ascension_mode":true,"campfire_upgraded":1,"timestamp":1526789993,"campfire_choices":[{"data":"Undo","floor":6,"key":"SMITH"},{"floor":12,"key":"REST"},{"floor":15,"key":"REST"},{"floor":23,"key":"REST"}],"path_taken":["M","M","?","M","$","R","?","E","T","M","M","R","E","M","R","BOSS","M","$","M","M","$","R","M"],"build_version":"2018-05-18","seed_source_timestamp":863524387791792,"purchased_purges":0,"victory":false,"master_deck":["Strike_B","Strike_B","Strike_B","Defend_B","Defend_B","Defend_B","Defend_B","Zap+1","Dualcast","AscendersBane","Go for the Eyes","Leap","Undo+1","Ball Lightning","Capacitor","Storm","Double Energy","Turbo","Capacitor","Lockon","Creative AI","Gash","Melter","Gash"],"max_hp_per_floor":[71,71,71,71,71,71,71,71,71,71,71,71,71,71,71,71,71,71,71,71,71,71,71,71],"relics":["Cracked Core","Happy Flower","Anchor","Toolbox","Ectoplasm"],"card_choices":[{"not_picked":["Cold Snap","Genetic Algorithm"],"picked":"Go for the Eyes","floor":1},{"not_picked":["Steam","Coolheaded"],"picked":"Leap","floor":2},{"not_picked":["Force Field","Reprogram"],"picked":"Undo","floor":4},{"not_picked":["Coolheaded","Undo"],"picked":"Storm","floor":8},{"not_picked":["Barrage","Hologram"],"picked":"Double Energy","floor":10},{"not_picked":["Sweeping Beam","Recycle"],"picked":"Turbo","floor":11},{"not_picked":["Steam","Sweeping Beam"],"picked":"Capacitor","floor":13},{"not_picked":["Chill","Blizzard","Beam Cell"],"picked":"SKIP","floor":14},{"not_picked":["Steam Power+1","Beam Cell"],"picked":"Lockon","floor":18},{"not_picked":["Conserve Battery","Melter"],"picked":"Gash","floor":20},{"not_picked":["Stack","Barrage","Reprogram"],"picked":"SKIP","floor":21}],"player_experience":1026157,"potions_floor_usage":[16,20],"damage_taken":[{"damage":0,"enemies":"Cultist","floor":1,"turns":4},{"damage":2,"enemies":"Jaw Worm","floor":2,"turns":3},{"damage":4,"enemies":"Small Slimes","floor":4,"turns":3},{"damage":18,"enemies":"3 Sentries","floor":8,"turns":7},{"damage":8,"enemies":"Exordium Thugs","floor":10,"turns":4},{"damage":0,"enemies":"Blue Slaver","floor":11,"turns":3},{"damage":20,"enemies":"Lagavulin","floor":13,"turns":7},{"damage":0,"enemies":"2 Fungi Beasts","floor":14,"turns":3},{"damage":20,"enemies":"Hexaghost","floor":16,"turns":9},{"damage":24,"enemies":"3 Byrds","floor":18,"turns":5},{"damage":6,"enemies":"Spheric Guardian","floor":20,"turns":3},{"damage":14,"enemies":"Snake Plant","floor":21,"turns":4},{"damage":42,"enemies":"Snecko","floor":24,"turns":4}],"relics_obtained":[{"floor":8,"key":"Happy Flower"},{"floor":9,"key":"Anchor"},{"floor":13,"key":"Toolbox"}],"event_choices":[{"event_name":"Golden Wing","player_choice":"Card Removal","floor":3,"damage_taken":0},{"event_name":"Liars Game","player_choice":"disagreed","floor":7,"damage_taken":0}],"boss_relics":[{"not_picked":["Snecko Eye","Philosopher\u0027s Stone"],"picked":"Ectoplasm"}],"items_purged_floors":[],"potions_floor_spawned":[4,10,13,16],"seed_played":"-2908593629797688180","killed_by":"Snecko","ascension_level":15,"potions_obtained":[{"floor":4,"key":"SteroidPotion"},{"floor":10,"key":"Fire Potion"},{"floor":13,"key":"LiquidBronze"},{"floor":16,"key":"FearPotion"}],"is_trial":false}