{"gold_per_floor":[117,4,16,16,35,35,53,87,87,98,148,179,199,199,199,273,273,283,269,16,34,46,46,91,117,140,155,155,172,172,204,204,276,276,296,316,120,138,155,155,155,185,485,518,534,534,567,577,577,577,577,577,28,53,53],"floor_reached":56,"playtime":3183,"items_purged":["Strike_R","Strike_R"],"score":2266,"play_id":"dae1507c-dbed-40c0-93ff-1752823463dc","local_time":"20190331191552","is_ascension_mode":true,"campfire_choices":[{"data":"Dark Embrace","floor":6.0,"key":"SMITH"},{"data":"Spot Weakness","floor":15.0,"key":"SMITH"},{"data":"Feed","floor":23.0,"key":"SMITH"},{"data":"1","floor":28.0,"key":"LIFT"},{"data":"2","floor":30.0,"key":"LIFT"},{"data":"3","floor":32.0,"key":"LIFT"},{"floor":40,"key":"RECALL"},{"data":"Offering","floor":46,"key":"SMITH"},{"floor":49,"key":"REST"},{"data":"True Grit","floor":52,"key":"SMITH"}],"neow_cost":"TEN_PERCENT_HP_LOSS","seed_source_timestamp":3193276608932234,"circlet_count":0,"master_deck":["AscendersBane","Strike_R+1","Strike_R+1","Defend_R","Defend_R","Defend_R","Defend_R","Bash","Dark Embrace+1","Warcry","Flame Barrier","Uppercut","Seeing Red","Sever Soul","Shrug It Off","Iron Wave","Spot Weakness+1","Brutality+1","Feed+1","Intimidate","Battle Trance","Dark Shackles","Shrug It Off","Sword Boomerang","Seeing Red","Shrug It Off","Burning Pact","Pummel","Offering+1","Limit Break","Heavy Blade","Corruption","Feel No Pain+1","Immolate","True Grit+1","Shockwave","Heavy Blade+1","Shrug It Off","Rupture+1"],"special_seed":0,"relics":["Burning Blood","Bottled Lightning","Bronze Scales","Meat on the Bone","Sozu","Whetstone","Girya","Centennial Puzzle","Shuriken","Runic Pyramid","Strange Spoon","Oddly Smooth Stone","Old Coin","Regal Pillow","Anchor","Bottled Tornado","Red Skull","Pear"],"potions_floor_usage":[],"damage_taken":[{"damage":0.0,"enemies":"Small Slimes","floor":1.0,"turns":4.0},{"damage":0.0,"enemies":"Jaw Worm","floor":3.0,"turns":3.0},{"damage":2.0,"enemies":"Cultist","floor":5.0,"turns":4.0},{"damage":9.0,"enemies":"Red Slaver","floor":7.0,"turns":3.0},{"damage":36.0,"enemies":"Gremlin Nob","floor":8.0,"turns":5.0},{"damage":0.0,"enemies":"2 Fungi Beasts","floor":10.0,"turns":3.0},{"damage":31.0,"enemies":"Lagavulin","floor":12.0,"turns":8.0},{"damage":2.0,"enemies":"Gremlin Gang","floor":13.0,"turns":8.0},{"damage":24.0,"enemies":"Hexaghost","floor":16.0,"turns":9.0},{"damage":3.0,"enemies":"Chosen","floor":18.0,"turns":4.0},{"damage":8.0,"enemies":"2 Thieves","floor":19.0,"turns":4.0},{"damage":10.0,"enemies":"Centurion and Healer","floor":21.0,"turns":5.0},{"damage":36.0,"enemies":"Snecko","floor":22.0,"turns":6.0},{"damage":27.0,"enemies":"Book of Stabbing","floor":25.0,"turns":6.0},{"damage":7.0,"enemies":"Cultist and Chosen","floor":27.0,"turns":7.0},{"damage":4.0,"enemies":"Centurion and Healer","floor":29.0,"turns":5.0},{"damage":25.0,"enemies":"Slavers","floor":31.0,"turns":4.0},{"damage":41,"enemies":"Champ","floor":33,"turns":9},{"damage":13,"enemies":"3 Darklings","floor":35,"turns":6},{"damage":9,"enemies":"3 Shapes","floor":36,"turns":3},{"damage":14,"enemies":"Maw","floor":38,"turns":6},{"damage":3,"enemies":"3 Darklings","floor":39,"turns":4},{"damage":26,"enemies":"Reptomancer","floor":42,"turns":4},{"damage":11,"enemies":"Nemesis","floor":44,"turns":6},{"damage":21,"enemies":"Sphere and 2 Shapes","floor":45,"turns":6},{"damage":18,"enemies":"Giant Head","floor":47,"turns":8},{"damage":26,"enemies":"Writhing Mass","floor":48,"turns":6},{"damage":11,"enemies":"Awakened One","floor":50,"turns":6},{"damage":31,"enemies":"Shield and Spear","floor":54,"turns":4},{"damage":38,"enemies":"The Heart","floor":55,"turns":6}],"seed_played":"621073014611561584","potions_obtained":[{"floor":3.0,"key":"Poison Potion"},{"floor":7.0,"key":"Strength Potion"},{"floor":10.0,"key":"FearPotion"},{"floor":12.0,"key":"SkillPotion"},{"floor":13.0,"key":"Fruit Juice"}],"is_trial":false,"path_per_floor":["M","$","M","?","M","R","M","E","T","M","T","E","M","?","R","B",null,"M","M","$","M","M","R","T","E","T","M","R","M","R","E","R","B",null,"M","M","$","M","M","R","?","E","T","E","M","R","E","M","R","B",null,"R","$","E","B",null],"character_chosen":"IRONCLAD","items_purchased":["Flame Barrier","Uppercut","Dark Shackles","Shrug It Off","Sword Boomerang","Strange Spoon","Bottled Tornado","Red Skull","Shrug It Off"],"campfire_rested":1,"item_purchase_floors":[2,2,20,20,20,37,53,53,53],"current_hp_per_floor":[68,68,68,61,65,65,62,32,32,38,38,13,29,29,29,23,62,68,69,69,68,50,50,50,41,41,56,56,62,62,55,55,36,80,77,78,78,74,81,81,81,65,65,76,77,77,81,77,130,129,133,133,133,118,90],"gold":53,"neow_bonus":"THREE_RARE_CARDS","is_prod":false,"is_daily":false,"chose_seed":false,"campfire_upgraded":5,"win_rate":0,"timestamp":1554074152,"path_taken":["M","$","M","?","M","R","M","E","T","M","?","E","?","?","R","BOSS","M","?","$","M","M","R","?","E","T","M","R","M","R","E","R","BOSS","M","M","$","M","M","R","?","E","T","E","M","R","E","M","R","BOSS","R","$","E","BOSS"],"build_version":"2019-03-15","purchased_purges":2,"victory":true,"max_hp_per_floor":[68,68,68,68,68,68,68,68,68,68,68,68,68,68,68,68,73,76,79,79,82,82,82,82,82,82,86,86,90,90,90,90,94,94,98,102,102,106,110,110,110,114,114,118,122,122,126,130,130,134,134,134,134,144,148],"card_choices":[{"not_picked":["Demon Form","Juggernaut"],"picked":"Dark Embrace","floor":0.0},{"not_picked":["Sword Boomerang","Wild Strike"],"picked":"Warcry","floor":1.0},{"not_picked":["Body Slam","Uppercut"],"picked":"Seeing Red","floor":3.0},{"not_picked":["Perfected Strike","Headbutt"],"picked":"Sever Soul","floor":5.0},{"not_picked":["Heavy Blade","Sword Boomerang"],"picked":"Shrug It Off","floor":7.0},{"not_picked":["Entrench","Bloodletting","Clothesline"],"picked":"SKIP","floor":8.0},{"not_picked":["Heavy Blade","Clash"],"picked":"Iron Wave","floor":10.0},{"not_picked":["Hemokinesis","Sever Soul"],"picked":"Spot Weakness","floor":12.0},{"not_picked":["Thunderclap","Clash"],"picked":"Brutality","floor":13.0},{"not_picked":["Berserk","Fiend Fire"],"picked":"Feed","floor":16.0},{"not_picked":["Reckless Charge","Heavy Blade"],"picked":"Intimidate","floor":18.0},{"not_picked":["Seeing Red","Sword Boomerang"],"picked":"Battle Trance","floor":19.0},{"not_picked":["Twin Strike","Havoc"],"picked":"Seeing Red","floor":21.0},{"not_picked":["Reckless Charge","Bloodletting"],"picked":"Shrug It Off","floor":22.0},{"not_picked":["Thunderclap","Flex"],"picked":"Burning Pact","floor":25.0},{"not_picked":["Cleave","Headbutt","Entrench"],"picked":"SKIP","floor":27.0},{"not_picked":["Twin Strike","Cleave"],"picked":"Pummel","floor":29.0},{"not_picked":["Anger","Disarm"],"picked":"Offering","floor":31.0},{"not_picked":["Dark Embrace","Exhume"],"picked":"Limit Break","floor":33},{"not_picked":["Bloodletting","Sword Boomerang"],"picked":"Heavy Blade","floor":35},{"not_picked":["Pummel","Fire Breathing"],"picked":"Corruption","floor":36},{"not_picked":["Clash","Cleave"],"picked":"Feel No Pain+1","floor":38},{"not_picked":["Body Slam","Flex+1"],"picked":"Immolate","floor":39},{"not_picked":["Pommel Strike","Reckless Charge"],"picked":"True Grit","floor":42},{"not_picked":["Twin Strike","Flex","Armaments"],"picked":"SKIP","floor":44},{"not_picked":["Clash","Hemokinesis+1"],"picked":"Shockwave","floor":45},{"not_picked":["Evolve","Pommel Strike","Dropkick"],"picked":"SKIP","floor":47},{"not_picked":["Carnage","Headbutt"],"picked":"Heavy Blade+1","floor":48},{"not_picked":["Battle Trance","Headbutt"],"picked":"Rupture+1","floor":54}],"player_experience":876724,"relics_obtained":[{"floor":8.0,"key":"Bottled Lightning"},{"floor":11.0,"key":"Bronze Scales"},{"floor":12.0,"key":"Meat on the Bone"},{"floor":24.0,"key":"Whetstone"},{"floor":25.0,"key":"Girya"},{"floor":26.0,"key":"Centennial Puzzle"},{"floor":31.0,"key":"Shuriken"},{"floor":42,"key":"Oddly Smooth Stone"},{"floor":43,"key":"Old Coin"},{"floor":44,"key":"Regal Pillow"},{"floor":47,"key":"Anchor"},{"floor":54,"key":"Pear"}],"event_choices":[{"cards_removed":["Strike_R"],"damage_healed":0.0,"max_hp_gain":0.0,"max_hp_loss":0.0,"gold_gain":0.0,"event_name":"Golden Wing","player_choice":"Card Removal","floor":4.0,"gold_loss":0.0,"damage_taken":7.0},{"damage_healed":0.0,"max_hp_gain":0.0,"max_hp_loss":0.0,"gold_gain":0.0,"event_name":"Upgrade Shrine","player_choice":"Upgraded","floor":14.0,"gold_loss":0.0,"damage_taken":0.0,"cards_upgraded":["Brutality"]},{"damage_healed":0,"gold_gain":0,"player_choice":"Got Potions","damage_taken":0,"max_hp_gain":0,"max_hp_loss":0,"event_name":"Lab","floor":41,"gold_loss":0}],"is_beta":true,"boss_relics":[{"not_picked":["Black Star","Runic Cube"],"picked":"Sozu"},{"not_picked":["Calling Bell","Fusion Hammer"],"picked":"Runic Pyramid"}],"items_purged_floors":[20,53],"is_endless":false,"potions_floor_spawned":[3,7,10,12,13,19,22,31,35,38,44,45],"ascension_level":15}