{"gold_per_floor":[363,82,99,49,15,44,61,61,85,105,137,137,156,181,181,286,286,299,136,147,165,265,265,295,295,367,367,386,386,400,123,123,228,228,238,257,311,311,40,71,71,102,114,0,25,37,69,81,93,105],"floor_reached":51,"playtime":2789,"items_purged":["Defend_R","Perfected Strike"],"score":843,"play_id":"aa4491fb-3649-4c73-8a97-f9a84fb0e284","local_time":"20190421134106","is_ascension_mode":false,"campfire_choices":[{"data":"Bash","floor":12.0,"key":"SMITH"},{"data":"Immolate","floor":15.0,"key":"SMITH"},{"data":"Disarm","floor":23.0,"key":"SMITH"},{"data":"Armaments","floor":27.0,"key":"SMITH"},{"data":"J.A.X.","floor":29,"key":"SMITH"},{"data":"Juggernaut","floor":32,"key":"SMITH"},{"data":"Limit Break","floor":41,"key":"SMITH"},{"data":"Exhume","floor":46,"key":"SMITH"},{"data":"Spot Weakness","floor":49,"key":"SMITH"}],"neow_cost":"TEN_PERCENT_HP_LOSS","seed_source_timestamp":0,"circlet_count":0,"master_deck":["Strike_R","Strike_R","Strike_R","Strike_R","Strike_R","Defend_R+1","Defend_R","Bash+1","Shrug It Off","Shrug It Off","Metallicize","Disarm+1","Feel No Pain","Spot Weakness+1","Shrug It Off","Perfected Strike","Immolate+1","Metallicize","Feed","Feel No Pain+1","Battle Trance+1","Dark Shackles","Feel No Pain","Thunderclap+1","Shockwave+1","Armaments+1","J.A.X.+1","Pommel Strike+1","Juggernaut+1","Ghostly Armor","Limit Break+1","Iron Wave+1","Clothesline+1","Exhume+1","Burning Pact+1","Power Through+1","Warcry+1","Dark Shackles","Trip"],"special_seed":0,"relics":["Burning Blood","Membership Card","Potion Belt","Bag of Preparation","Charon\u0027s Ashes","Bottled Lightning","Runic Dome","Gambling Chip","Ornamental Fan","Ancient Tea Set","Meat on the Bone","Anchor","War Paint","White Beast Statue","Pocketwatch","WingedGreaves","Mummified Hand","Red Skull","Molten Egg 2","MawBank","Pantograph","Red Mask"],"potions_floor_usage":[33,37,40,42,50,50],"damage_taken":[{"damage":0.0,"enemies":"Small Slimes","floor":1.0,"turns":4.0},{"damage":0.0,"enemies":"Jaw Worm","floor":3.0,"turns":5.0},{"damage":19.0,"enemies":"3 Sentries","floor":6.0,"turns":11.0},{"damage":0.0,"enemies":"Cultist","floor":7.0,"turns":2.0},{"damage":0.0,"enemies":"Large Slime","floor":10.0,"turns":5.0},{"damage":29.0,"enemies":"Gremlin Nob","floor":11.0,"turns":5.0},{"damage":15.0,"enemies":"Exordium Thugs","floor":13.0,"turns":7.0},{"damage":15.0,"enemies":"Lagavulin","floor":14.0,"turns":7.0},{"damage":0.0,"enemies":"Slime Boss","floor":16.0,"turns":6.0},{"damage":5.0,"enemies":"Shell Parasite","floor":18.0,"turns":6.0},{"damage":0.0,"enemies":"Chosen","floor":20.0,"turns":5.0},{"damage":5.0,"enemies":"Shelled Parasite and Fungi","floor":21.0,"turns":8.0},{"damage":25.0,"enemies":"Colosseum Slavers","floor":22.0,"turns":6.0},{"damage":11.0,"enemies":"Colosseum Nobs","floor":22.0,"turns":3.0},{"damage":29.0,"enemies":"Book of Stabbing","floor":24.0,"turns":6.0},{"damage":3.0,"enemies":"3 Cultists","floor":28.0,"turns":2.0},{"damage":7,"enemies":"Snecko","floor":30,"turns":4},{"damage":18,"enemies":"Champ","floor":33,"turns":11},{"damage":9,"enemies":"Orb Walker","floor":35,"turns":3},{"damage":21,"enemies":"3 Darklings","floor":36,"turns":4},{"damage":17,"enemies":"2 Orb Walkers","floor":37,"turns":4},{"damage":14,"enemies":"Giant Head","floor":40,"turns":8},{"damage":15,"enemies":"Reptomancer","floor":42,"turns":5},{"damage":6,"enemies":"Maw","floor":45,"turns":7},{"damage":3,"enemies":"Jaw Worm Horde","floor":47,"turns":4},{"damage":18,"enemies":"Time Eater","floor":50,"turns":10}],"seed_played":"-557793855127276288","potions_obtained":[{"floor":1.0,"key":"Poison Potion"},{"floor":6.0,"key":"LiquidBronze"},{"floor":7.0,"key":"Ancient Potion"},{"floor":8.0,"key":"Poison Potion"},{"floor":8.0,"key":"SteroidPotion"},{"floor":11.0,"key":"Explosive Potion"},{"floor":13.0,"key":"AttackPotion"},{"floor":18.0,"key":"Weak Potion"},{"floor":22.0,"key":"SkillPotion"},{"floor":24.0,"key":"Poison Potion"},{"floor":30,"key":"PowerPotion"},{"floor":35,"key":"PowerPotion"},{"floor":36,"key":"Block Potion"},{"floor":37,"key":"GamblersBrew"},{"floor":40,"key":"Regen Potion"},{"floor":42,"key":"EssenceOfSteel"},{"floor":45,"key":"Swift Potion"}],"is_trial":false,"path_per_floor":["M","$","M","?","$","E","M","?","T","M","E","R","M","E","R","B",null,"M","$","M","M","?","R","E","?","T","R","M","R","M","$","R","B",null,"M","M","?","T","$","E","R","E","T","?","M","R","M","?","R","B",null],"character_chosen":"IRONCLAD","items_purchased":["Membership Card","Shrug It Off","Metallicize","Energy Potion","Disarm","Battle Trance","Swift Potion","Dark Shackles","Feel No Pain","Anchor","GamblersBrew","War Paint","Ghostly Armor","Mummified Hand","Red Skull","Exhume"],"campfire_rested":0,"item_purchase_floors":[2,2,2,2,5,19,19,19,19,31,31,31,31,39,39,39],"current_hp_per_floor":[72,72,72,72,72,59,65,65,65,71,48,48,39,30,30,36,72,75,75,75,78,57,57,34,34,34,34,52,52,55,55,55,55,88,88,73,62,62,62,54,54,57,57,57,57,57,63,58,58,71],"gold":117,"neow_bonus":"TWO_FIFTY_GOLD","is_prod":false,"is_daily":false,"chose_seed":false,"campfire_upgraded":9,"win_rate":1,"timestamp":1555879266,"path_taken":["M","$","M","?","?","E","M","?","T","M","E","R","M","E","R","BOSS","M","$","M","M","?","R","E","?","T","R","M","R","M","$","R","BOSS","M","M","?","?","$","E","R","E","T","?","M","R","?","?","R","BOSS"],"build_version":"2019-01-23","purchased_purges":2,"victory":true,"max_hp_per_floor":[72,72,72,72,72,72,72,72,72,72,72,72,72,72,72,72,72,75,75,75,78,81,81,81,81,81,81,84,84,88,88,88,88,88,91,91,91,91,91,91,91,91,91,91,91,91,94,94,94,94],"card_choices":[{"not_picked":["Whirlwind","Clash"],"picked":"Shrug It Off","floor":1.0},{"not_picked":["Warcry","Iron Wave"],"picked":"Perfected Strike","floor":3.0},{"not_picked":["Iron Wave","Brutality"],"picked":"Feel No Pain","floor":6.0},{"not_picked":["Uppercut","Clothesline"],"picked":"Spot Weakness","floor":7.0},{"not_picked":["Body Slam","Flame Barrier"],"picked":"Shrug It Off","floor":10.0},{"not_picked":["Clash","Pommel Strike"],"picked":"Perfected Strike","floor":11.0},{"not_picked":["Infernal Blade","Iron Wave"],"picked":"Immolate","floor":13.0},{"not_picked":["Pummel","Flex"],"picked":"Metallicize","floor":14.0},{"not_picked":["Limit Break","Brutality"],"picked":"Feed","floor":16.0},{"not_picked":["Pommel Strike+1","Body Slam+1"],"picked":"Feel No Pain+1","floor":18.0},{"not_picked":["Perfected Strike","Hemokinesis+1"],"picked":"Thunderclap+1","floor":20.0},{"not_picked":["Dropkick+1","Flex"],"picked":"Shockwave+1","floor":21.0},{"not_picked":["Intimidate","Heavy Blade"],"picked":"Armaments","floor":24.0},{"not_picked":["Perfected Strike+1","Warcry"],"picked":"Pommel Strike+1","floor":28.0},{"not_picked":["Armaments","Ghostly Armor"],"picked":"Juggernaut","floor":30},{"not_picked":["Juggernaut","Bludgeon"],"picked":"Limit Break","floor":33},{"not_picked":["Feel No Pain+1","Anger+1"],"picked":"Iron Wave+1","floor":35},{"not_picked":["Heavy Blade","Body Slam+1","Clash"],"picked":"SKIP","floor":36},{"not_picked":["Power Through","Perfected Strike+1"],"picked":"Clothesline+1","floor":37},{"not_picked":["Sever Soul+1","Thunderclap"],"picked":"Burning Pact+1","floor":40},{"not_picked":["Carnage+1","Rupture","Armaments"],"picked":"SKIP","floor":42},{"not_picked":["Shrug It Off","Iron Wave+1"],"picked":"Power Through+1","floor":45},{"not_picked":["Clash+1","Bloodletting+1"],"picked":"Warcry+1","floor":47},{"not_picked":["Discovery","Deep Breath"],"picked":"Dark Shackles","floor":48},{"not_picked":["Flash of Steel+1","Mayhem"],"picked":"Trip","floor":48}],"player_experience":475377,"relics_obtained":[{"floor":6.0,"key":"Potion Belt"},{"floor":9.0,"key":"Bag of Preparation"},{"floor":11.0,"key":"Charon\u0027s Ashes"},{"floor":14.0,"key":"Bottled Lightning"},{"floor":22.0,"key":"Gambling Chip"},{"floor":22.0,"key":"Ornamental Fan"},{"floor":24.0,"key":"Ancient Tea Set"},{"floor":26.0,"key":"Meat on the Bone"},{"floor":37,"key":"Pocketwatch"},{"floor":38,"key":"WingedGreaves"},{"floor":40,"key":"Molten Egg 2"},{"floor":42,"key":"MawBank"},{"floor":43,"key":"Pantograph"}],"event_choices":[{"cards_removed":["Defend_R"],"damage_healed":0.0,"max_hp_gain":0.0,"max_hp_loss":0.0,"gold_gain":0.0,"event_name":"The Cleric","player_choice":"Card Removal","floor":4.0,"gold_loss":50.0,"damage_taken":0.0},{"damage_healed":0.0,"max_hp_gain":0.0,"max_hp_loss":0.0,"gold_gain":0.0,"event_name":"Lab","player_choice":"Got Potions","floor":8.0,"gold_loss":0.0,"damage_taken":0.0},{"damage_healed":0.0,"max_hp_gain":0.0,"max_hp_loss":0.0,"gold_gain":0.0,"event_name":"Colosseum","player_choice":"Fight","floor":22.0,"gold_loss":0.0,"damage_taken":0.0},{"damage_healed":0.0,"max_hp_gain":0.0,"max_hp_loss":0.0,"gold_gain":0.0,"event_name":"Colosseum","player_choice":"Fought Nobs","floor":22.0,"gold_loss":0.0,"damage_taken":0.0},{"damage_healed":0.0,"max_hp_gain":0.0,"max_hp_loss":0.0,"gold_gain":0.0,"event_name":"Drug Dealer","player_choice":"Obtain J.A.X.","floor":25.0,"gold_loss":0.0,"damage_taken":0.0,"cards_obtained":["J.A.X."]},{"damage_healed":0,"gold_gain":0,"player_choice":"Fight","damage_taken":0,"max_hp_gain":0,"max_hp_loss":0,"event_name":"Mysterious Sphere","floor":37,"gold_loss":0},{"damage_healed":0,"gold_gain":0,"player_choice":"Paid","damage_taken":0,"relics_obtained":["Red Mask"],"max_hp_gain":0,"max_hp_loss":0,"event_name":"Tomb of Lord Red Mask","floor":44,"gold_loss":126},{"damage_healed":0,"gold_gain":0,"player_choice":"Memory 2","damage_taken":5,"max_hp_gain":0,"max_hp_loss":0,"event_name":"SensoryStone","floor":48,"gold_loss":0}],"is_beta":false,"boss_relics":[{"not_picked":["Sozu","Fusion Hammer"],"picked":"Runic Dome"},{"not_picked":["Black Star","Pandora\u0027s Box"],"picked":"White Beast Statue"}],"items_purged_floors":[19,31],"is_endless":false,"potions_floor_spawned":[1,6,7,11,13,18,22,22,24,30,35,36,37,40,42,45,47],"ascension_level":0}