{"gold_per_floor":[116,133,153,133,143,143,163,163,163,163,174,205,215,241,241,241],"floor_reached":16,"playtime":1257,"items_purged":[],"score":125,"play_id":"b563f9fe-2dbd-4019-a98e-917fdb94b632","local_time":"20180708181154","is_ascension_mode":true,"campfire_choices":[{"data":"Loop","floor":6,"key":"SMITH"},{"data":"Zap","floor":8,"key":"SMITH"},{"data":"Sweeping Beam","floor":10,"key":"SMITH"},{"data":"Compile Driver","floor":15,"key":"SMITH"}],"neow_cost":"","seed_source_timestamp":162175101142748,"circlet_count":0,"master_deck":["Strike_B","Strike_B","Strike_B","Strike_B","Defend_B","Defend_B","Defend_B","Defend_B","Zap+1","Dualcast","Auto Shields","Loop+1","Conserve Battery","Conserve Battery","Sweeping Beam+1","Auto Shields+1","Leap+1","Compile Driver+1"],"relics":["Cracked Core","Toxic Egg 2","Blue Candle","Meat on the Bone"],"potions_floor_usage":[5,12,14],"damage_taken":[{"damage":0,"enemies":"Small Slimes","floor":1,"turns":3},{"damage":0,"enemies":"Cultist","floor":2,"turns":3},{"damage":1,"enemies":"Jaw Worm","floor":3,"turns":3},{"damage":29,"enemies":"Gremlin Gang","floor":5,"turns":4},{"damage":22,"enemies":"Lots of Slimes","floor":7,"turns":4},{"damage":3,"enemies":"Large Slime","floor":11,"turns":6},{"damage":3,"enemies":"3 Sentries","floor":12,"turns":4},{"damage":10,"enemies":"Exordium Thugs","floor":13,"turns":4},{"damage":30,"enemies":"Gremlin Nob","floor":14,"turns":5},{"damage":23,"enemies":"Slime Boss","floor":16,"turns":3}],"seed_played":"-6968339426691491028","potions_obtained":[{"floor":1,"key":"LiquidBronze"},{"floor":4,"key":"FairyPotion"},{"floor":7,"key":"Explosive Potion"},{"floor":12,"key":"Regen Potion"}],"is_trial":false,"path_per_floor":["M","M","M","?","M","R","M","R","T","R","M","E","M","E","R"],"character_chosen":"DEFECT","items_purchased":[],"campfire_rested":0,"item_purchase_floors":[],"current_hp_per_floor":[75,75,74,74,45,45,23,23,23,23,20,17,7,7,7,0],"gold":241,"neow_bonus":"","is_prod":false,"is_daily":false,"chose_seed":false,"campfire_upgraded":4,"win_rate":0,"timestamp":1531053714,"path_taken":["M","M","M","?","M","R","M","R","T","R","M","E","M","E","R","BOSS"],"build_version":"2018-07-05","purchased_purges":0,"victory":false,"max_hp_per_floor":[75,75,75,75,75,75,75,75,75,75,75,75,75,75,75,75],"card_choices":[{"not_picked":["Coolheaded","Self Repair"],"picked":"Auto Shields","floor":1},{"not_picked":["Streamline","Coolheaded"],"picked":"Loop","floor":2},{"not_picked":["Streamline","Cold Snap"],"picked":"Conserve Battery","floor":3},{"not_picked":["Redo","Barrage"],"picked":"Conserve Battery","floor":5},{"not_picked":["Redo","Compile Driver"],"picked":"Sweeping Beam","floor":7},{"not_picked":["Buffer","Sweeping Beam"],"picked":"Auto Shields+1","floor":11},{"not_picked":["Cold Snap","Rebound","Sweeping Beam"],"picked":"SKIP","floor":12},{"not_picked":["Coolheaded+1","Amplify+1"],"picked":"Leap+1","floor":13},{"not_picked":["Steam+1","Hologram+1"],"picked":"Compile Driver","floor":14}],"player_experience":126556,"relics_obtained":[{"floor":9,"key":"Toxic Egg 2"},{"floor":12,"key":"Blue Candle"},{"floor":14,"key":"Meat on the Bone"}],"event_choices":[{"event_name":"The Woman in Blue","player_choice":"Bought 1 Potion","floor":4,"damage_taken":0}],"boss_relics":[],"items_purged_floors":[],"is_endless":false,"potions_floor_spawned":[1,7,12],"killed_by":"Slime Boss","ascension_level":2}