{"gold_per_floor":[118,134,149,149,167,195,208,208,208,228,228,239,239,272,272,376,376,395,407,101,116,136,161,161,161,185,196,196,196,215,249,249,344,344,360,360,360,372,383,383,400,432,510,114,141,141,16,29,29,29],"floor_reached":51,"playtime":1966,"items_purged":["Strike_R","Strike_R","Defend_R"],"score":836,"play_id":"757c9338-8f46-4895-8bca-3c99404b1b35","local_time":"20190421153332","is_ascension_mode":false,"campfire_choices":[{"data":"Whirlwind","floor":8.0,"key":"SMITH"},{"data":"Headbutt","floor":13.0,"key":"SMITH"},{"data":"Immolate","floor":15.0,"key":"SMITH"},{"data":"Shockwave","floor":24.0,"key":"SMITH"},{"data":"Limit Break","floor":29.0,"key":"SMITH"},{"data":"Blind","floor":32.0,"key":"SMITH"},{"data":"Offering","floor":40,"key":"SMITH"},{"data":"Limit Break","floor":46,"key":"SMITH"},{"data":"Spot Weakness","floor":49,"key":"SMITH"}],"neow_cost":"NONE","seed_source_timestamp":793325928438200,"circlet_count":0,"master_deck":["Strike_R+1","Strike_R","Strike_R","Defend_R","Defend_R+1","Defend_R","Bash+1","Uppercut+1","Whirlwind+1","Reaper","Headbutt+1","Headbutt","Immolate+1","Limit Break+1","Spot Weakness+1","Shrug It Off+1","Blind+1","Offering+1","Shrug It Off","Shockwave+1","Spot Weakness+1","Burning Pact+1","RitualDagger","Shrug It Off+1","Limit Break+1","Feed","Anger","Armaments+1","Metallicize+1","Flex+1","Shrug It Off+1","Feel No Pain+1"],"special_seed":0,"relics":["Burning Blood","Whetstone","Self Forming Clay","Question Card","Velvet Choker","Frozen Egg 2","Paper Frog","Red Skull","Anchor","Runic Pyramid","Bag of Marbles","Meat on the Bone","Thread and Needle","Shuriken"],"potions_floor_usage":[],"damage_taken":[{"damage":3.0,"enemies":"Jaw Worm","floor":1.0,"turns":4.0},{"damage":2.0,"enemies":"2 Louse","floor":2.0,"turns":3.0},{"damage":1.0,"enemies":"Cultist","floor":3.0,"turns":3.0},{"damage":16.0,"enemies":"Large Slime","floor":5.0,"turns":6.0},{"damage":10.0,"enemies":"Gremlin Nob","floor":6.0,"turns":3.0},{"damage":6.0,"enemies":"Red Slaver","floor":7.0,"turns":4.0},{"damage":0.0,"enemies":"3 Louse","floor":10.0,"turns":1.0},{"damage":4.0,"enemies":"Blue Slaver","floor":12.0,"turns":3.0},{"damage":10.0,"enemies":"Lagavulin","floor":14.0,"turns":4.0},{"damage":48.0,"enemies":"Hexaghost","floor":16.0,"turns":9.0},{"damage":0.0,"enemies":"3 Byrds","floor":18.0,"turns":2.0},{"damage":5.0,"enemies":"Spheric Guardian","floor":19.0,"turns":3.0},{"damage":14.0,"enemies":"Snecko","floor":21.0,"turns":4.0},{"damage":6.0,"enemies":"Snake Plant","floor":22.0,"turns":4.0},{"damage":22.0,"enemies":"Book of Stabbing","floor":23.0,"turns":3.0},{"damage":0.0,"enemies":"3 Cultists","floor":27.0,"turns":2.0},{"damage":8.0,"enemies":"Sentry and Sphere","floor":30.0,"turns":3.0},{"damage":24.0,"enemies":"Gremlin Leader","floor":31.0,"turns":4.0},{"damage":16.0,"enemies":"Collector","floor":33.0,"turns":5.0},{"damage":6,"enemies":"Orb Walker","floor":35,"turns":3},{"damage":8,"enemies":"3 Darklings","floor":38,"turns":5},{"damage":6,"enemies":"Sphere and 2 Shapes","floor":39,"turns":3},{"damage":30,"enemies":"Maw","floor":41,"turns":7},{"damage":58,"enemies":"Nemesis","floor":42,"turns":5},{"damage":3,"enemies":"Giant Head","floor":45,"turns":7},{"damage":0,"enemies":"Jaw Worm Horde","floor":48,"turns":1},{"damage":26,"enemies":"Donu and Deca","floor":50,"turns":5}],"seed_played":"-4444482691585089628","potions_obtained":[{"floor":3.0,"key":"Poison Potion"},{"floor":5.0,"key":"SpeedPotion"},{"floor":6.0,"key":"Explosive Potion"},{"floor":7.0,"key":"Energy Potion"},{"floor":14.0,"key":"Fire Potion"},{"floor":22.0,"key":"SteroidPotion"},{"floor":33.0,"key":"AttackPotion"}],"is_trial":false,"path_per_floor":["M","M","M","?","M","E","M","R","T","M","?","M","R","E","R","B",null,"M","M","$","M","M","E","R","?","T","M","?","R","M","E","R","B",null,"M","?","?","M","M","R","M","E","T","$","E","R","$","M","R","B",null],"character_chosen":"IRONCLAD","items_purchased":["Blind","Offering","Thread and Needle"],"campfire_rested":0,"item_purchase_floors":[20,20,44],"current_hp_per_floor":[80,80,80,64,54,50,50,50,50,56,56,58,58,54,54,12,80,80,80,80,78,80,80,80,80,80,80,74,74,72,80,80,70,80,83,83,83,81,81,81,86,89,89,89,92,92,92,92,92,76],"gold":29,"neow_bonus":"UPGRADE_CARD","is_prod":false,"is_daily":false,"chose_seed":false,"campfire_upgraded":9,"win_rate":1,"timestamp":1555886012,"path_taken":["M","M","M","?","M","E","M","R","T","M","?","M","R","E","R","BOSS","M","M","$","?","M","E","R","?","T","?","?","R","M","E","R","BOSS","M","?","?","M","M","R","M","E","T","$","E","R","$","M","R","BOSS"],"build_version":"2019-01-23","purchased_purges":3,"victory":true,"max_hp_per_floor":[80,80,80,80,80,80,80,80,80,80,80,80,80,80,80,80,80,80,80,80,80,80,80,80,80,80,80,80,80,80,80,80,80,80,83,83,83,83,83,83,86,89,89,89,92,92,92,92,92,96],"card_choices":[{"not_picked":["Sword Boomerang","Searing Blow","Heavy Blade"],"picked":"SKIP","floor":1.0},{"not_picked":["Reckless Charge","Armaments"],"picked":"Uppercut","floor":2.0},{"not_picked":["Twin Strike","Pommel Strike"],"picked":"Whirlwind","floor":3.0},{"not_picked":["Armaments","Body Slam"],"picked":"Carnage","floor":5.0},{"not_picked":["Anger","Wild Strike"],"picked":"Reaper","floor":6.0},{"not_picked":["Blood for Blood","Whirlwind","Havoc"],"picked":"SKIP","floor":7.0},{"not_picked":["Sword Boomerang","Searing Blow"],"picked":"Headbutt","floor":10.0},{"not_picked":["Perfected Strike","Cleave"],"picked":"Headbutt","floor":12.0},{"not_picked":["Heavy Blade","Flame Barrier"],"picked":"Immolate","floor":14.0},{"not_picked":["Exhume","Fiend Fire","Berserk"],"picked":"Limit Break","floor":16.0},{"not_picked":["Combust","Anger","Twin Strike"],"picked":"Spot Weakness+1","floor":18.0},{"not_picked":["Heavy Blade+1","Battle Trance","Armaments+1"],"picked":"Shrug It Off+1","floor":19.0},{"not_picked":["Body Slam","Pummel+1","Flex"],"picked":"Shrug It Off","floor":21.0},{"not_picked":["Evolve","Shrug It Off+1","Sword Boomerang"],"picked":"Shockwave","floor":22.0},{"not_picked":["Corruption","Hemokinesis+1","Sword Boomerang+1"],"picked":"Spot Weakness","floor":23.0},{"not_picked":["Pummel","Clash","Bloodletting"],"picked":"Burning Pact+1","floor":27.0},{"not_picked":["Burning Pact","Pommel Strike+1","Carnage"],"picked":"Shrug It Off+1","floor":30.0},{"not_picked":["Shockwave","Body Slam+1","Pummel+1"],"picked":"Limit Break","floor":31.0},{"not_picked":["Exhume","Berserk+1","Juggernaut+1"],"picked":"Feed","floor":33.0},{"not_picked":["Searing Blow","Power Through","Headbutt"],"picked":"Anger","floor":35},{"not_picked":["Searing Blow+1","Hemokinesis","Pommel Strike+1"],"picked":"Armaments+1","floor":38},{"not_picked":["Perfected Strike+1","Havoc","Clash+1","Dual Wield"],"picked":"SKIP","floor":39},{"not_picked":["Pommel Strike","Thunderclap","True Grit"],"picked":"Metallicize+1","floor":41},{"not_picked":["Anger","Combust+1","Bloodletting"],"picked":"Flex+1","floor":42},{"not_picked":["Clash+1","Sentinel","Headbutt+1"],"picked":"Shrug It Off+1","floor":45},{"not_picked":["Brutality+1","Cleave+1","Havoc+1"],"picked":"Feel No Pain+1","floor":48}],"player_experience":480295,"relics_obtained":[{"floor":6.0,"key":"Whetstone"},{"floor":9.0,"key":"Self Forming Clay"},{"floor":14.0,"key":"Question Card"},{"floor":23.0,"key":"Frozen Egg 2"},{"floor":25.0,"key":"Paper Frog"},{"floor":26.0,"key":"Red Skull"},{"floor":31.0,"key":"Anchor"},{"floor":42,"key":"Bag of Marbles"},{"floor":43,"key":"Meat on the Bone"},{"floor":45,"key":"Shuriken"}],"event_choices":[{"damage_healed":0.0,"max_hp_gain":0.0,"max_hp_loss":0.0,"gold_gain":0.0,"event_name":"Shining Light","player_choice":"Entered Light","floor":4.0,"gold_loss":0.0,"damage_taken":16.0,"cards_upgraded":["Uppercut","Defend_R"]},{"damage_healed":0.0,"max_hp_gain":0.0,"max_hp_loss":0.0,"gold_gain":0.0,"event_name":"NoteForYourself","player_choice":"Ignored","floor":11.0,"gold_loss":0.0,"damage_taken":0.0},{"damage_healed":0.0,"max_hp_gain":0.0,"max_hp_loss":0.0,"gold_gain":0.0,"event_name":"Wheel of Change","player_choice":"Relic","floor":25.0,"gold_loss":0.0,"damage_taken":0.0},{"damage_healed":0.0,"max_hp_gain":0.0,"max_hp_loss":0.0,"gold_gain":0.0,"event_name":"Nest","player_choice":"Joined the Cult","floor":28.0,"gold_loss":0.0,"damage_taken":6.0,"cards_obtained":["RitualDagger"]},{"cards_removed":["Carnage"],"damage_healed":0,"gold_gain":0,"player_choice":"Removed Attack","damage_taken":0,"max_hp_gain":0,"max_hp_loss":0,"event_name":"Falling","floor":36,"gold_loss":0},{"damage_healed":0,"gold_gain":0,"player_choice":"Ignored","damage_taken":0,"max_hp_gain":0,"max_hp_loss":0,"event_name":"Tomb of Lord Red Mask","floor":37,"gold_loss":0}],"is_beta":false,"boss_relics":[{"not_picked":["Fusion Hammer","Black Star"],"picked":"Velvet Choker"},{"not_picked":["Busted Crown","Mark of Pain"],"picked":"Runic Pyramid"}],"items_purged_floors":[20,44,47],"is_endless":false,"potions_floor_spawned":[3,5,6,7,14,21,22,30,31,33,35,42,45,48],"ascension_level":0}