{"gold_per_floor":[112,131,131,131,59,59,75,100,127,24,37,37,52,127,127,201,201,215,215,215,233,233,258,269,181,181,181],"floor_reached":27,"playtime":1401,"items_purged":[],"score":404,"play_id":"c46ab833-8f1e-408b-8acb-c815bf479ed3","local_time":"20190309212709","is_ascension_mode":true,"campfire_choices":[{"data":"Neutralize","floor":6,"key":"SMITH"},{"data":"Dash","floor":12,"key":"SMITH"},{"data":"Cloak And Dagger","floor":15,"key":"SMITH"}],"neow_cost":"NONE","seed_source_timestamp":1306133110970397,"circlet_count":0,"master_deck":["AscendersBane","Defend_G+1","Defend_G","Defend_G","Defend_G+1","Defend_G","Strike_G","Strike_G","Strike_G","Strike_G","Strike_G","Survivor","Neutralize+1","Dagger Spray+1","PiercingWail","Dash+1","Corpse Explosion","Cloak And Dagger","Cloak And Dagger+1","Infinite Blades","Accuracy","Malaise","After Image","Ghostly","Ghostly","Ghostly","Well Laid Plans","Masterful Stab","Blur","Catalyst","Poisoned Stab"],"relics":["Ring of the Serpent","Juzu Bracelet","Ancient Tea Set","Turnip","Oddly Smooth Stone"],"potions_floor_usage":[8,16,23,24],"damage_taken":[{"damage":0,"enemies":"Jaw Worm","floor":1,"turns":4},{"damage":0,"enemies":"2 Louse","floor":2,"turns":2},{"damage":0,"enemies":"Small Slimes","floor":7,"turns":5},{"damage":2,"enemies":"3 Sentries","floor":8,"turns":3},{"damage":2,"enemies":"Blue Slaver","floor":11,"turns":5},{"damage":0,"enemies":"Large Slime","floor":13,"turns":3},{"damage":7,"enemies":"Slime Boss","floor":16,"turns":12},{"damage":12,"enemies":"2 Thieves","floor":18,"turns":5},{"damage":1,"enemies":"Chosen","floor":21,"turns":7},{"damage":26,"enemies":"Book of Stabbing","floor":23,"turns":10},{"damage":1,"enemies":"Snake Plant","floor":24,"turns":9},{"damage":36,"enemies":"Gremlin Leader","floor":27,"turns":7}],"seed_played":"120067155288976201","potions_obtained":[{"floor":2,"key":"LiquidBronze"},{"floor":7,"key":"Energy Potion"},{"floor":8,"key":"Explosive Potion"},{"floor":11,"key":"SpeedPotion"},{"floor":18,"key":"Regen Potion"},{"floor":23,"key":"Regen Potion"}],"is_trial":false,"path_per_floor":["M","M","?","?","$","R","M","E","T","$","M","R","M","?","R","B",null,"M","?","?","M","?","E","M","$","T","E"],"character_chosen":"THE_SILENT","items_purchased":["Dash","Cloak And Dagger","Infinite Blades","Catalyst","Poisoned Stab"],"campfire_rested":0,"item_purchase_floors":[5,10,10,25,25],"current_hp_per_floor":[65,65,65,43,43,43,43,41,41,41,39,39,39,28,28,21,59,47,47,36,35,27,16,30,30,30,0],"gold":181,"neow_bonus":"TEN_PERCENT_HP_BONUS","is_prod":false,"is_daily":false,"chose_seed":false,"campfire_upgraded":3,"win_rate":0,"timestamp":1552184829,"path_taken":["M","M","?","?","?","R","M","E","T","$","M","R","M","?","R","BOSS","M","?","?","M","?","E","M","?","T","E"],"build_version":"2019-02-06","purchased_purges":0,"victory":false,"max_hp_per_floor":[72,72,72,72,72,72,72,72,72,72,72,72,72,72,72,72,72,72,72,36,36,41,41,41,41,41,41],"card_choices":[{"not_picked":["Sucker Punch","Heel Hook"],"picked":"Dagger Spray","floor":1},{"not_picked":["Dagger Spray","Dodge and Roll"],"picked":"PiercingWail","floor":2},{"not_picked":["Flechettes","Cloak And Dagger"],"picked":"Corpse Explosion","floor":7},{"not_picked":["Quick Slash","Calculated Gamble"],"picked":"Cloak And Dagger","floor":8},{"not_picked":["Poisoned Stab","Acrobatics"],"picked":"Accuracy","floor":11},{"not_picked":["Finisher","Sucker Punch"],"picked":"Malaise","floor":13},{"not_picked":["Malaise","Bullet Time"],"picked":"After Image","floor":16},{"not_picked":["Acrobatics","Bane","Slice"],"picked":"SKIP","floor":18},{"not_picked":["Endless Agony","Dagger Throw"],"picked":"Well Laid Plans","floor":21},{"not_picked":["Storm of Steel","Slice"],"picked":"Masterful Stab","floor":23},{"not_picked":["Dodge and Roll","Backflip"],"picked":"Blur","floor":24}],"player_experience":785228,"relics_obtained":[{"floor":8,"key":"Juzu Bracelet"},{"floor":9,"key":"Ancient Tea Set"},{"floor":23,"key":"Turnip"},{"floor":26,"key":"Oddly Smooth Stone"}],"event_choices":[{"damage_healed":0,"gold_gain":0,"player_choice":"Grow","damage_taken":0,"max_hp_gain":0,"max_hp_loss":0,"event_name":"Living Wall","floor":3,"gold_loss":0,"cards_upgraded":["Dagger Spray"]},{"damage_healed":0,"gold_gain":0,"player_choice":"Entered Light","damage_taken":22,"max_hp_gain":0,"max_hp_loss":0,"event_name":"Shining Light","floor":4,"gold_loss":0,"cards_upgraded":["Defend_G","Defend_G"]},{"damage_healed":0,"gold_gain":75,"player_choice":"Gather Gold","damage_taken":11,"max_hp_gain":0,"max_hp_loss":0,"event_name":"World of Goop","floor":14,"gold_loss":0},{"damage_healed":0,"gold_gain":0,"player_choice":"Ignored","damage_taken":0,"max_hp_gain":0,"max_hp_loss":0,"event_name":"Beggar","floor":19,"gold_loss":0},{"damage_healed":0,"gold_gain":0,"player_choice":"Became a Ghost","damage_taken":0,"max_hp_gain":0,"max_hp_loss":36,"event_name":"Ghosts","floor":20,"gold_loss":0,"cards_obtained":["Ghostly","Ghostly","Ghostly"]},{"damage_healed":0,"gold_gain":0,"player_choice":"Shed Blood","damage_taken":13,"max_hp_gain":5,"max_hp_loss":0,"event_name":"Forgotten Altar","floor":22,"gold_loss":0}],"is_beta":true,"boss_relics":[{"not_picked":["Black Star","Snecko Eye"],"picked":"Ring of the Serpent"}],"items_purged_floors":[],"is_endless":false,"potions_floor_spawned":[2,7,8,11,18,23],"killed_by":"Gremlin Leader","ascension_level":15}