{"path_per_floor":["M","M","M","M","$","E","R","?","T","E","M","?","M","E","R","B",null,"M","?","M","$","M","R","E","R","T","M","M","R","E"],"character_chosen":"DEFECT","items_purchased":["Shrug It Off","Seek","All For One"],"gold_per_floor":[114,129,144,159,108,138,138,138,163,201,220,200,219,257,257,382,382,401,401,420,191,210,210,248,248,273,292,311,311,349,349],"floor_reached":31,"campfire_rested":0,"playtime":1443,"item_purchase_floors":[5,21,21],"current_hp_per_floor":[73,68,67,50,50,33,33,33,33,30,30,30,30,25,25,24,69,69,69,65,65,65,65,50,50,50,35,23,23,7,0],"items_purged":[],"gold":349,"score":347,"play_id":"6cbdcdf6-bb24-4947-b929-ad3091006249","local_time":"20180621154550","daily_mods":["Diverse","Night Terrors","Hoarder"],"is_prod":false,"is_daily":true,"chose_seed":false,"is_ascension_mode":false,"campfire_upgraded":5,"win_rate":0,"timestamp":1529576150,"campfire_choices":[{"data":"Armaments","floor":7,"key":"SMITH"},{"data":"Armaments","floor":15,"key":"SMITH"},{"data":"Armaments","floor":23,"key":"SMITH"},{"data":"Dualcast","floor":25,"key":"SMITH"},{"data":"Zap","floor":29,"key":"SMITH"}],"path_taken":["M","M","M","M","$","E","R","?","T","E","M","?","M","E","R","BOSS","M","?","M","$","M","R","E","R","T","M","M","R","E","M"],"build_version":"2018-06-20v3","seed_source_timestamp":0,"purchased_purges":0,"circlet_count":0,"victory":false,"master_deck":["Strike_B","Strike_B","Strike_B","Strike_B","Defend_B","Defend_B","Defend_B","Defend_B","Zap+1","Dualcast+1","Doom and Gloom","Doom and Gloom","Doom and Gloom","Clothesline","Clothesline","Clothesline","Armaments+1","Armaments+1","Armaments+1","Shrug It Off","Shrug It Off","Shrug It Off","Redo","Redo","Redo","Flying Knee","Flying Knee","Flying Knee","Disarm","Disarm","Disarm","Writhe","Writhe","Writhe","Leap+1","Leap+1","Leap+1","Seek","Seek","Seek","All For One","All For One","All For One","FTL","FTL","FTL","Double Tap","Double Tap","Double Tap","Go for the Eyes","Go for the Eyes","Go for the Eyes","Dodge and Roll+1","Dodge and Roll+1","Dodge and Roll+1"],"max_hp_per_floor":[75,75,75,75,75,75,75,69,69,69,69,69,69,69,69,69,69,69,69,69,69,69,69,69,69,69,69,69,69,69,69],"special_seed":17703,"relics":["Cracked Core","Vajra","Golden Idol","Boot","Oddly Smooth Stone","Ancient Tea Set","Coffee Dripper","Bag of Preparation","Blue Candle","Potion Belt","Du-Vu Doll"],"card_choices":[{"not_picked":["Scrape","Rupture"],"picked":"Doom and Gloom","floor":1},{"not_picked":["Armaments","Ghostly Armor"],"picked":"Clothesline","floor":2},{"not_picked":["BootSequence","Iron Wave"],"picked":"Armaments","floor":3},{"not_picked":["Consume","Chaos","Pommel Strike"],"picked":"SKIP","floor":4},{"not_picked":["Turbo","True Grit"],"picked":"Redo","floor":6},{"not_picked":["Fusion","Lockon","Acrobatics"],"picked":"SKIP","floor":10},{"not_picked":["Fusion","Lockon","Acrobatics"],"picked":"SKIP","floor":10},{"not_picked":["Headbutt","Poisoned Stab"],"picked":"Flying Knee","floor":11},{"not_picked":["Armaments","Headbutt"],"picked":"Disarm","floor":13},{"not_picked":["Infernal Blade","Terror","Warcry"],"picked":"SKIP","floor":14},{"not_picked":["Anger","Rebound","Rupture"],"picked":"SKIP","floor":18},{"not_picked":["Rebound+1","Wild Strike"],"picked":"Leap+1","floor":20},{"not_picked":["Iron Wave","Conserve Battery"],"picked":"FTL","floor":22},{"not_picked":["Static Discharge","Underhanded Strike+1"],"picked":"Double Tap","floor":24},{"not_picked":["Dagger Throw","Reprogram"],"picked":"Go for the Eyes","floor":27},{"not_picked":["Stack+1","Coolheaded"],"picked":"Dodge and Roll+1","floor":28},{"not_picked":["Shockwave","Clash","Havoc"],"picked":"SKIP","floor":30}],"player_experience":57719,"potions_floor_usage":[28,28],"damage_taken":[{"damage":2,"enemies":"Jaw Worm","floor":1,"turns":4},{"damage":5,"enemies":"Small Slimes","floor":2,"turns":3},{"damage":1,"enemies":"2 Louse","floor":3,"turns":2},{"damage":17,"enemies":"Exordium Thugs","floor":4,"turns":4},{"damage":17,"enemies":"Lagavulin","floor":6,"turns":9},{"damage":3,"enemies":"3 Sentries","floor":10,"turns":4},{"damage":0,"enemies":"Lots of Slimes","floor":11,"turns":1},{"damage":0,"enemies":"Blue Slaver","floor":13,"turns":2},{"damage":5,"enemies":"Lagavulin","floor":14,"turns":6},{"damage":1,"enemies":"Hexaghost","floor":16,"turns":11},{"damage":0,"enemies":"Shell Parasite","floor":18,"turns":5},{"damage":4,"enemies":"Spheric Guardian","floor":20,"turns":3},{"damage":0,"enemies":"Snecko","floor":22,"turns":3},{"damage":15,"enemies":"Book of Stabbing","floor":24,"turns":5},{"damage":15,"enemies":"3 Cultists","floor":27,"turns":4},{"damage":24,"enemies":"Cultist and Chosen","floor":28,"turns":5},{"damage":16,"enemies":"Slavers","floor":30,"turns":3},{"damage":14,"enemies":"Slaver and Parasite","floor":31,"turns":1}],"relics_obtained":[{"floor":6,"key":"Vajra"},{"floor":9,"key":"Boot"},{"floor":10,"key":"Oddly Smooth Stone"},{"floor":14,"key":"Ancient Tea Set"},{"floor":24,"key":"Blue Candle"},{"floor":26,"key":"Potion Belt"},{"floor":30,"key":"Du-Vu Doll"}],"event_choices":[{"event_name":"Golden Idol","player_choice":"Lose Max HP","floor":8,"damage_taken":0},{"event_name":"The Woman in Blue","player_choice":"Bought 1 Potion","floor":12,"damage_taken":0},{"event_name":"The Mausoleum","player_choice":"Yes","floor":19,"damage_taken":0}],"boss_relics":[{"not_picked":["Pandora\u0027s Box","Orrery"],"picked":"Coffee Dripper"}],"items_purged_floors":[],"is_endless":false,"potions_floor_spawned":[1,3,10,13,18,24],"seed_played":"-2047804934668331113","killed_by":"Slaver and Parasite","ascension_level":0,"potions_obtained":[{"floor":1,"key":"Poison Potion"},{"floor":3,"key":"Dexterity Potion"},{"floor":10,"key":"Poison Potion"},{"floor":12,"key":"Regen Potion"}],"is_trial":false}