{"gold_per_floor":[115,40,40,40,57,86,97,123,123,150,160,235,97,115,115,186,186,202,220,240,253,273,273,304,322,392,392,392,392,392,404,404,477,477,488,139,0,19,36,65,77,123,135,147,172,219,280,321,333,345,357,369,105,133,133],"floor_reached":55,"playtime":3361,"items_purged":["Strike_R","Strike_R","Strike_R"],"score":1547,"play_id":"501ed961-2df4-4458-8a9f-79576d062389","local_time":"20190401163304","is_ascension_mode":true,"campfire_choices":[{"data":"True Grit","floor":15.0,"key":"SMITH"},{"data":"True Grit","floor":23.0,"key":"SMITH"},{"data":"Uppercut","floor":28.0,"key":"SMITH"},{"data":"Armaments","floor":30.0,"key":"SMITH"},{"data":"Immolate","floor":32.0,"key":"SMITH"},{"floor":41.0,"key":"REST"},{"floor":49.0,"key":"RECALL"},{"data":"Heavy Blade","floor":52.0,"key":"SMITH"}],"neow_cost":"NONE","seed_source_timestamp":3269669206082102,"circlet_count":0,"master_deck":["AscendersBane","Strike_R","Defend_R","Defend_R","Defend_R","Defend_R","Bash","Immolate+1","Shrug It Off","Immolate","Uppercut+1","Shrug It Off","Ghostly Armor","True Grit+1","Disarm","True Grit+1","Battle Trance","Reaper","Feel No Pain+1","Armaments+1","Feed","Inflame","Shockwave","Combust","Flame Barrier","Feel No Pain+1","Limit Break","True Grit+1","Heavy Blade+1","Flame Barrier+1","Reaper","Shrug It Off+1","Spot Weakness+1","Panacea","Limit Break"],"special_seed":0,"relics":["Burning Blood","Smiling Mask","FossilizedHelix","Mummified Hand","Velvet Choker","Matryoshka","Gremlin Horn","Frozen Egg 2","Runic Pyramid","Turnip","Red Mask","MawBank","Letter Opener","Kunai","Meat on the Bone","Paper Frog","Shovel","Pear","Oddly Smooth Stone","Vajra"],"potions_floor_usage":[55],"damage_taken":[{"damage":3.0,"enemies":"2 Louse","floor":1.0,"turns":2.0},{"damage":0.0,"enemies":"Jaw Worm","floor":5.0,"turns":3.0},{"damage":30.0,"enemies":"Lagavulin","floor":6.0,"turns":7.0},{"damage":3.0,"enemies":"Small Slimes","floor":7.0,"turns":2.0},{"damage":25.0,"enemies":"Gremlin Nob","floor":8.0,"turns":5.0},{"damage":10.0,"enemies":"3 Sentries","floor":10.0,"turns":4.0},{"damage":0.0,"enemies":"Blue Slaver","floor":11.0,"turns":5.0},{"damage":0.0,"enemies":"3 Louse","floor":14.0,"turns":3.0},{"damage":32.0,"enemies":"Slime Boss","floor":16.0,"turns":11.0},{"damage":14.0,"enemies":"Shell Parasite","floor":18.0,"turns":14.0},{"damage":4.0,"enemies":"3 Byrds","floor":19.0,"turns":5.0},{"damage":0.0,"enemies":"Cultist and Chosen","floor":20.0,"turns":7.0},{"damage":2.0,"enemies":"Centurion and Healer","floor":21.0,"turns":10.0},{"damage":0.0,"enemies":"Snecko","floor":22.0,"turns":4.0},{"damage":12.0,"enemies":"Book of Stabbing","floor":24.0,"turns":10.0},{"damage":0.0,"enemies":"3 Cultists","floor":25.0,"turns":4.0},{"damage":0.0,"enemies":"Snake Plant","floor":31.0,"turns":7.0},{"damage":52.0,"enemies":"Collector","floor":33.0,"turns":14.0},{"damage":7.0,"enemies":"Orb Walker","floor":35.0,"turns":5.0},{"damage":0.0,"enemies":"3 Shapes","floor":38.0,"turns":1.0},{"damage":0.0,"enemies":"Maw","floor":39.0,"turns":10.0},{"damage":35.0,"enemies":"Reptomancer","floor":40.0,"turns":8.0},{"damage":0.0,"enemies":"Nemesis","floor":42.0,"turns":11.0},{"damage":2.0,"enemies":"Spire Growth","floor":45.0,"turns":8.0},{"damage":25.0,"enemies":"Reptomancer","floor":46.0,"turns":10.0},{"damage":16.0,"enemies":"2 Orb Walkers","floor":47.0,"turns":7.0},{"damage":13.0,"enemies":"Giant Head","floor":48.0,"turns":8.0},{"damage":34.0,"enemies":"Awakened One","floor":50.0,"turns":19.0},{"damage":101.0,"enemies":"Shield and Spear","floor":54.0,"turns":8.0},{"damage":82,"enemies":"The Heart","floor":55,"turns":8}],"seed_played":"-2004908790616573608","potions_obtained":[{"floor":1.0,"key":"Block Potion"},{"floor":6.0,"key":"LiquidBronze"},{"floor":8.0,"key":"BloodPotion"},{"floor":10.0,"key":"Strength Potion"},{"floor":20.0,"key":"Block Potion"},{"floor":24.0,"key":"Explosive Potion"},{"floor":25.0,"key":"Strength Potion"},{"floor":38.0,"key":"PowerPotion"},{"floor":40.0,"key":"SkillPotion"},{"floor":46.0,"key":"Fruit Juice"},{"floor":48.0,"key":"Fire Potion"}],"is_trial":false,"path_per_floor":["M","$","?","?","M","E","M","E","T","E","M","?","$","M","R","B",null,"M","M","M","M","M","R","E","M","T","?","R","?","R","M","R","B",null,"M","$","?","M","M","E","R","E","T","?","M","E","?","E","R","B",null,"R","$","E","B"],"character_chosen":"IRONCLAD","items_purchased":["Immolate","Disarm","True Grit","Turnip","Oddly Smooth Stone","Panacea"],"campfire_rested":1,"item_purchase_floors":[2,13,13,36,53,53],"current_hp_per_floor":[71,71,76,69,75,51,54,35,35,39,45,34,34,40,40,14,64,56,64,74,80,83,83,83,86,86,86,86,86,86,89,89,43,78,90,90,90,93,97,68,97,101,101,96,100,91,104,117,117,117,117,117,117,39,0],"gold":133,"neow_bonus":"ONE_RANDOM_RARE_CARD","is_prod":false,"is_daily":false,"chose_seed":false,"campfire_upgraded":6,"win_rate":0,"timestamp":1554150784,"path_taken":["M","$","?","?","M","E","M","E","T","E","M","?","?","M","R","BOSS","M","M","M","M","M","R","E","M","T","?","R","?","R","M","R","BOSS","M","$","?","M","M","E","R","E","T","?","M","E","?","E","R","BOSS","R","$","E","BOSS"],"build_version":"2019-03-15","purchased_purges":3,"victory":false,"max_hp_per_floor":[75,75,80,80,80,80,80,80,80,80,80,80,80,80,80,80,80,80,80,80,80,83,83,83,86,86,86,86,86,86,89,89,89,89,93,93,93,93,97,97,97,101,101,96,100,104,104,117,117,117,117,117,117,122,122],"card_choices":[{"not_picked":["True Grit","Clash"],"picked":"Shrug It Off","floor":1.0},{"not_picked":["Perfected Strike","Body Slam"],"picked":"Uppercut","floor":5.0},{"not_picked":["Uppercut","Twin Strike"],"picked":"Shrug It Off","floor":6.0},{"not_picked":["Metallicize","Thunderclap","Fiend Fire"],"picked":"SKIP","floor":7.0},{"not_picked":["Headbutt","Thunderclap","Clothesline"],"picked":"SKIP","floor":8.0},{"not_picked":["Clash","Twin Strike"],"picked":"Ghostly Armor","floor":10.0},{"not_picked":["Burning Pact","Whirlwind"],"picked":"True Grit","floor":11.0},{"not_picked":["Feel No Pain","Clash"],"picked":"Battle Trance","floor":14.0},{"not_picked":["Demon Form","Double Tap"],"picked":"Reaper","floor":16.0},{"not_picked":["Flex","Armaments"],"picked":"Feel No Pain+1","floor":18.0},{"not_picked":["Dropkick","Twin Strike"],"picked":"Armaments","floor":19.0},{"not_picked":["Perfected Strike","Bloodletting","Heavy Blade"],"picked":"SKIP","floor":20.0},{"not_picked":["Anger","Sword Boomerang"],"picked":"Feed","floor":21.0},{"not_picked":["True Grit","Headbutt"],"picked":"Inflame","floor":22.0},{"not_picked":["Anger","Rampage"],"picked":"Shockwave","floor":24.0},{"not_picked":["Fire Breathing","Blood for Blood"],"picked":"Combust","floor":25.0},{"not_picked":["Whirlwind","Ghostly Armor+1"],"picked":"Feel No Pain+1","floor":31.0},{"not_picked":["Bludgeon","Double Tap"],"picked":"Limit Break","floor":33.0},{"not_picked":["Reckless Charge","Burning Pact"],"picked":"True Grit+1","floor":35.0},{"not_picked":["Ghostly Armor","Carnage+1"],"picked":"Heavy Blade","floor":38.0},{"not_picked":["Hemokinesis","Rampage","Perfected Strike"],"picked":"SKIP","floor":39.0},{"not_picked":["Twin Strike","Whirlwind","Thunderclap"],"picked":"SKIP","floor":40.0},{"not_picked":["Perfected Strike","Clash"],"picked":"Flame Barrier+1","floor":42.0},{"not_picked":["Body Slam","Iron Wave+1"],"picked":"Reaper","floor":45.0},{"not_picked":["Flex","Fire Breathing+1"],"picked":"Shrug It Off+1","floor":46.0},{"not_picked":["Perfected Strike","True Grit"],"picked":"Spot Weakness+1","floor":47.0},{"not_picked":["Rage+1","Iron Wave","Thunderclap"],"picked":"SKIP","floor":48.0},{"not_picked":["Headbutt","Clash"],"picked":"Limit Break","floor":54.0}],"player_experience":885980,"relics_obtained":[{"floor":6.0,"key":"Smiling Mask"},{"floor":8.0,"key":"FossilizedHelix"},{"floor":10.0,"key":"Mummified Hand"},{"floor":24.0,"key":"Matryoshka"},{"floor":26.0,"key":"Gremlin Horn"},{"floor":26.0,"key":"Frozen Egg 2"},{"floor":40.0,"key":"MawBank"},{"floor":42.0,"key":"Letter Opener"},{"floor":43.0,"key":"Kunai"},{"floor":43.0,"key":"Meat on the Bone"},{"floor":46.0,"key":"Paper Frog"},{"floor":47.0,"key":"Shovel"},{"floor":48.0,"key":"Pear"},{"floor":54.0,"key":"Vajra"}],"event_choices":[{"damage_healed":0.0,"max_hp_gain":5.0,"max_hp_loss":0.0,"gold_gain":0.0,"event_name":"Big Fish","player_choice":"Donut","floor":3.0,"gold_loss":0.0,"damage_taken":0.0},{"cards_removed":["Strike_R"],"damage_healed":0.0,"max_hp_gain":0.0,"max_hp_loss":0.0,"gold_gain":0.0,"event_name":"Golden Wing","player_choice":"Card Removal","floor":4.0,"gold_loss":0.0,"damage_taken":7.0},{"damage_healed":0.0,"max_hp_gain":0.0,"max_hp_loss":0.0,"gold_gain":75.0,"event_name":"World of Goop","player_choice":"Gather Gold","floor":12.0,"gold_loss":0.0,"damage_taken":11.0},{"damage_healed":0.0,"max_hp_gain":0.0,"max_hp_loss":0.0,"gold_gain":0.0,"event_name":"The Library","player_choice":"Read","floor":27.0,"gold_loss":0.0,"damage_taken":0.0,"cards_obtained":["Flame Barrier"]},{"damage_healed":0.0,"max_hp_gain":0.0,"max_hp_loss":0.0,"gold_gain":0.0,"event_name":"Vampires","player_choice":"Ignored","floor":29.0,"gold_loss":0.0,"damage_taken":0.0},{"damage_healed":0.0,"max_hp_gain":0.0,"max_hp_loss":0.0,"gold_gain":0.0,"event_name":"Tomb of Lord Red Mask","player_choice":"Paid","floor":37.0,"gold_loss":139.0,"damage_taken":0.0,"relics_obtained":["Red Mask"]},{"damage_healed":0.0,"max_hp_gain":0.0,"max_hp_loss":5.0,"gold_gain":0.0,"event_name":"Winding Halls","player_choice":"Max HP","floor":44.0,"gold_loss":0.0,"damage_taken":0.0},{"damage_healed":0.0,"max_hp_gain":0.0,"max_hp_loss":0.0,"gold_gain":0.0,"event_name":"Mysterious Sphere","player_choice":"Fight","floor":47.0,"gold_loss":0.0,"damage_taken":0.0}],"is_beta":true,"boss_relics":[{"not_picked":["Black Star","Busted Crown"],"picked":"Velvet Choker"},{"not_picked":["Runic Cube","Fusion Hammer"],"picked":"Runic Pyramid"}],"items_purged_floors":[13,36,53],"is_endless":false,"potions_floor_spawned":[1,6,8,10,19,20,24,25,38,40,42,45,46,48],"killed_by":"The Heart","ascension_level":15}