{"gold_per_floor":[360,374,206,217,273,273,299,315,339,365,365,16,26,41,41,141,141,157,177,177,177],"floor_reached":21,"playtime":1113,"items_purged":["Strike_B","Strike_B"],"score":210,"play_id":"13e16f09-bcc4-4238-99bc-48e5226d2988","local_time":"20180708183100","is_ascension_mode":true,"campfire_choices":[{"data":"Loop","floor":6,"key":"SMITH"},{"data":"Zap","floor":11,"key":"SMITH"},{"data":"Dualcast","floor":15,"key":"SMITH"}],"neow_cost":"CURSE","seed_source_timestamp":163486078709305,"circlet_count":0,"master_deck":["Strike_B","Strike_B","Defend_B","Defend_B","Defend_B","Defend_B","Zap+1","Dualcast+1","Clumsy","Doom and Gloom","Loop","Loop+1","Leap","Coolheaded","FTL","Biased Cognition","Ball Lightning","Fission","BootSequence+1","Auto Shields","Trip"],"relics":["Cracked Core","Orichalcum","Bag of Marbles","Strawberry","Runic Pyramid"],"potions_floor_usage":[10],"damage_taken":[{"damage":0,"enemies":"Small Slimes","floor":1,"turns":3},{"damage":7,"enemies":"2 Louse","floor":2,"turns":2},{"damage":2,"enemies":"Cultist","floor":4,"turns":4},{"damage":23,"enemies":"Lagavulin","floor":7,"turns":7},{"damage":0,"enemies":"Large Slime","floor":8,"turns":4},{"damage":4,"enemies":"Gremlin Nob","floor":10,"turns":4},{"damage":10,"enemies":"Blue Slaver","floor":13,"turns":3},{"damage":9,"enemies":"Red Slaver","floor":14,"turns":2},{"damage":12,"enemies":"Hexaghost","floor":16,"turns":8},{"damage":40,"enemies":"2 Thieves","floor":18,"turns":4},{"damage":3,"enemies":"Shell Parasite","floor":19,"turns":4},{"damage":45,"enemies":"3 Cultists","floor":21,"turns":5}],"seed_played":"-709798619159805133","potions_obtained":[{"floor":4,"key":"Ancient Potion"},{"floor":7,"key":"FearPotion"},{"floor":8,"key":"EssenceOfSteel"},{"floor":13,"key":"GamblersBrew"}],"is_trial":false,"path_per_floor":["M","M","$","M","?","R","E","M","T","E","R","$","M","M","R","B",null,"M","M","?"],"character_chosen":"DEFECT","items_purchased":["Loop","Leap","Metamorphosis","FTL"],"campfire_rested":0,"item_purchase_floors":[3,3,12,12],"current_hp_per_floor":[75,68,68,66,66,66,43,43,43,46,46,46,36,27,27,15,82,42,39,39,0],"gold":177,"neow_bonus":"TWO_FIFTY_GOLD","is_prod":false,"is_daily":false,"chose_seed":false,"campfire_upgraded":3,"win_rate":0,"timestamp":1531054860,"path_taken":["M","M","$","M","?","R","E","M","T","E","R","$","M","M","R","BOSS","M","M","?","M"],"build_version":"2018-07-05","purchased_purges":2,"victory":false,"max_hp_per_floor":[75,75,75,75,75,75,75,75,75,82,82,82,82,82,82,82,82,82,82,82,82],"card_choices":[{"not_picked":["Compile Driver","Scrape"],"picked":"Doom and Gloom","floor":1},{"not_picked":["Capacitor","Coolheaded"],"picked":"Loop","floor":2},{"not_picked":["Rebound","Gash","Cold Snap"],"picked":"SKIP","floor":4},{"not_picked":["Force Field","Compile Driver"],"picked":"Coolheaded","floor":7},{"not_picked":["Cold Snap","Turbo","Chill"],"picked":"SKIP","floor":8},{"not_picked":["Storm","Doom and Gloom","Stack"],"picked":"SKIP","floor":10},{"not_picked":["Rebound","Consume"],"picked":"Biased Cognition","floor":13},{"not_picked":["Steam","Turbo"],"picked":"Ball Lightning","floor":14},{"not_picked":["Buffer","Amplify"],"picked":"Fission","floor":16},{"not_picked":["Stack","Reprogram"],"picked":"BootSequence+1","floor":18},{"not_picked":["Force Field","Hello World"],"picked":"Auto Shields","floor":19}],"player_experience":127813,"relics_obtained":[{"floor":7,"key":"Orichalcum"},{"floor":9,"key":"Bag of Marbles"},{"floor":10,"key":"Strawberry"}],"event_choices":[{"event_name":"Golden Wing","player_choice":"Gained Gold","floor":5,"damage_taken":0},{"event_name":"Transmorgrifier","player_choice":"Transform","floor":20,"damage_taken":0}],"boss_relics":[{"not_picked":["Pandora\u0027s Box","Black Star"],"picked":"Runic Pyramid"}],"items_purged_floors":[3,12],"is_endless":false,"potions_floor_spawned":[4,7,8,13,19],"killed_by":"3 Cultists","ascension_level":2}