{"gold_per_floor":[16,27,27,45,45,45,73,86,86,86,86,115,115,115,115,211,211,229,229,247,266,120,120,140,140,167,184,195,221,221,234,234,335,335,353,108,120,220,231,231,251,267,267,267,277,291,291,291,291,291,291,291,97,128,128],"floor_reached":55,"playtime":2876,"items_purged":["Strike_G","Strike_G","Strike_G"],"score":787,"play_id":"77582bc5-4842-4d6a-bdb1-d4666f4e62d7","local_time":"20190421142644","is_ascension_mode":true,"campfire_choices":[{"floor":6,"key":"REST"},{"floor":11,"key":"REST"},{"floor":13,"key":"REST"},{"floor":15,"key":"REST"},{"floor":23,"key":"REST"},{"floor":25,"key":"REST"},{"floor":32,"key":"REST"},{"floor":40,"key":"RECALL"},{"floor":44,"key":"REST"},{"data":"Footwork","floor":47,"key":"SMITH"},{"data":"Footwork","floor":49,"key":"SMITH"},{"data":"Neutralize","floor":52,"key":"SMITH"}],"neow_cost":"NO_GOLD","seed_source_timestamp":160370230570150,"circlet_count":0,"master_deck":["Defend_G","Defend_G","Defend_G","Defend_G","Defend_G","Strike_G","Survivor","Neutralize+1","Corpse Explosion+1","Cloak And Dagger","Blur","Footwork+1","Blur+1","Die Die Die","Footwork+1","Backflip+1","Noxious Fumes","Escape Plan+1","Escape Plan+1","PiercingWail+1","Infinite Blades+1","Malaise+1","Noxious Fumes","Noxious Fumes+1","Well Laid Plans+1","Blur+1","Adrenaline+1","Infinite Blades","Panacea+1","Noxious Fumes"],"relics":["Ring of the Snake","Bottled Lightning","Toxic Egg 2","Meat on the Bone","Nunchaku","Sozu","Regal Pillow","Orrery","PreservedInsect","Thread and Needle","Vajra","Gremlin Horn"],"potions_floor_usage":[7,12,12],"damage_taken":[{"damage":12,"enemies":"Jaw Worm","floor":1,"turns":4},{"damage":0,"enemies":"Small Slimes","floor":2,"turns":4},{"damage":1,"enemies":"Cultist","floor":4,"turns":4},{"damage":43,"enemies":"Gremlin Nob","floor":7,"turns":6},{"damage":1,"enemies":"2 Fungi Beasts","floor":8,"turns":3},{"damage":16,"enemies":"Lagavulin","floor":12,"turns":7},{"damage":24,"enemies":"The Guardian","floor":16,"turns":14},{"damage":10,"enemies":"Spheric Guardian","floor":18,"turns":6},{"damage":14,"enemies":"2 Thieves","floor":20,"turns":3},{"damage":0,"enemies":"Centurion and Healer","floor":21,"turns":6},{"damage":28,"enemies":"Sentry and Sphere","floor":24,"turns":7},{"damage":12,"enemies":"Snecko","floor":27,"turns":8},{"damage":6,"enemies":"Cultist and Chosen","floor":28,"turns":6},{"damage":35,"enemies":"Slavers","floor":29,"turns":4},{"damage":4,"enemies":"Snake Plant","floor":31,"turns":7},{"damage":30,"enemies":"Champ","floor":33,"turns":18},{"damage":6,"enemies":"3 Shapes","floor":35,"turns":7},{"damage":7,"enemies":"Orb Walker","floor":37,"turns":7},{"damage":6,"enemies":"Mind Bloom Boss Battle","floor":38,"turns":9},{"damage":18,"enemies":"Transient","floor":39,"turns":5},{"damage":0,"enemies":"Maw","floor":41,"turns":10},{"damage":6,"enemies":"Spire Growth","floor":42,"turns":8},{"damage":4,"enemies":"Transient","floor":45,"turns":5},{"damage":0,"enemies":"3 Darklings","floor":46,"turns":4},{"damage":0,"enemies":"Donu and Deca","floor":50,"turns":10},{"damage":33,"enemies":"Shield and Spear","floor":54,"turns":6},{"damage":37,"enemies":"The Heart","floor":55,"turns":6}],"seed_played":"3580211749161369933","potions_obtained":[{"floor":4,"key":"Strength Potion"},{"floor":7,"key":"Block Potion"},{"floor":8,"key":"Strength Potion"}],"is_trial":false,"path_per_floor":["M","M","$","M","?","R","E","M","T","?","R","E","R","?","R","B",null,"M","?","M","M","$","R","M","R","T","M","M","E","?","M","R","B",null,"M","$","M","?","M","R","M","M","T","R","M","M","R","?","R","B",null,"R","$","E","B"],"character_chosen":"THE_SILENT","items_purchased":["Noxious Fumes","PreservedInsect","Noxious Fumes"],"campfire_rested":8,"item_purchase_floors":[22,36,53],"current_hp_per_floor":[58,58,58,57,57,70,27,26,26,26,47,31,52,40,61,37,70,60,53,39,39,39,60,44,65,65,53,47,24,24,32,68,38,70,64,64,57,51,45,45,45,39,39,70,66,66,66,66,66,66,70,70,70,37,0],"gold":128,"neow_bonus":"THREE_RARE_CARDS","is_prod":false,"is_daily":false,"chose_seed":false,"campfire_upgraded":3,"win_rate":0,"timestamp":1555871204,"path_taken":["M","M","$","M","?","R","E","M","T","?","R","E","R","?","R","BOSS","M","?","M","M","$","R","M","R","T","?","M","E","?","?","R","BOSS","M","$","?","?","M","R","M","M","T","R","M","M","R","?","R","BOSS","R","$","E","BOSS"],"build_version":"2019-01-23","purchased_purges":3,"victory":false,"max_hp_per_floor":[70,70,70,70,70,70,70,70,70,70,70,70,70,70,70,70,70,70,70,70,70,70,70,70,70,70,70,70,70,70,70,70,70,70,70,70,70,70,70,70,70,70,70,70,70,70,70,70,70,70,70,70,70,70,70],"card_choices":[{"not_picked":["A Thousand Cuts","Envenom"],"picked":"Corpse Explosion","floor":0},{"not_picked":["Underhanded Strike","Poisoned Stab","Dodge and Roll"],"picked":"SKIP","floor":1},{"not_picked":["Dodge and Roll","Dagger Spray","Acrobatics"],"picked":"SKIP","floor":2},{"not_picked":["Blade Dance","Dodge and Roll"],"picked":"Cloak And Dagger","floor":4},{"not_picked":["Poisoned Stab","Well Laid Plans"],"picked":"Blur","floor":7},{"not_picked":["Sucker Punch","Terror"],"picked":"Footwork","floor":8},{"not_picked":["Poisoned Stab","PiercingWail+1"],"picked":"Blur+1","floor":12},{"not_picked":["A Thousand Cuts","Night Terror+1"],"picked":"Die Die Die","floor":16},{"not_picked":["Poisoned Stab","Caltrops","Dagger Spray"],"picked":"SKIP","floor":18},{"not_picked":["Prepared+1","Heel Hook+1"],"picked":"Footwork","floor":20},{"not_picked":["Bouncing Flask+1","Tactician+1"],"picked":"Backflip+1","floor":21},{"not_picked":["Crippling Poison+1","Flying Knee"],"picked":"Escape Plan+1","floor":24},{"not_picked":["Riddle With Holes","Dagger Throw","Blade Dance+1"],"picked":"SKIP","floor":27},{"not_picked":["Underhanded Strike","Slice+1"],"picked":"Escape Plan+1","floor":28},{"not_picked":["Reflex+1","Acrobatics+1"],"picked":"PiercingWail+1","floor":29},{"not_picked":["A Thousand Cuts","Deadly Poison+1"],"picked":"Infinite Blades+1","floor":31},{"not_picked":["Unload","Storm of Steel+1"],"picked":"Malaise+1","floor":33},{"not_picked":["PiercingWail+1","Outmaneuver+1"],"picked":"Noxious Fumes","floor":34},{"not_picked":["Sucker Punch","Deadly Poison+1"],"picked":"Noxious Fumes+1","floor":34},{"not_picked":["Quick Slash","Outmaneuver+1","Slice+1"],"picked":"SKIP","floor":35},{"not_picked":["Dagger Throw+1","Blade Dance+1"],"picked":"Well Laid Plans+1","floor":37},{"not_picked":["Outmaneuver+1","Sucker Punch+1"],"picked":"Blur+1","floor":38},{"not_picked":["Dagger Spray+1","Poisoned Stab","Prepared+1"],"picked":"SKIP","floor":39},{"not_picked":["Cloak And Dagger+1","Riddle With Holes","Bane+1"],"picked":"SKIP","floor":41},{"not_picked":["Underhanded Strike+1","Distraction+1"],"picked":"Adrenaline+1","floor":42},{"not_picked":["Poisoned Stab","Accuracy+1"],"picked":"Infinite Blades","floor":45},{"not_picked":["Prepared+1","Quick Slash+1","Slice+1"],"picked":"SKIP","floor":46},{"not_picked":["Mind Blast","Deep Breath+1"],"picked":"Panacea+1","floor":48},{"not_picked":["Deadly Poison+1","Night Terror+1","Distraction+1"],"picked":"SKIP","floor":54}],"player_experience":190114,"relics_obtained":[{"floor":7,"key":"Bottled Lightning"},{"floor":9,"key":"Toxic Egg 2"},{"floor":12,"key":"Meat on the Bone"},{"floor":29,"key":"Regal Pillow"},{"floor":38,"key":"Thread and Needle"},{"floor":43,"key":"Vajra"},{"floor":54,"key":"Gremlin Horn"}],"event_choices":[{"damage_healed":0,"gold_gain":0,"player_choice":"Ignored","damage_taken":0,"max_hp_gain":0,"max_hp_loss":0,"event_name":"Liars Game","floor":5,"gold_loss":0},{"damage_healed":0,"gold_gain":0,"player_choice":"Grow","damage_taken":0,"max_hp_gain":0,"max_hp_loss":0,"event_name":"Living Wall","floor":10,"gold_loss":0,"cards_upgraded":["Corpse Explosion"]},{"damage_healed":0,"gold_gain":0,"player_choice":"Success","damage_taken":12,"relics_obtained":["Nunchaku"],"max_hp_gain":0,"max_hp_loss":0,"event_name":"Scrap Ooze","floor":14,"gold_loss":0},{"damage_healed":0,"gold_gain":0,"player_choice":"","damage_taken":7,"max_hp_gain":0,"max_hp_loss":0,"event_name":"Knowing Skull","floor":19,"potions_obtained":[],"gold_loss":0,"cards_obtained":[]},{"cards_removed":["Strike_G"],"damage_healed":0,"gold_gain":0,"player_choice":"Offered Basic","damage_taken":0,"max_hp_gain":0,"max_hp_loss":0,"event_name":"Bonfire Elementals","floor":30,"gold_loss":0},{"damage_healed":0,"gold_gain":0,"player_choice":"Fight","damage_taken":0,"max_hp_gain":0,"max_hp_loss":0,"event_name":"MindBloom","floor":38,"gold_loss":0},{"damage_healed":0,"gold_gain":0,"player_choice":"Memory 1","damage_taken":0,"max_hp_gain":0,"max_hp_loss":0,"event_name":"SensoryStone","floor":48,"gold_loss":0}],"is_beta":false,"boss_relics":[{"not_picked":["Tiny House","Pandora\u0027s Box"],"picked":"Sozu"},{"not_picked":["Runic Pyramid","Velvet Choker"],"picked":"Orrery"}],"items_purged_floors":[22,36,53],"is_endless":false,"potions_floor_spawned":[4,7,8,20,27,28,29,35,38,41],"killed_by":"The Heart","ascension_level":1}