{"gold_per_floor":[116,116,40,59,72,106,106,147,173,207,207,221,321,346,346,445,445,464,482,283,298,223,259,259,32,57,90,90,90,133,160,160,160],"floor_reached":33,"playtime":1512,"items_purged":[],"score":562,"play_id":"d2541fa7-669d-454b-8418-251a0e0604d8","local_time":"20190328192935","is_ascension_mode":true,"campfire_choices":[{"floor":7.0,"key":"REST"},{"data":"Inflame","floor":11.0,"key":"SMITH"},{"data":"True Grit","floor":15.0,"key":"SMITH"},{"data":"Entrench","floor":24.0,"key":"SMITH"},{"floor":29.0,"key":"REST"},{"floor":32.0,"key":"REST"}],"neow_cost":"TEN_PERCENT_HP_LOSS","seed_source_timestamp":2936803978697154,"circlet_count":0,"master_deck":["AscendersBane","Strike_R","Strike_R","Defend_R","Defend_R","Defend_R","Defend_R","Bash","Pommel Strike","Entrench+1","Reckless Charge","Iron Wave","Wild Strike","True Grit+1","Inflame+1","Shockwave","Battle Trance","Sword Boomerang","Headbutt","Feed","Disarm+1","Feel No Pain+1","Exhume","Burning Pact","RitualDagger","True Grit"],"special_seed":0,"relics":["Burning Blood","Golden Idol","Red Skull","Anchor","Smiling Mask","Frozen Egg 2","Runic Pyramid","Orichalcum","PreservedInsect","Ancient Tea Set","Kunai","Question Card"],"potions_floor_usage":[33],"damage_taken":[{"damage":9.0,"enemies":"Small Slimes","floor":1.0,"turns":5.0},{"damage":3.0,"enemies":"2 Louse","floor":4.0,"turns":3.0},{"damage":0.0,"enemies":"Cultist","floor":5.0,"turns":2.0},{"damage":33.0,"enemies":"3 Sentries","floor":6.0,"turns":9.0},{"damage":11.0,"enemies":"Gremlin Nob","floor":8.0,"turns":3.0},{"damage":5.0,"enemies":"3 Sentries","floor":10.0,"turns":5.0},{"damage":0.0,"enemies":"3 Louse","floor":12.0,"turns":4.0},{"damage":0.0,"enemies":"2 Fungi Beasts","floor":14.0,"turns":3.0},{"damage":23.0,"enemies":"Slime Boss","floor":16.0,"turns":6.0},{"damage":5.0,"enemies":"Shell Parasite","floor":18.0,"turns":6.0},{"damage":8.0,"enemies":"3 Byrds","floor":19.0,"turns":6.0},{"damage":20.0,"enemies":"Shelled Parasite and Fungi","floor":21.0,"turns":9.0},{"damage":26.0,"enemies":"Slavers","floor":23.0,"turns":7.0},{"damage":15.0,"enemies":"Gremlin Leader","floor":27.0,"turns":8.0},{"damage":14.0,"enemies":"Slavers","floor":30.0,"turns":6.0},{"damage":77,"enemies":"Automaton","floor":33,"turns":10}],"seed_played":"3452130535028353609","potions_obtained":[{"floor":5.0,"key":"GamblersBrew"},{"floor":6.0,"key":"SteroidPotion"},{"floor":8.0,"key":"SteroidPotion"},{"floor":23.0,"key":"SkillPotion"}],"is_trial":false,"path_per_floor":["M","?","$","M","M","E","R","E","T","E","R","M","?","M","R","B",null,"M","M","$","M","?","E","R","$","T","E","?","R","E","T","R","B"],"character_chosen":"IRONCLAD","items_purchased":["Iron Wave","Wild Strike","Feel No Pain+1","Exhume","PreservedInsect","Burning Pact"],"campfire_rested":3,"item_purchase_floors":[3,3,20,20,25,25],"current_hp_per_floor":[65,42,42,45,51,24,44,39,39,40,40,46,46,52,52,35,60,64,65,65,54,54,40,40,40,40,34,28,53,48,48,74,0],"gold":160,"neow_bonus":"TRANSFORM_TWO_CARDS","is_prod":false,"is_daily":false,"chose_seed":false,"campfire_upgraded":3,"win_rate":0,"timestamp":1553815775,"path_taken":["M","?","$","M","M","E","R","E","T","E","R","M","?","?","R","BOSS","M","M","$","M","?","E","R","$","T","E","?","R","E","?","R","BOSS"],"build_version":"2019-03-15","purchased_purges":0,"victory":false,"max_hp_per_floor":[68,68,68,68,68,68,68,68,68,68,68,68,68,68,68,68,68,71,74,74,77,77,83,83,83,83,86,86,86,89,89,89,89],"card_choices":[{"not_picked":["Perfected Strike","Pummel"],"picked":"Reckless Charge","floor":1.0},{"not_picked":["Shrug It Off","Iron Wave"],"picked":"True Grit","floor":4.0},{"not_picked":["Perfected Strike","Pommel Strike","Burning Pact"],"picked":"SKIP","floor":5.0},{"not_picked":["Pommel Strike","Barricade"],"picked":"Inflame","floor":6.0},{"not_picked":["Iron Wave","Entrench"],"picked":"Shockwave","floor":8.0},{"not_picked":["Twin Strike","Anger"],"picked":"Battle Trance","floor":10.0},{"not_picked":["Heavy Blade","Havoc"],"picked":"Sword Boomerang","floor":12.0},{"not_picked":["Clash","Pommel Strike"],"picked":"Headbutt","floor":14.0},{"not_picked":["Exhume","Limit Break"],"picked":"Feed","floor":16.0},{"not_picked":["Headbutt","Wild Strike","Iron Wave"],"picked":"SKIP","floor":18.0},{"not_picked":["Combust+1","Anger"],"picked":"Disarm+1","floor":19.0},{"not_picked":["Headbutt","Clash","Infernal Blade"],"picked":"SKIP","floor":21.0},{"not_picked":["Clash","Wild Strike","Cleave"],"picked":"SKIP","floor":23.0},{"not_picked":["Havoc","Warcry","Rage"],"picked":"SKIP","floor":27.0},{"not_picked":["Thunderclap","Dual Wield"],"picked":"True Grit","floor":30.0}],"player_experience":864037,"relics_obtained":[{"floor":6.0,"key":"Red Skull"},{"floor":8.0,"key":"Anchor"},{"floor":9.0,"key":"Smiling Mask"},{"floor":10.0,"key":"Frozen Egg 2"},{"floor":23.0,"key":"Orichalcum"},{"floor":26.0,"key":"Ancient Tea Set"},{"floor":27.0,"key":"Kunai"},{"floor":30.0,"key":"Question Card"}],"event_choices":[{"damage_healed":0.0,"max_hp_gain":0.0,"max_hp_loss":0.0,"gold_gain":0.0,"event_name":"Golden Idol","player_choice":"Take Damage","floor":2.0,"gold_loss":0.0,"damage_taken":23.0,"relics_obtained":["Golden Idol"]},{"damage_healed":0.0,"max_hp_gain":0.0,"max_hp_loss":0.0,"gold_gain":100.0,"event_name":"Wheel of Change","player_choice":"Gold","floor":13.0,"gold_loss":0.0,"damage_taken":0.0},{"cards_removed":["Strike_R"],"damage_healed":0.0,"max_hp_gain":0.0,"max_hp_loss":0.0,"gold_gain":0.0,"event_name":"Beggar","player_choice":"Gave Gold","floor":22.0,"gold_loss":75.0,"damage_taken":0.0},{"damage_healed":0.0,"max_hp_gain":0.0,"max_hp_loss":0.0,"gold_gain":0.0,"event_name":"Nest","player_choice":"Joined the Cult","floor":28.0,"gold_loss":0.0,"damage_taken":6.0,"cards_obtained":["RitualDagger"]}],"is_beta":true,"boss_relics":[{"not_picked":["Runic Dome","Lizard Tail"],"picked":"Runic Pyramid"}],"items_purged_floors":[],"is_endless":false,"potions_floor_spawned":[5,6,8,12,18,19,23],"killed_by":"Automaton","ascension_level":15}