{"gold_per_floor":[18,29,40,58,68,68,93,93,117,142,177,177,177,177,177,177],"floor_reached":16,"playtime":1698,"items_purged":[],"score":121,"play_id":"acae4b6b-6faf-4692-b810-b091cb9e1447","local_time":"20190407181151","is_ascension_mode":true,"campfire_choices":[{"data":"True Grit","floor":6,"key":"SMITH"},{"data":"Burning Pact","floor":8,"key":"SMITH"},{"data":"Sentinel","floor":13,"key":"SMITH"},{"floor":15,"key":"REST"}],"neow_cost":"NO_GOLD","seed_source_timestamp":420925580323400,"circlet_count":0,"master_deck":["Strike_R","Strike_R","Strike_R","Defend_R","Defend_R+1","Defend_R","Defend_R+1","Bash","True Grit+1","Shrug It Off","Heavy Blade+1","Clothesline","Heavy Blade+1","Burning Pact+1","Cleave","Sentinel+1"],"relics":["Burning Blood","Question Card","Odd Mushroom","Blood Vial","War Paint","Whetstone"],"potions_floor_usage":[7,7,11,16],"damage_taken":[{"damage":6,"enemies":"Cultist","floor":1,"turns":4},{"damage":1,"enemies":"2 Louse","floor":2,"turns":3},{"damage":7,"enemies":"Small Slimes","floor":3,"turns":4},{"damage":4,"enemies":"Blue Slaver","floor":4,"turns":5},{"damage":9,"enemies":"Looter","floor":5,"turns":4},{"damage":38,"enemies":"Lagavulin","floor":7,"turns":7},{"damage":17,"enemies":"The Mushroom Lair","floor":10,"turns":8},{"damage":21,"enemies":"3 Sentries","floor":11,"turns":6},{"damage":73,"enemies":"The Guardian","floor":16,"turns":20}],"seed_played":"-2073555068010875188","potions_obtained":[{"floor":1,"key":"Energy Potion"},{"floor":5,"key":"Block Potion"},{"floor":10,"key":"PowerPotion"},{"floor":11,"key":"Block Potion"}],"is_trial":false,"path_per_floor":["M","M","M","M","M","R","E","R","T","?","E","?","R","T","R","B"],"character_chosen":"IRONCLAD","items_purchased":[],"campfire_rested":1,"item_purchase_floors":[],"current_hp_per_floor":[80,80,79,80,77,77,45,45,45,34,19,16,16,16,40,0],"gold":177,"neow_bonus":"REMOVE_TWO","is_prod":false,"is_daily":false,"chose_seed":false,"campfire_upgraded":3,"win_rate":0,"timestamp":1554675111,"path_taken":["M","M","M","?","M","R","E","R","T","?","E","?","R","?","R","BOSS"],"build_version":"2019-01-23","purchased_purges":0,"victory":false,"max_hp_per_floor":[80,80,80,80,80,80,80,80,80,80,80,80,80,80,80,80],"card_choices":[{"not_picked":["Dual Wield","Headbutt"],"picked":"True Grit","floor":1},{"not_picked":["Armaments","Entrench"],"picked":"Shrug It Off","floor":2},{"not_picked":["Havoc","Iron Wave"],"picked":"Heavy Blade","floor":3},{"not_picked":["Clash","Headbutt"],"picked":"Clothesline","floor":4},{"not_picked":["Shrug It Off","Twin Strike"],"picked":"Heavy Blade","floor":5},{"not_picked":["Armaments","Perfected Strike"],"picked":"Burning Pact","floor":7},{"not_picked":["Warcry","Iron Wave","Twin Strike"],"picked":"Cleave","floor":10},{"not_picked":["Uppercut","Anger","True Grit"],"picked":"Sentinel","floor":11}],"player_experience":125234,"relics_obtained":[{"floor":7,"key":"Question Card"},{"floor":10,"key":"Odd Mushroom"},{"floor":11,"key":"Blood Vial"},{"floor":14,"key":"Whetstone"}],"event_choices":[{"damage_healed":0,"gold_gain":0,"player_choice":"Fought Mushrooms","damage_taken":0,"max_hp_gain":0,"max_hp_loss":0,"event_name":"Mushrooms","floor":10,"gold_loss":0},{"damage_healed":0,"gold_gain":0,"player_choice":"Success","damage_taken":3,"relics_obtained":["War Paint"],"max_hp_gain":0,"max_hp_loss":0,"event_name":"Scrap Ooze","floor":12,"gold_loss":0}],"is_beta":false,"boss_relics":[],"items_purged_floors":[],"is_endless":false,"potions_floor_spawned":[1,5,10,11],"killed_by":"The Guardian","ascension_level":2}