{"gold_per_floor":[115,115,115,126,57,82,82,140,210,210],"floor_reached":10,"playtime":638,"items_purged":[],"score":78,"play_id":"9dbcf451-f178-4ec7-90d6-b3876ba1ae99","local_time":"20190127025528","is_ascension_mode":true,"campfire_choices":[],"neow_cost":"NONE","seed_source_timestamp":171540027031862,"circlet_count":0,"master_deck":["Strike_B","Strike_B","Defend_B","Defend_B+1","Defend_B+1","Defend_B","Zap","Dualcast+1","Streamline","Static Discharge","Rebound+1","BootSequence","Streamline","Reboot"],"relics":["Sozu","War Paint","Tiny Chest","Kunai"],"potions_floor_usage":[],"damage_taken":[{"damage":0,"enemies":"2 Louse","floor":1,"turns":3},{"damage":1,"enemies":"Cultist","floor":4,"turns":3},{"damage":28,"enemies":"Gremlin Nob","floor":6,"turns":4},{"damage":15,"enemies":"Lagavulin","floor":8,"turns":7},{"damage":19,"enemies":"Gremlin Nob","floor":10,"turns":3}],"seed_played":"2435114347883970357","potions_obtained":[],"is_trial":false,"path_per_floor":["M","?","?","M","$","E","?","E","T","E"],"character_chosen":"DEFECT","items_purchased":["BootSequence"],"campfire_rested":0,"item_purchase_floors":[5],"current_hp_per_floor":[75,68,68,67,67,39,24,9,9,0],"gold":210,"neow_bonus":"BOSS_RELIC","is_prod":false,"is_daily":false,"chose_seed":false,"campfire_upgraded":0,"win_rate":0,"timestamp":1548575728,"path_taken":["M","?","?","?","$","E","?","E","T","E"],"build_version":"2019-01-23","purchased_purges":0,"victory":false,"max_hp_per_floor":[75,75,75,75,75,75,75,75,75,75],"card_choices":[{"not_picked":["Ball Lightning","Coolheaded"],"picked":"Streamline","floor":1},{"not_picked":["Compile Driver","Blizzard"],"picked":"Rebound","floor":4},{"not_picked":["Go for the Eyes","Conserve Battery"],"picked":"Streamline","floor":6},{"not_picked":["Sweeping Beam","Steam"],"picked":"Reboot","floor":8}],"player_experience":58567,"relics_obtained":[{"floor":6,"key":"War Paint"},{"floor":8,"key":"Tiny Chest"},{"floor":9,"key":"Kunai"}],"event_choices":[{"cards_removed":["Strike_B"],"damage_healed":0,"gold_gain":0,"player_choice":"Card Removal","damage_taken":7,"max_hp_gain":0,"max_hp_loss":0,"event_name":"Golden Wing","floor":2,"gold_loss":0},{"damage_healed":0,"gold_gain":0,"cards_transformed":["Strike_B"],"player_choice":"Transformed","damage_taken":0,"max_hp_gain":0,"max_hp_loss":0,"event_name":"Transmorgrifier","floor":3,"gold_loss":0,"cards_obtained":["Static Discharge"]},{"damage_healed":0,"gold_gain":0,"player_choice":"Entered Light","damage_taken":15,"max_hp_gain":0,"max_hp_loss":0,"event_name":"Shining Light","floor":7,"gold_loss":0,"cards_upgraded":["Rebound","Defend_B"]}],"is_beta":false,"boss_relics":[],"items_purged_floors":[],"is_endless":false,"potions_floor_spawned":[1],"killed_by":"Gremlin Nob","ascension_level":1}