{"gold_per_floor":[119,119,294,314,334,359,359,359,359,359,13,32,32,47,47,151,151,161,177,177,9,9,43,43,76,76,76,76,76,76,89,89,89],"floor_reached":33,"playtime":2019,"items_purged":["Doubt","Strike_B"],"score":416,"play_id":"bb08dee1-c9bd-4303-94e2-5aa262c670fe","local_time":"20180728141250","is_ascension_mode":true,"campfire_choices":[{"data":"Zap","floor":8,"key":"SMITH"},{"floor":10,"key":"REST"},{"data":"Loop","floor":13,"key":"SMITH"},{"data":"Go for the Eyes","floor":15,"key":"SMITH"},{"floor":24,"key":"REST"},{"data":"Defragment","floor":27,"key":"SMITH"},{"data":"Stack","floor":29,"key":"SMITH"},{"data":"Compile Driver","floor":32,"key":"SMITH"}],"neow_cost":"","seed_source_timestamp":7604715092928,"circlet_count":0,"master_deck":["Strike_B","Strike_B","Defend_B","Defend_B","Defend_B","Defend_B","Zap+1","Dualcast","Compile Driver+1","Leap","Go for the Eyes+1","Cold Snap","Loop+1","Cold Snap","Echo Form","Go for the Eyes+1","Stack+1","Defragment+1","Steam+1","Conserve Battery"],"relics":["Cracked Core","Darkstone Periapt","Potion Belt","FaceOfCleric","Blue Candle","Regal Pillow","Velvet Choker","Nunchaku","Orichalcum","Ornamental Fan"],"potions_floor_usage":[23,23,28],"damage_taken":[{"damage":0,"enemies":"2 Louse","floor":1,"turns":3},{"damage":8,"enemies":"Small Slimes","floor":4,"turns":3},{"damage":7,"enemies":"Jaw Worm","floor":5,"turns":5},{"damage":51,"enemies":"Gremlin Nob","floor":6,"turns":6},{"damage":0,"enemies":"2 Fungi Beasts","floor":12,"turns":3},{"damage":5,"enemies":"Looter","floor":14,"turns":3},{"damage":10,"enemies":"The Guardian","floor":16,"turns":13},{"damage":0,"enemies":"Chosen","floor":18,"turns":4},{"damage":18,"enemies":"Spheric Guardian","floor":19,"turns":5},{"damage":40,"enemies":"Slavers","floor":23,"turns":7},{"damage":14,"enemies":"Book of Stabbing","floor":25,"turns":7},{"damage":0,"enemies":"Slavers","floor":28,"turns":1},{"damage":0,"enemies":"Cultist and Chosen","floor":31,"turns":6},{"damage":59,"enemies":"Automaton","floor":33,"turns":14}],"seed_played":"-3603783334205690773","potions_obtained":[{"floor":4,"key":"Strength Potion"},{"floor":14,"key":"SteroidPotion"},{"floor":16,"key":"FearPotion"},{"floor":19,"key":"Energy Potion"},{"floor":20,"key":"FocusPotion"},{"floor":20,"key":"Regen Potion"},{"floor":20,"key":"SmokeBomb"},{"floor":23,"key":"LiquidBronze"}],"is_trial":false,"path_per_floor":["M","?","?","M","M","E","?","R","T","R","$","M","R","M","R","B",null,"M","M","?","$","?","E","R","E","T","R","E","R","$","M","R"],"character_chosen":"DEFECT","items_purchased":["Loop","Regal Pillow","Weak Potion","Defragment"],"campfire_rested":2,"item_purchase_floors":[11,11,11,21],"current_hp_per_floor":[68,65,71,63,56,5,5,5,5,29,29,30,30,26,26,17,67,68,51,51,51,51,27,68,55,55,55,56,56,56,57,57,0],"gold":89,"neow_bonus":"","is_prod":false,"is_daily":false,"chose_seed":false,"campfire_upgraded":6,"win_rate":0,"timestamp":1532767370,"path_taken":["M","?","?","M","M","E","?","R","T","R","$","M","R","M","R","BOSS","M","M","?","?","?","E","R","E","T","R","E","R","$","M","R","BOSS"],"build_version":"2018-07-26","purchased_purges":2,"victory":false,"max_hp_per_floor":[75,75,81,81,81,81,81,81,81,81,81,82,82,83,83,84,84,85,86,86,86,86,87,87,88,88,88,89,89,89,90,90,90],"card_choices":[{"not_picked":["Turbo","Barrage"],"picked":"Compile Driver","floor":1},{"not_picked":["Beam Cell","Gash"],"picked":"Leap","floor":4},{"not_picked":["Doom and Gloom","Stack"],"picked":"Go for the Eyes","floor":5},{"not_picked":["Conserve Battery","Beam Cell"],"picked":"Cold Snap","floor":6},{"not_picked":["Meteor Strike","Compile Driver"],"picked":"Cold Snap","floor":12},{"not_picked":["Streamline","Gash","Ball Lightning"],"picked":"SKIP","floor":14},{"not_picked":["Buffer","Seek"],"picked":"Echo Form","floor":16},{"not_picked":["Leap+1","Beam Cell"],"picked":"Go for the Eyes+1","floor":18},{"not_picked":["Turbo","Double Energy"],"picked":"Stack","floor":19},{"not_picked":["Reprogram","Sweeping Beam+1"],"picked":"Steam+1","floor":23},{"not_picked":["Rebound","Amplify","Ball Lightning+1"],"picked":"SKIP","floor":25},{"not_picked":["Chaos+1","Aggregate"],"picked":"Conserve Battery","floor":31}],"player_experience":345006,"relics_obtained":[{"floor":6,"key":"Potion Belt"},{"floor":9,"key":"Blue Candle"},{"floor":23,"key":"Nunchaku"},{"floor":25,"key":"Orichalcum"},{"floor":26,"key":"Ornamental Fan"}],"event_choices":[{"event_name":"Scrap Ooze","player_choice":"success","floor":2,"damage_taken":3},{"event_name":"Liars Game","player_choice":"agreed","floor":3,"damage_taken":0},{"event_name":"FaceTrader","player_choice":"Trade","floor":7,"damage_taken":0},{"event_name":"The Lab","player_choice":"Got Potions","floor":20,"damage_taken":0},{"event_name":"Back to Basics","player_choice":"Elegance","floor":22,"damage_taken":0}],"is_beta":true,"boss_relics":[{"not_picked":["Lizard Tail","Runic Dome"],"picked":"Velvet Choker"}],"items_purged_floors":[11,21],"is_endless":false,"potions_floor_spawned":[4,14,16,19,23,28],"killed_by":"Automaton","ascension_level":6}