{"gold_per_floor":[119,119,119,144,33,71,91,91,91,112,112,130,130],"floor_reached":13,"playtime":356,"items_purged":["Defend_G"],"score":85,"play_id":"350a3a2c-c376-4664-8219-5fd7bb9f66ef","local_time":"20190128174252","is_ascension_mode":false,"campfire_choices":[{"floor":8,"key":"REST"},{"floor":11,"key":"REST"}],"neow_cost":"NONE","seed_source_timestamp":434153625918367,"circlet_count":0,"master_deck":["Defend_G","Defend_G","Defend_G","Defend_G","Strike_G","Strike_G","Strike_G","Strike_G","Strike_G","Survivor","Neutralize","Accuracy+1","Accuracy","Accuracy"],"relics":["Ring of the Snake","Golden Idol","Dodecahedron","PreservedInsect"],"potions_floor_usage":[],"damage_taken":[{"damage":5,"enemies":"Small Slimes","floor":1,"turns":3},{"damage":2,"enemies":"Jaw Worm","floor":4,"turns":4},{"damage":53,"enemies":"Lagavulin","floor":6,"turns":13},{"damage":0,"enemies":"2 Louse","floor":7,"turns":2},{"damage":9,"enemies":"Blue Slaver","floor":10,"turns":6},{"damage":3,"enemies":"3 Louse","floor":12,"turns":4},{"damage":24,"enemies":"Exordium Thugs","floor":13,"turns":5}],"seed_played":"3353164591815206554","potions_obtained":[{"floor":7,"key":"PowerPotion"},{"floor":12,"key":"SpeedPotion"}],"is_trial":false,"path_per_floor":["M","?","?","M","$","E","M","R","T","M","R","M","M"],"character_chosen":"THE_SILENT","items_purchased":["Accuracy"],"campfire_rested":2,"item_purchase_floors":[5],"current_hp_per_floor":[72,72,71,69,69,16,16,37,37,28,49,46,22],"gold":130,"neow_bonus":"TEN_PERCENT_HP_BONUS","is_prod":false,"is_daily":false,"chose_seed":false,"campfire_upgraded":0,"win_rate":0,"timestamp":1548715372,"path_taken":["M","?","?","M","$","E","M","R","T","M","R","M","M"],"build_version":"2019-01-23","purchased_purges":1,"victory":false,"max_hp_per_floor":[77,77,71,71,71,71,71,71,71,71,71,71,71],"card_choices":[{"not_picked":["Slice","All Out Attack"],"picked":"Accuracy","floor":1},{"not_picked":["Deflect","Quick Slash","Dodge and Roll"],"picked":"SKIP","floor":4},{"not_picked":["Bane","Quick Slash","Flying Knee"],"picked":"SKIP","floor":6},{"not_picked":["Quick Slash","Deadly Poison"],"picked":"Accuracy","floor":7},{"not_picked":["Footwork","Dagger Throw","Dodge and Roll"],"picked":"SKIP","floor":10},{"not_picked":["Glass Knife","PiercingWail","Prepared"],"picked":"SKIP","floor":12}],"player_experience":174501,"relics_obtained":[{"floor":6,"key":"Dodecahedron"},{"floor":9,"key":"PreservedInsect"}],"event_choices":[{"damage_healed":0,"gold_gain":0,"player_choice":"Grow","damage_taken":0,"max_hp_gain":0,"max_hp_loss":0,"event_name":"Living Wall","floor":2,"gold_loss":0,"cards_upgraded":["Accuracy"]},{"damage_healed":0,"gold_gain":0,"player_choice":"Lose Max HP","damage_taken":0,"relics_obtained":["Golden Idol"],"max_hp_gain":0,"max_hp_loss":6,"event_name":"Golden Idol","floor":3,"gold_loss":0}],"is_beta":false,"boss_relics":[],"items_purged_floors":[5],"is_endless":false,"potions_floor_spawned":[7,12],"killed_by":"Exordium Thugs","ascension_level":0}