{"path_per_floor":["M","M","M","$","M","R","E","M","T","R","M","T","?","M","R","B",null,"M","$","M","?","?","R"],"character_chosen":"DEFECT","items_purchased":["Loop","Consume","Magnetism"],"gold_per_floor":[117,133,151,31,48,48,83,94,120,120,133,133,133,148,148,222,222,235,39,51,101,101,101,101],"floor_reached":24,"campfire_rested":3,"playtime":694,"current_hp_per_floor":[64,59,51,51,37,37,12,5,5,26,21,21,21,22,43,40,63,64,64,28,28,28,49,0],"items_purged":[],"gold":101,"score":347,"play_id":"7cebbcca-2a38-4cbf-afd8-3f6b2ce80464","local_time":"20180514125712","is_prod":false,"is_daily":false,"chose_seed":false,"is_ascension_mode":true,"campfire_upgraded":1,"timestamp":1526273832,"path_taken":["M","M","M","$","M","R","E","M","T","R","M","?","?","M","R","BOSS","M","$","M","?","?","R","E"],"build_version":"2018-05-12v2","seed_source_timestamp":347351595138991,"purchased_purges":0,"victory":false,"master_deck":["Strike_B","Strike_B","Strike_B","Strike_B","Defend_B","Defend_B","Defend_B","Defend_B","Zap","Dualcast","AscendersBane","Capacitor","Beam Cell","Scrape","Loop+1","Consume","Turbo","Cold Snap","Multi-Cast","Self Repair","Leap","Echo Form","Loop","Magnetism","Skim+1"],"max_hp_per_floor":[71,71,71,71,71,71,71,71,71,71,71,71,71,71,71,71,71,71,71,71,71,71,71,71],"relics":["Cracked Core","Orichalcum","Bottled Flame","Art of War","Ornamental Fan","Runic Dome"],"card_choices":[{"not_picked":["Beam Cell","Turbo"],"picked":"Capacitor","floor":1.0},{"not_picked":["Stack","Steam"],"picked":"Beam Cell","floor":2.0},{"not_picked":["Aggregate","Capacitor"],"picked":"Scrape","floor":3.0},{"not_picked":["Rebound","Hologram"],"picked":"Turbo","floor":5.0},{"not_picked":["Darkness","Turbo"],"picked":"Cold Snap","floor":7.0},{"not_picked":["Blizzard","Sweeping Beam"],"picked":"Multi-Cast","floor":8.0},{"not_picked":["Cold Snap","Beam Cell"],"picked":"Self Repair","floor":11.0},{"not_picked":["Rebound","Go for the Eyes"],"picked":"Leap","floor":14.0},{"not_picked":["Seek","Fusion"],"picked":"Echo Form","floor":16.0},{"not_picked":["Sweeping Beam","Reinforced Body"],"picked":"Loop","floor":18},{"not_picked":["Capacitor","Self Repair"],"picked":"Skim+1","floor":20}],"player_experience":985804,"potions_floor_usage":[18],"damage_taken":[{"damage":0.0,"enemies":"Cultist","floor":1.0,"turns":4.0},{"damage":5.0,"enemies":"2 Louse","floor":2.0,"turns":4.0},{"damage":8.0,"enemies":"Small Slimes","floor":3.0,"turns":3.0},{"damage":14.0,"enemies":"Gremlin Gang","floor":5.0,"turns":5.0},{"damage":25.0,"enemies":"Lagavulin","floor":7.0,"turns":5.0},{"damage":7.0,"enemies":"Exordium Wildlife","floor":8.0,"turns":4.0},{"damage":5.0,"enemies":"2 Fungi Beasts","floor":11.0,"turns":3.0},{"damage":6.0,"enemies":"Looter","floor":14.0,"turns":3.0},{"damage":22.0,"enemies":"Hexaghost","floor":16.0,"turns":12.0},{"damage":6,"enemies":"Spheric Guardian","floor":18,"turns":3},{"damage":43,"enemies":"Chosen","floor":20,"turns":6},{"damage":70,"enemies":"Slavers","floor":24,"turns":3}],"event_choices":[{"event_name":"The Lab","player_choice":"Got Potions","floor":13.0,"damage_taken":0.0},{"event_name":"Golden Shrine","player_choice":"Pray","floor":21,"damage_taken":0},{"event_name":"Drug Dealer","player_choice":"Ignored","floor":22,"damage_taken":0}],"boss_relics":[],"potions_floor_spawned":[2,3,5,8,11,14,18],"seed_played":"6938644110334572176","killed_by":"Slavers","ascension_level":15,"is_trial":false}