{"path_per_floor":["M","M","?","M","M","R","E","M","T","?","M","M","$","M","R","B",null,"M","?","?","M","$","R"],"character_chosen":"DEFECT","items_purchased":["Amplify","Rip and Tear","Heatsinks"],"gold_per_floor":[113,129,129,149,167,167,196,214,214,214,227,238,6,24,24,123,123,135,135,135,155,11,11,11],"floor_reached":24,"campfire_rested":3,"playtime":857,"current_hp_per_floor":[75,65,50,43,37,59,31,20,20,20,20,20,20,13,35,16,75,60,60,60,34,34,56,0],"items_purged":["Strike_B"],"gold":11,"score":230,"play_id":"f660f61a-23bc-444e-a119-b2fc6d77d8f3","local_time":"20180428132540","is_prod":false,"is_daily":false,"chose_seed":false,"is_ascension_mode":true,"campfire_upgraded":0,"timestamp":1524893140,"path_taken":["M","M","?","M","M","R","E","M","T","?","M","?","$","M","R","BOSS","M","?","?","M","$","R","M"],"build_version":"2018-04-27","seed_source_timestamp":261808027288073,"purchased_purges":1,"victory":false,"master_deck":["Strike_B+1","Strike_B+1","Strike_B+1","Defend_B+1","Defend_B+1","Defend_B+1","Defend_B+1","Zap","Dualcast","Genetic Algorithm+1","Hologram","Capacitor","Sweeping Beam","Coolheaded","Recycle","Beam Cell+1","Impulse","Amplify","Rip and Tear+1","Tempest","Creative AI","Ball Lightning+1","Cold Snap+1","Buffer","Heatsinks"],"max_hp_per_floor":[75,75,75,75,75,75,75,75,75,75,75,75,75,75,75,75,75,75,75,75,75,75,75,75],"relics":["Cracked Core","Vajra","Girya","Molten Egg 2","Inserter"],"card_choices":[{"not_picked":["Cold Snap","Double Energy"],"picked":"Genetic Algorithm","floor":1},{"not_picked":["Gash","Aggregate"],"picked":"Hologram","floor":2},{"not_picked":["Melter","Flux Capacitor"],"picked":"Capacitor","floor":4},{"not_picked":["Stack","FTL"],"picked":"Sweeping Beam","floor":5},{"not_picked":["Heatsinks","Axe Kick"],"picked":"Coolheaded","floor":7},{"not_picked":["Scrape","Stack"],"picked":"Recycle","floor":8},{"not_picked":["Genetic Algorithm","Reinforced Body"],"picked":"Beam Cell","floor":11},{"not_picked":["Chill","Tempest"],"picked":"Impulse","floor":12},{"not_picked":["Loop","Recycle"],"picked":"Tempest","floor":14},{"not_picked":["Nova","Rainbow"],"picked":"Creative AI","floor":16},{"not_picked":["Tempest","Skim"],"picked":"Ball Lightning","floor":18},{"not_picked":["Scrape","Recycle"],"picked":"Buffer","floor":21}],"player_experience":914726,"potions_floor_usage":[7,16,16,18],"damage_taken":[{"damage":0,"enemies":"Cultist","floor":1,"turns":3},{"damage":10,"enemies":"Small Slimes","floor":2,"turns":3},{"damage":7,"enemies":"2 Louse","floor":4,"turns":3},{"damage":6,"enemies":"Looter","floor":5,"turns":4},{"damage":28,"enemies":"3 Sentries","floor":7,"turns":6},{"damage":11,"enemies":"Exordium Thugs","floor":8,"turns":5},{"damage":0,"enemies":"2 Fungi Beasts","floor":11,"turns":3},{"damage":0,"enemies":"Gremlin Gang","floor":12,"turns":4},{"damage":7,"enemies":"Looter","floor":14,"turns":3},{"damage":19,"enemies":"Slime Boss","floor":16,"turns":13},{"damage":15,"enemies":"3 Byrds","floor":18,"turns":5},{"damage":26,"enemies":"Shell Parasite","floor":21,"turns":6},{"damage":56,"enemies":"3 Cultists","floor":24,"turns":4}],"event_choices":[{"event_name":"Shining Light","player_choice":"Entered Light","floor":3,"damage_taken":0},{"event_name":"Upgrade Shrine","player_choice":"Upgraded","floor":10,"damage_taken":0},{"event_name":"Back to Basics","player_choice":"Simplicity","floor":19,"damage_taken":0},{"event_name":"Match and Keep!","player_choice":"1 cards matched","floor":20,"damage_taken":0}],"boss_relics":[{"not_picked":["Runic Pyramid","Orrery"],"picked":"Inserter"}],"potions_floor_spawned":[1,5,11,12,16,18],"seed_played":"28090485854670320","killed_by":"3 Cultists","ascension_level":3,"is_trial":false}