{"gold_per_floor":[110,122,122,122,122,122,197,207,252,272,272,283,283,82,82,161,161,176,189,43,43,54,54,86,86,109,144,94,126,139,139,139,212,212,226,58,77,77,96,96,96,96,96,121,47,77,89,107,107,107,107,107,29,61,61],"floor_reached":55,"playtime":2837,"items_purged":["Strike_R","Strike_R"],"score":1399,"play_id":"f1857b69-1b7a-4f3d-8200-3c8ec086bdcb","local_time":"20190413045716","is_ascension_mode":true,"campfire_choices":[{"data":"Shockwave","floor":6.0,"key":"SMITH"},{"floor":11.0,"key":"REST"},{"data":"Bash","floor":13.0,"key":"SMITH"},{"data":"Barricade","floor":15.0,"key":"SMITH"},{"data":"Offering","floor":23.0,"key":"SMITH"},{"floor":25.0,"key":"REST"},{"floor":32.0,"key":"REST"},{"floor":40.0,"key":"RECALL"},{"data":"Feel No Pain","floor":42.0,"key":"SMITH"},{"data":"Burning Pact","floor":49.0,"key":"SMITH"},{"data":"Heavy Blade","floor":52.0,"key":"SMITH"}],"neow_cost":"NONE","seed_source_timestamp":437718007947623,"circlet_count":0,"master_deck":["AscendersBane","Strike_R+1","Defend_R+1","Defend_R+1","Defend_R+1","Defend_R","Bash+1","Sword Boomerang","Shockwave+1","Headbutt","Iron Wave","Disarm","Barricade+1","Shrug It Off","Offering+1","Thunderclap+1","Feel No Pain+1","Armaments+1","Spot Weakness+1","Feed","Battle Trance","Impervious","Burning Pact+1","Inflame+1","Heavy Blade+1","Flame Barrier","Brutality+1","Shrug It Off","Metallicize+1","Spot Weakness+1"],"special_seed":0,"relics":["Burning Blood","Oddly Smooth Stone","Kunai","Odd Mushroom","Cursed Key","Omamori","Paper Frog","War Paint","Frozen Egg 2","Pear","Velvet Choker","Orichalcum","Magic Flower","Blood Vial"],"potions_floor_usage":[55],"damage_taken":[{"damage":2.0,"enemies":"2 Louse","floor":1.0,"turns":3.0},{"damage":2.0,"enemies":"Small Slimes","floor":2.0,"turns":3.0},{"damage":0.0,"enemies":"Cultist","floor":8.0,"turns":4.0},{"damage":11.0,"enemies":"The Mushroom Lair","floor":10.0,"turns":4.0},{"damage":3.0,"enemies":"Red Slaver","floor":12.0,"turns":4.0},{"damage":27.0,"enemies":"Slime Boss","floor":16.0,"turns":8.0},{"damage":6.0,"enemies":"Chosen","floor":18.0,"turns":6.0},{"damage":7.0,"enemies":"2 Thieves","floor":19.0,"turns":4.0},{"damage":6.0,"enemies":"Centurion and Healer","floor":22.0,"turns":8.0},{"damage":43.0,"enemies":"Gremlin Leader","floor":24.0,"turns":14.0},{"damage":24.0,"enemies":"Book of Stabbing","floor":27.0,"turns":8.0},{"damage":12.0,"enemies":"Slavers","floor":29.0,"turns":5.0},{"damage":6.0,"enemies":"Snake Plant","floor":30.0,"turns":5.0},{"damage":15.0,"enemies":"Collector","floor":33.0,"turns":13.0},{"damage":0.0,"enemies":"3 Shapes","floor":35.0,"turns":5.0},{"damage":3.0,"enemies":"Orb Walker","floor":37.0,"turns":4.0},{"damage":12.0,"enemies":"Maw","floor":39.0,"turns":9.0},{"damage":6.0,"enemies":"Nemesis","floor":44.0,"turns":9.0},{"damage":25.0,"enemies":"Reptomancer","floor":46.0,"turns":10.0},{"damage":0.0,"enemies":"Writhing Mass","floor":47.0,"turns":8.0},{"damage":0.0,"enemies":"Sphere and 2 Shapes","floor":48.0,"turns":10.0},{"damage":22.0,"enemies":"Time Eater","floor":50.0,"turns":15.0},{"damage":59.0,"enemies":"Shield and Spear","floor":54.0,"turns":8.0},{"damage":69,"enemies":"The Heart","floor":55,"turns":6}],"seed_played":"-2162531109650860682","potions_obtained":[{"floor":1.0,"key":"Explosive Potion"},{"floor":10.0,"key":"AttackPotion"},{"floor":12.0,"key":"Fire Potion"},{"floor":19.0,"key":"BloodPotion"},{"floor":27.0,"key":"Weak Potion"},{"floor":30.0,"key":"Energy Potion"},{"floor":33.0,"key":"EssenceOfSteel"},{"floor":35.0,"key":"GamblersBrew"},{"floor":37.0,"key":"SpeedPotion"}],"is_trial":false,"path_per_floor":["M","M","$","?","?","R","?","M","T","?","R","M","R","$","R","B",null,"M","M","$","?","M","R","E","R","T","E","$","E","M","?","R","B",null,"M","$","M","?","M","R","?","R","T","E","$","E","M","M","R","B",null,"R","$","E","B"],"character_chosen":"IRONCLAD","items_purchased":["Barricade","Shrug It Off","Omamori","Block Potion","Inflame+1","Flame Barrier","Metallicize+1"],"campfire_rested":3,"item_purchase_floors":[14,14,20,28,36,45,53],"current_hp_per_floor":[72,75,75,52,34,34,23,29,29,24,46,49,49,49,49,28,63,63,62,62,62,62,62,25,47,47,36,36,40,44,44,70,65,86,96,96,100,100,98,98,98,98,98,102,102,87,101,114,114,106,114,114,114,64,0],"gold":61,"neow_bonus":"RANDOM_COMMON_RELIC","is_prod":false,"is_daily":false,"chose_seed":false,"campfire_upgraded":7,"win_rate":0,"timestamp":1555145836,"path_taken":["M","M","$","?","?","R","?","M","T","?","R","M","R","$","R","BOSS","M","M","$","?","?","R","E","R","T","E","?","E","M","?","R","BOSS","M","$","M","?","M","R","?","R","T","E","?","E","M","M","R","BOSS","R","$","E","BOSS"],"build_version":"2019-04-04","purchased_purges":2,"victory":false,"max_hp_per_floor":[75,75,75,75,75,75,75,75,75,75,75,75,75,75,75,75,75,75,75,75,75,75,75,75,75,75,75,75,85,89,89,89,93,93,97,97,100,100,104,104,99,99,99,103,103,107,110,114,114,117,117,117,117,117,117],"card_choices":[{"not_picked":["Reckless Charge","Sever Soul"],"picked":"Sword Boomerang","floor":1.0},{"not_picked":["True Grit","Clothesline"],"picked":"Shockwave","floor":2.0},{"not_picked":["Havoc","Blood for Blood"],"picked":"Headbutt","floor":8.0},{"not_picked":["Sword Boomerang","Havoc"],"picked":"Iron Wave","floor":10.0},{"not_picked":["Power Through","Sword Boomerang"],"picked":"Disarm","floor":12.0},{"not_picked":["Berserk","Limit Break"],"picked":"Offering","floor":16.0},{"not_picked":["Cleave","Iron Wave","Seeing Red"],"picked":"SKIP","floor":18.0},{"not_picked":["Clothesline","Power Through"],"picked":"Thunderclap+1","floor":19.0},{"not_picked":["Wild Strike","Metallicize"],"picked":"Feel No Pain","floor":22.0},{"not_picked":["Disarm","Thunderclap"],"picked":"Armaments+1","floor":24.0},{"not_picked":["Sword Boomerang+1","Pommel Strike"],"picked":"Spot Weakness+1","floor":27.0},{"not_picked":["Heavy Blade","Disarm"],"picked":"Feed","floor":29.0},{"not_picked":["Perfected Strike","Uppercut"],"picked":"Battle Trance","floor":30.0},{"not_picked":["Limit Break","Berserk+1"],"picked":"Impervious","floor":33.0},{"not_picked":["Pommel Strike","Whirlwind"],"picked":"Burning Pact","floor":35.0},{"not_picked":["Rupture+1","Havoc","Cleave+1"],"picked":"SKIP","floor":37.0},{"not_picked":["True Grit","Perfected Strike+1","Wild Strike"],"picked":"SKIP","floor":39.0},{"not_picked":["Twin Strike","Pommel Strike+1"],"picked":"Heavy Blade","floor":44.0},{"not_picked":["Infernal Blade","Uppercut"],"picked":"Brutality+1","floor":46.0},{"not_picked":["Headbutt","Clothesline"],"picked":"Shrug It Off","floor":47.0},{"not_picked":["Clothesline","Thunderclap","Hemokinesis+1"],"picked":"SKIP","floor":48.0},{"not_picked":["Heavy Blade","Pommel Strike+1"],"picked":"Spot Weakness+1","floor":54.0}],"player_experience":944240,"relics_obtained":[{"floor":10.0,"key":"Odd Mushroom"},{"floor":24.0,"key":"Paper Frog"},{"floor":26.0,"key":"War Paint"},{"floor":27.0,"key":"Frozen Egg 2"},{"floor":29.0,"key":"Pear"},{"floor":44.0,"key":"Orichalcum"},{"floor":46.0,"key":"Magic Flower"},{"floor":54.0,"key":"Blood Vial"}],"event_choices":[{"damage_healed":0.0,"max_hp_gain":0.0,"max_hp_loss":0.0,"gold_gain":0.0,"event_name":"Shining Light","player_choice":"Entered Light","floor":4.0,"gold_loss":0.0,"damage_taken":23.0,"cards_upgraded":["Strike_R","Defend_R"]},{"damage_healed":0.0,"max_hp_gain":0.0,"max_hp_loss":0.0,"gold_gain":0.0,"event_name":"Scrap Ooze","player_choice":"Success","floor":5.0,"gold_loss":0.0,"damage_taken":18.0,"relics_obtained":["Kunai"]},{"damage_healed":0.0,"max_hp_gain":0.0,"max_hp_loss":0.0,"gold_gain":75.0,"event_name":"World of Goop","player_choice":"Gather Gold","floor":7.0,"gold_loss":0.0,"damage_taken":11.0},{"damage_healed":0.0,"max_hp_gain":0.0,"max_hp_loss":0.0,"gold_gain":0.0,"event_name":"Mushrooms","player_choice":"Fought Mushrooms","floor":10.0,"gold_loss":0.0,"damage_taken":0.0},{"cards_removed":["Strike_R"],"damage_healed":0.0,"max_hp_gain":0.0,"max_hp_loss":0.0,"gold_gain":0.0,"event_name":"Bonfire Elementals","player_choice":"Offered Basic","floor":21.0,"gold_loss":0.0,"damage_taken":0.0},{"damage_healed":0.0,"max_hp_gain":0.0,"max_hp_loss":0.0,"gold_gain":0.0,"event_name":"Wheel of Change","player_choice":"Cursed","floor":31.0,"gold_loss":0.0,"damage_taken":0.0,"cards_obtained":["Decay"]},{"cards_removed":["Strike_R"],"damage_healed":0.0,"max_hp_gain":0.0,"max_hp_loss":0.0,"gold_gain":0.0,"event_name":"Falling","player_choice":"Removed Attack","floor":38.0,"gold_loss":0.0,"damage_taken":0.0},{"damage_healed":0.0,"max_hp_gain":0.0,"max_hp_loss":5.0,"gold_gain":0.0,"event_name":"Winding Halls","player_choice":"Max HP","floor":41.0,"gold_loss":0.0,"damage_taken":0.0}],"is_beta":true,"boss_relics":[{"not_picked":["Lizard Tail","Empty Cage"],"picked":"Cursed Key"},{"not_picked":["Philosopher\u0027s Stone","White Beast Statue"],"picked":"Velvet Choker"}],"items_purged_floors":[14,36],"is_endless":false,"potions_floor_spawned":[1,10,12,19,27,30,33,35,37,47,48],"killed_by":"The Heart","ascension_level":15}