{"gold_per_floor":[114,129,144,159,174,174,204,219,244,274,289,289,289,304,304,404,404,419,434,162,177,192,207,222,97,97,127,127,142,157,172,172,272,272,287,247,262,277,292,292,307,307,307,322,322,337,37,82,82,82],"floor_reached":51,"playtime":4240,"items_purged":["Storm","Storm","Streamline"],"score":897,"play_id":"5ac7cadf-0c54-471d-a8ff-ee782376cede","local_time":"20180715185955","daily_mods":["Insanity","Terminal","Vintage"],"is_ascension_mode":false,"campfire_choices":[{"data":"Fusion","floor":6,"key":"SMITH"},{"data":"Heatsinks","floor":15,"key":"PURGE"},{"data":"Defend_B","floor":32,"key":"PURGE"},{"floor":40,"key":"DIG"},{"floor":42,"key":"DIG"},{"floor":49,"key":"DIG"}],"neow_cost":"","seed_source_timestamp":0,"circlet_count":0,"master_deck":["Force Field","Defragment","All For One","Turbo","Core Surge+1","Rainbow","Strike_B","Consume","All For One","Coolheaded+1","Blizzard","Echo Form","Defend_B","Coolheaded","Chill","Strike_B","Dualcast","Aggregate","Fusion+1","Rip and Tear","Cold Snap","Steam Power","Redo","Sweeping Beam","Darkness","Steam","Buffer","Static Discharge","Recycle","Scrape+1","Turbo","Meteor Strike","Thunder Strike","Multi-Cast","Force Field","Dualcast","Glacier","Fusion","Reboot","All For One","Multi-Cast","Sunder","Rip and Tear","Conserve Battery","Leap","BootSequence+1","Glacier","Multi-Cast","Seek","Coolheaded","Hologram","Sweeping Beam","Conserve Battery","Capacitor","Defragment","Biased Cognition","Fission"],"special_seed":17727,"relics":["Cracked Core","Bottled Tornado","Sundial","Happy Flower","Shuriken","Ancient Tea Set","Whetstone","Peace Pipe","War Paint","Torii","Bag of Preparation","Smiling Mask","Omamori","Calipers","Orrery","Bird Faced Urn","Centennial Puzzle","Pear","DataDisk","Oddly Smooth Stone","Lantern","Blood Vial","Cables","Ginger","Kunai","Anchor","Question Card","Nuclear Battery","Strawberry","Shovel","Gremlin Horn","Symbiotic Virus","Darkstone Periapt","Bag of Marbles","Du-Vu Doll","Singing Bowl","Frozen Egg 2","Incense Burner","Mummified Hand","Tiny Chest","Blue Candle"],"potions_floor_usage":[4,8,10,23,23,23,27,45,50,50],"damage_taken":[{"damage":3,"enemies":"Small Slimes","floor":1,"turns":3},{"damage":6,"enemies":"Jaw Worm","floor":2,"turns":2},{"damage":0,"enemies":"2 Louse","floor":3,"turns":1},{"damage":3,"enemies":"Large Slime","floor":4,"turns":4},{"damage":7,"enemies":"2 Fungi Beasts","floor":5,"turns":3},{"damage":1,"enemies":"Gremlin Nob","floor":7,"turns":4},{"damage":0,"enemies":"Gremlin Gang","floor":8,"turns":3},{"damage":0,"enemies":"3 Sentries","floor":10,"turns":4},{"damage":0,"enemies":"Exordium Thugs","floor":11,"turns":5},{"damage":0,"enemies":"Lots of Slimes","floor":14,"turns":3},{"damage":3,"enemies":"Hexaghost","floor":16,"turns":7},{"damage":0,"enemies":"Shell Parasite","floor":18,"turns":6},{"damage":0,"enemies":"Chosen","floor":19,"turns":6},{"damage":1,"enemies":"Snecko","floor":21,"turns":5},{"damage":7,"enemies":"3 Cultists","floor":22,"turns":5},{"damage":0,"enemies":"Centurion and Healer","floor":23,"turns":7},{"damage":0,"enemies":"Snake Plant","floor":24,"turns":6},{"damage":10,"enemies":"Slavers","floor":27,"turns":5},{"damage":0,"enemies":"3 Cultists","floor":29,"turns":6},{"damage":0,"enemies":"Chosen and Byrds","floor":30,"turns":5},{"damage":0,"enemies":"Snake Plant","floor":31,"turns":2},{"damage":0,"enemies":"Collector","floor":33,"turns":13},{"damage":0,"enemies":"Orb Walker","floor":35,"turns":2},{"damage":0,"enemies":"Flame Bruiser 1 Orb","floor":37,"turns":11},{"damage":5,"enemies":"4 Shapes","floor":38,"turns":5},{"damage":0,"enemies":"Flame Bruiser 2 Orb","floor":39,"turns":6},{"damage":9,"enemies":"Spire Growth","floor":41,"turns":4},{"damage":16,"enemies":"3 Darklings","floor":44,"turns":5},{"damage":0,"enemies":"4 Shapes","floor":45,"turns":2},{"damage":0,"enemies":"Sphere and 2 Shapes","floor":46,"turns":4},{"damage":0,"enemies":"Flame Bruiser 2 Orb","floor":48,"turns":2},{"damage":0,"enemies":"Time Eater","floor":50,"turns":22}],"seed_played":"-3267651053854438972","potions_obtained":[{"floor":1,"key":"Swift Potion"},{"floor":7,"key":"Fire Potion"},{"floor":8,"key":"FocusPotion"},{"floor":10,"key":"FearPotion"},{"floor":11,"key":"EntropicBrew"},{"floor":14,"key":"LiquidBronze"},{"floor":16,"key":"FocusPotion"},{"floor":23,"key":"Regen Potion"},{"floor":27,"key":"FocusPotion"},{"floor":36,"key":"Dexterity Potion"},{"floor":36,"key":"SmokeBomb"},{"floor":46,"key":"Explosive Potion"}],"is_trial":false,"path_per_floor":["M","M","M","M","M","R","E","M","T","E","M","?","?","M","R","B",null,"M","M","$","M","M","M","M","$","T","E","?","M","M","M","R","B",null,"M","?","M","M","M","R","M","R","T","M","M","M","$","M","R","B"],"character_chosen":"DEFECT","items_purchased":["Capacitor","Centennial Puzzle","Defragment","Mummified Hand"],"campfire_rested":0,"item_purchase_floors":[20,20,25,47],"current_hp_per_floor":[71,65,65,62,55,55,54,54,54,54,54,42,42,42,42,39,57,56,55,54,63,56,61,60,59,58,48,48,55,54,53,52,51,50,56,55,54,51,52,51,42,42,42,34,38,45,44,43,42,41],"gold":82,"neow_bonus":"","is_prod":false,"is_daily":true,"chose_seed":false,"campfire_upgraded":1,"win_rate":0,"timestamp":1531661395,"path_taken":["M","M","M","M","M","R","E","M","T","E","M","?","?","M","R","BOSS","M","M","$","M","M","M","M","$","T","E","?","M","M","M","R","BOSS","M","?","M","M","?","R","M","R","T","M","M","M","$","M","R","BOSS"],"build_version":"2018-07-13","purchased_purges":3,"victory":true,"max_hp_per_floor":[73,72,71,70,69,68,67,66,65,64,63,62,61,60,59,58,57,56,55,54,63,62,61,60,59,58,57,56,55,54,53,52,51,50,56,55,54,53,52,51,50,49,48,47,46,45,44,43,42,41],"card_choices":[{"not_picked":["Scrape","Cold Snap"],"picked":"BootSequence","floor":7},{"not_picked":["Static Discharge","Conserve Battery"],"picked":"Glacier","floor":10},{"not_picked":["Amplify","Echo Form"],"picked":"Multi-Cast","floor":16},{"not_picked":["Streamline","Rebound"],"picked":"Seek","floor":17},{"not_picked":["Double Energy","Steam"],"picked":"Coolheaded","floor":17},{"not_picked":["Consume","Melter"],"picked":"Hologram","floor":17},{"not_picked":["Auto Shields","Genetic Algorithm"],"picked":"Sweeping Beam","floor":17},{"not_picked":["Leap","Barrage"],"picked":"Conserve Battery","floor":17},{"not_picked":["Stack","Recycle"],"picked":"Biased Cognition","floor":27},{"not_picked":["Reboot","Creative AI"],"picked":"Fission","floor":33}],"player_experience":203638,"relics_obtained":[{"floor":1,"key":"Bottled Tornado"},{"floor":2,"key":"Sundial"},{"floor":3,"key":"Happy Flower"},{"floor":4,"key":"Shuriken"},{"floor":5,"key":"Ancient Tea Set"},{"floor":7,"key":"Whetstone"},{"floor":8,"key":"Peace Pipe"},{"floor":9,"key":"War Paint"},{"floor":10,"key":"Torii"},{"floor":11,"key":"Bag of Preparation"},{"floor":14,"key":"Omamori"},{"floor":16,"key":"Calipers"},{"floor":19,"key":"Bird Faced Urn"},{"floor":21,"key":"Pear"},{"floor":22,"key":"DataDisk"},{"floor":23,"key":"Oddly Smooth Stone"},{"floor":24,"key":"Lantern"},{"floor":26,"key":"Blood Vial"},{"floor":27,"key":"Cables"},{"floor":29,"key":"Ginger"},{"floor":30,"key":"Kunai"},{"floor":31,"key":"Anchor"},{"floor":33,"key":"Question Card"},{"floor":35,"key":"Strawberry"},{"floor":37,"key":"Shovel"},{"floor":38,"key":"Gremlin Horn"},{"floor":39,"key":"Symbiotic Virus"},{"floor":40,"key":"Darkstone Periapt"},{"floor":41,"key":"Bag of Marbles"},{"floor":42,"key":"Du-Vu Doll"},{"floor":43,"key":"Singing Bowl"},{"floor":44,"key":"Frozen Egg 2"},{"floor":46,"key":"Incense Burner"},{"floor":48,"key":"Tiny Chest"},{"floor":49,"key":"Blue Candle"}],"event_choices":[{"event_name":"Scrap Ooze","player_choice":"success","floor":12,"damage_taken":12},{"event_name":"Liars Game","player_choice":"disagreed","floor":13,"damage_taken":0},{"event_name":"Vampires","player_choice":"Ignored","floor":28,"damage_taken":0},{"event_name":"The Woman in Blue","player_choice":"Bought 3 Potions","floor":36,"damage_taken":0}],"boss_relics":[{"not_picked":["Runic Pyramid","Velvet Choker"],"picked":"Orrery"},{"not_picked":["Cursed Key","Tiny House"],"picked":"Nuclear Battery"}],"items_purged_floors":[20,25,47],"is_endless":false,"potions_floor_spawned":[1,7,8,10,11,14,16,19,21,23,27,33,35,37,45,46,48],"ascension_level":0}