{"gold_per_floor":[368,368,368,378,32,32,63,76,99,126,126,151,163,179,179,253,253,268,286,66,82,98,131,131,159,212,241,166,199,199,227,227,301,301,313,313,313,323,52,52,69,86,112,112,132,163,163,178,178,178,178,178,26,57,57],"floor_reached":55,"playtime":2636,"items_purged":[],"score":1414,"play_id":"8409d526-bdea-4c70-92d1-0d45d71c16ee","local_time":"20190410191552","is_ascension_mode":true,"campfire_choices":[{"data":"Bash","floor":6.0,"key":"SMITH"},{"data":"True Grit","floor":11.0,"key":"SMITH"},{"data":"Disarm","floor":15.0,"key":"SMITH"},{"data":"Dark Embrace","floor":24.0,"key":"SMITH"},{"data":"Armaments","floor":32.0,"key":"SMITH"},{"floor":40.0,"key":"RECALL"},{"data":"J.A.X.","floor":44.0,"key":"SMITH"},{"data":"Battle Trance","floor":47.0,"key":"SMITH"},{"data":"Juggernaut","floor":49.0,"key":"SMITH"},{"data":"Dual Wield","floor":52.0,"key":"SMITH"}],"neow_cost":"TEN_PERCENT_HP_LOSS","seed_source_timestamp":230081934388195,"circlet_count":0,"master_deck":["AscendersBane","Strike_R","Strike_R","Strike_R","Defend_R","Defend_R","Defend_R","Defend_R+1","Bash+1","Whirlwind+1","Inflame","Inflame","True Grit+1","Dark Shackles+1","Disarm+1","Shrug It Off","Armaments+1","Dark Embrace+1","Fiend Fire","Feel No Pain","Disarm","Dual Wield+1","Feel No Pain","Seeing Red","Shockwave","Power Through+1","Feel No Pain","J.A.X.+1","Reaper","Shockwave","Pommel Strike+1","Corruption","Battle Trance+1","Juggernaut+1","Feel No Pain","Havoc","Warcry","Sword Boomerang+1"],"special_seed":0,"relics":["Burning Blood","Art of War","Bag of Marbles","Boot","Pen Nib","Bronze Scales","Self Forming Clay","Philosopher\u0027s Stone","PreservedInsect","Kunai","Oddly Smooth Stone","War Paint","Bottled Lightning","Bag of Preparation","Orichalcum","Sozu","OrangePellets","Vajra","Strawberry"],"potions_floor_usage":[55],"damage_taken":[{"damage":5.0,"enemies":"Cultist","floor":1.0,"turns":4.0},{"damage":0.0,"enemies":"2 Louse","floor":4.0,"turns":1.0},{"damage":4.0,"enemies":"Lagavulin","floor":7.0,"turns":5.0},{"damage":7.0,"enemies":"Jaw Worm","floor":8.0,"turns":4.0},{"damage":24.0,"enemies":"Gremlin Nob","floor":10.0,"turns":4.0},{"damage":9.0,"enemies":"3 Sentries","floor":12.0,"turns":3.0},{"damage":1.0,"enemies":"Looter","floor":13.0,"turns":3.0},{"damage":6.0,"enemies":"2 Fungi Beasts","floor":14.0,"turns":4.0},{"damage":12.0,"enemies":"Hexaghost","floor":16.0,"turns":9.0},{"damage":0.0,"enemies":"Shell Parasite","floor":18.0,"turns":5.0},{"damage":1.0,"enemies":"Chosen","floor":19.0,"turns":4.0},{"damage":0.0,"enemies":"Snake Plant","floor":21.0,"turns":4.0},{"damage":5.0,"enemies":"Chosen and Byrds","floor":22.0,"turns":2.0},{"damage":8.0,"enemies":"Book of Stabbing","floor":23.0,"turns":5.0},{"damage":21.0,"enemies":"Gremlin Leader","floor":25.0,"turns":8.0},{"damage":18.0,"enemies":"Book of Stabbing","floor":27.0,"turns":5.0},{"damage":18.0,"enemies":"Slavers","floor":29.0,"turns":3.0},{"damage":4.0,"enemies":"Book of Stabbing","floor":31.0,"turns":6.0},{"damage":37.0,"enemies":"Champ","floor":33.0,"turns":15.0},{"damage":2.0,"enemies":"Orb Walker","floor":35.0,"turns":5.0},{"damage":14.0,"enemies":"3 Darklings","floor":38.0,"turns":5.0},{"damage":0.0,"enemies":"Sphere and 2 Shapes","floor":41.0,"turns":4.0},{"damage":3.0,"enemies":"Spire Growth","floor":42.0,"turns":5.0},{"damage":3.0,"enemies":"Maw","floor":45.0,"turns":8.0},{"damage":18.0,"enemies":"Nemesis","floor":46.0,"turns":5.0},{"damage":20.0,"enemies":"Transient","floor":48.0,"turns":5.0},{"damage":83.0,"enemies":"Awakened One","floor":50.0,"turns":15.0},{"damage":20.0,"enemies":"Shield and Spear","floor":54.0,"turns":4.0},{"damage":51,"enemies":"The Heart","floor":55,"turns":6}],"seed_played":"-4743255854202214961","potions_obtained":[{"floor":1.0,"key":"Strength Potion"},{"floor":7.0,"key":"PowerPotion"},{"floor":10.0,"key":"Block Potion"},{"floor":21.0,"key":"Ancient Potion"},{"floor":27.0,"key":"Dexterity Potion"},{"floor":29.0,"key":"Regen Potion"}],"is_trial":false,"path_per_floor":["M","?","?","M","$","R","E","M","T","E","R","E","M","M","R","B",null,"M","M","$","M","M","E","R","E","T","E","?","E","?","E","R","B",null,"M","?","$","M","$","R","M","M","T","R","M","E","R","M","R","B",null,"R","$","E","B"],"character_chosen":"IRONCLAD","items_purchased":["Bag of Marbles","Inflame","True Grit","Dark Shackles","PreservedInsect","Dual Wield","Corruption","OrangePellets","Feel No Pain","Havoc","Warcry"],"campfire_rested":0,"item_purchase_floors":[5,5,5,5,20,20,39,39,53,53,53],"current_hp_per_floor":[68,68,68,68,68,68,68,67,67,49,49,46,51,51,51,45,62,68,68,68,68,68,66,66,51,51,39,39,27,27,44,44,13,54,64,64,64,68,68,68,68,68,68,68,68,56,56,60,60,18,56,56,56,49,0],"gold":57,"neow_bonus":"TWO_FIFTY_GOLD","is_prod":false,"is_daily":false,"chose_seed":false,"campfire_upgraded":9,"win_rate":0,"timestamp":1554938152,"path_taken":["M","?","?","M","$","R","E","?","T","E","R","E","M","M","R","BOSS","M","M","$","M","M","E","R","E","T","E","?","E","?","E","R","BOSS","M","?","$","M","$","R","M","?","T","R","M","E","R","M","R","BOSS","R","$","E","BOSS"],"build_version":"2019-04-04","purchased_purges":0,"victory":false,"max_hp_per_floor":[68,68,68,68,68,68,68,68,68,68,68,68,68,68,68,68,68,68,68,68,68,68,68,68,68,68,68,68,68,68,68,68,68,68,68,68,68,68,68,68,68,68,68,68,68,68,68,68,68,68,68,68,68,75,75],"card_choices":[{"not_picked":["Dropkick","Rage"],"picked":"Whirlwind","floor":1.0},{"not_picked":["Hemokinesis","Wild Strike"],"picked":"Inflame","floor":4.0},{"not_picked":["Berserk","Twin Strike"],"picked":"Disarm","floor":7.0},{"not_picked":["Dropkick","Cleave","Twin Strike"],"picked":"SKIP","floor":8.0},{"not_picked":["Thunderclap","True Grit"],"picked":"Shrug It Off","floor":10.0},{"not_picked":["Thunderclap","Rupture"],"picked":"Armaments","floor":12.0},{"not_picked":["Seeing Red","Cleave"],"picked":"Dark Embrace","floor":13.0},{"not_picked":["Thunderclap","Clothesline","Warcry"],"picked":"SKIP","floor":14.0},{"not_picked":["Barricade","Bludgeon"],"picked":"Fiend Fire","floor":16.0},{"not_picked":["Seeing Red","Havoc"],"picked":"Feel No Pain","floor":18.0},{"not_picked":["Heavy Blade","Wild Strike"],"picked":"Disarm","floor":19.0},{"not_picked":["Clash","Warcry"],"picked":"Feel No Pain","floor":21.0},{"not_picked":["Body Slam","Wild Strike"],"picked":"Seeing Red","floor":22.0},{"not_picked":["Carnage","Demon Form"],"picked":"Shockwave","floor":23.0},{"not_picked":["Cleave","Sentinel","Rampage"],"picked":"SKIP","floor":25.0},{"not_picked":["Reckless Charge","Clash"],"picked":"Power Through+1","floor":27.0},{"not_picked":["Bloodletting","Armaments+1"],"picked":"Feel No Pain","floor":29.0},{"not_picked":["Anger","Pommel Strike+1","True Grit"],"picked":"SKIP","floor":31.0},{"not_picked":["Double Tap","Fiend Fire"],"picked":"Reaper","floor":33.0},{"not_picked":["Armaments","Clash"],"picked":"Shockwave","floor":35.0},{"not_picked":["Headbutt","Inflame+1"],"picked":"Pommel Strike+1","floor":38.0},{"not_picked":["Blood for Blood","Sever Soul","Whirlwind+1"],"picked":"SKIP","floor":41.0},{"not_picked":["Clash","Rupture","Seeing Red"],"picked":"SKIP","floor":42.0},{"not_picked":["Feel No Pain","Armaments","Body Slam"],"picked":"SKIP","floor":45.0},{"not_picked":["Iron Wave","Perfected Strike"],"picked":"Battle Trance","floor":46.0},{"not_picked":["Intimidate+1","Anger"],"picked":"Juggernaut","floor":48.0},{"not_picked":["Pommel Strike+1","Iron Wave"],"picked":"Sword Boomerang+1","floor":54.0}],"player_experience":933851,"relics_obtained":[{"floor":7.0,"key":"Boot"},{"floor":9.0,"key":"Pen Nib"},{"floor":10.0,"key":"Bronze Scales"},{"floor":12.0,"key":"Self Forming Clay"},{"floor":23.0,"key":"Kunai"},{"floor":25.0,"key":"Oddly Smooth Stone"},{"floor":26.0,"key":"War Paint"},{"floor":27.0,"key":"Bottled Lightning"},{"floor":29.0,"key":"Bag of Preparation"},{"floor":31.0,"key":"Orichalcum"},{"floor":46.0,"key":"Vajra"},{"floor":54.0,"key":"Strawberry"}],"event_choices":[{"damage_healed":0.0,"max_hp_gain":0.0,"max_hp_loss":0.0,"gold_gain":0.0,"event_name":"Living Wall","player_choice":"Grow","floor":2.0,"gold_loss":0.0,"damage_taken":0.0,"cards_upgraded":["Whirlwind"]},{"damage_healed":0.0,"max_hp_gain":0.0,"max_hp_loss":0.0,"gold_gain":0.0,"event_name":"WeMeetAgain","player_choice":"Gave Potion","floor":3.0,"gold_loss":0.0,"damage_taken":0.0,"relics_obtained":["Art of War"]},{"cards_removed":["Strike_R"],"damage_healed":0.0,"max_hp_gain":0.0,"max_hp_loss":0.0,"gold_gain":0.0,"event_name":"Beggar","player_choice":"Gave Gold","floor":28.0,"gold_loss":75.0,"damage_taken":0.0},{"damage_healed":0.0,"max_hp_gain":0.0,"max_hp_loss":0.0,"gold_gain":0.0,"event_name":"Drug Dealer","player_choice":"Obtain J.A.X.","floor":30.0,"gold_loss":0.0,"damage_taken":0.0,"cards_obtained":["J.A.X."]},{"cards_removed":["Strike_R"],"damage_healed":0.0,"max_hp_gain":0.0,"max_hp_loss":0.0,"gold_gain":0.0,"event_name":"Bonfire Elementals","player_choice":"Offered Basic","floor":36.0,"gold_loss":0.0,"damage_taken":0.0}],"is_beta":true,"boss_relics":[{"not_picked":["Tiny House","Fusion Hammer"],"picked":"Philosopher\u0027s Stone"},{"not_picked":["Mark of Pain","Pandora\u0027s Box"],"picked":"Sozu"}],"items_purged_floors":[],"is_endless":false,"potions_floor_spawned":[1,7,10,19,21,27,29,41,42,45,48],"killed_by":"The Heart","ascension_level":15}