{"gold_per_floor":[109,120,120,120,70,113,113,113,113,156,156,196,196,221,221,221],"floor_reached":16,"playtime":367,"items_purged":[],"score":180,"play_id":"8dd7c924-6698-459d-abb0-93b4918f8cf8","local_time":"20181208215304","is_ascension_mode":true,"campfire_choices":[{"data":"Ball Lightning","floor":7,"key":"SMITH"},{"data":"Dualcast","floor":11,"key":"SMITH"},{"data":"Cold Snap","floor":13,"key":"SMITH"},{"data":"Electrodynamics","floor":15,"key":"SMITH"}],"neow_cost":"NONE","seed_source_timestamp":211443571106845,"circlet_count":0,"master_deck":["AscendersBane","Strike_B","Strike_B","Strike_B","Defend_B","Defend_B","Defend_B","Defend_B","Zap+1","Dualcast+1","Go for the Eyes+1","Electrodynamics+1","Ball Lightning+1","Cold Snap+1","Fusion+1","Stack+1"],"relics":["Cracked Core","Golden Idol","Toxic Egg 2","Gremlin Horn","Vajra"],"potions_floor_usage":[],"damage_taken":[{"damage":8,"enemies":"Small Slimes","floor":1,"turns":3},{"damage":2,"enemies":"Jaw Worm","floor":2,"turns":4},{"damage":15,"enemies":"3 Sentries","floor":6,"turns":3},{"damage":10,"enemies":"Lagavulin","floor":10,"turns":6},{"damage":13,"enemies":"3 Sentries","floor":12,"turns":3},{"damage":0,"enemies":"Cultist","floor":14,"turns":3},{"damage":22,"enemies":"The Guardian","floor":16,"turns":2}],"seed_played":"-8159237623320994381","potions_obtained":[{"floor":2,"key":"Weak Potion"},{"floor":14,"key":"Energy Potion"}],"is_trial":false,"path_per_floor":["M","M","?","?","?","E","R","?","T","E","R","E","R","M","R","B"],"character_chosen":"DEFECT","items_purchased":[],"campfire_rested":0,"item_purchase_floors":[],"current_hp_per_floor":[60,58,58,58,58,43,43,43,43,33,33,20,20,20,20,0],"gold":221,"neow_bonus":"UPGRADE_CARD","is_prod":false,"is_daily":false,"chose_seed":false,"campfire_upgraded":4,"win_rate":0,"timestamp":1544286184,"path_taken":["M","M","?","?","?","E","R","?","T","E","R","E","R","M","R","BOSS"],"build_version":"2018-12-06","purchased_purges":0,"victory":false,"max_hp_per_floor":[75,75,69,69,69,69,69,69,69,69,69,69,69,69,69,69],"card_choices":[{"not_picked":["Redo","Steam"],"picked":"Go for the Eyes","floor":1},{"not_picked":["Stack","Streamline"],"picked":"Electrodynamics","floor":2},{"not_picked":["Sweeping Beam","Beam Cell"],"picked":"Ball Lightning","floor":6},{"not_picked":["Steam+1","Heatsinks"],"picked":"Cold Snap","floor":10},{"not_picked":["Stack+1","Multi-Cast+1"],"picked":"Fusion+1","floor":12},{"not_picked":["Heatsinks","Recycle+1"],"picked":"Stack+1","floor":14}],"player_experience":874524,"relics_obtained":[{"floor":9,"key":"Toxic Egg 2"},{"floor":10,"key":"Gremlin Horn"},{"floor":12,"key":"Vajra"}],"event_choices":[{"damage_healed":0,"gold_gain":0,"player_choice":"Lose Max HP","damage_taken":0,"relics_obtained":["Golden Idol"],"max_hp_gain":0,"max_hp_loss":6,"event_name":"Golden Idol","floor":3,"gold_loss":0},{"damage_healed":0,"gold_gain":0,"player_choice":"Grow","damage_taken":0,"max_hp_gain":0,"max_hp_loss":0,"event_name":"Living Wall","floor":4,"gold_loss":0,"cards_upgraded":["Go for the Eyes"]},{"cards_removed":["Strike_B"],"damage_healed":0,"gold_gain":0,"player_choice":"Card Removal","damage_taken":0,"max_hp_gain":0,"max_hp_loss":0,"event_name":"The Cleric","floor":5,"gold_loss":50},{"damage_healed":0,"gold_gain":0,"player_choice":"Ignored","damage_taken":0,"max_hp_gain":0,"max_hp_loss":0,"event_name":"Liars Game","floor":8,"gold_loss":0}],"is_beta":true,"boss_relics":[],"items_purged_floors":[],"is_endless":false,"potions_floor_spawned":[2,14],"killed_by":"The Guardian","ascension_level":11}