{"gold_per_floor":[167,167,186,14,30,30,62,62,138,189,139,154,154,164,164,264,264,276,294,11,11,21,21],"floor_reached":23,"playtime":795,"items_purged":["Defend_G","Defend_G","Pain"],"score":201,"play_id":"14b5ffdb-ab09-40cf-9340-3939dc098c77","local_time":"20190421132403","is_ascension_mode":true,"campfire_choices":[{"data":"Infinite Blades","floor":6,"key":"SMITH"},{"floor":13,"key":"REST"},{"floor":15,"key":"REST"}],"neow_cost":"NONE","seed_source_timestamp":158701920385960,"circlet_count":0,"master_deck":["Defend_G","Defend_G","Strike_G","Strike_G","Strike_G","Strike_G+1","Strike_G","Survivor","Neutralize","Dodge and Roll","Expertise","Cloak And Dagger","Cloak And Dagger","Infinite Blades+1","Infinite Blades","Infinite Blades","A Thousand Cuts","Injury","Injury","Bandage Up"],"relics":["Tiny House","Potion Belt","Smiling Mask","Calling Bell","Oddly Smooth Stone","Calipers","The Courier","MealTicket"],"potions_floor_usage":[7,7,16],"damage_taken":[{"damage":2,"enemies":"Small Slimes","floor":1,"turns":5},{"damage":1,"enemies":"Cultist","floor":3,"turns":4},{"damage":3,"enemies":"2 Louse","floor":5,"turns":3},{"damage":9,"enemies":"Lagavulin","floor":7,"turns":7},{"damage":21,"enemies":"Exordium Wildlife","floor":12,"turns":5},{"damage":9,"enemies":"Blue Slaver","floor":14,"turns":4},{"damage":31,"enemies":"Slime Boss","floor":16,"turns":9},{"damage":15,"enemies":"3 Byrds","floor":18,"turns":5},{"damage":43,"enemies":"Shell Parasite","floor":19,"turns":8},{"damage":17,"enemies":"Centurion and Healer","floor":22,"turns":7},{"damage":0,"enemies":"Book of Stabbing","floor":23,"turns":1}],"seed_played":"8338135603257076602","potions_obtained":[{"floor":0,"key":"GhostInAJar"},{"floor":5,"key":"Fire Potion"},{"floor":12,"key":"SkillPotion"},{"floor":16,"key":"AttackPotion"}],"is_trial":false,"path_per_floor":["M","?","M","$","M","R","E","?","T","T","$","M","R","M","R","B",null,"M","M","$","?","M","E"],"character_chosen":"THE_SILENT","items_purchased":["Cloak And Dagger","Infinite Blades","Bandage Up","MealTicket"],"campfire_rested":2,"item_purchase_floors":[4,4,20,20],"current_hp_per_floor":[73,73,72,72,69,69,60,65,65,65,65,44,68,59,80,49,80,65,22,22,22,9,9],"gold":21,"neow_bonus":"BOSS_RELIC","is_prod":false,"is_daily":false,"chose_seed":false,"campfire_upgraded":1,"win_rate":0,"timestamp":1555867443,"path_taken":["M","?","M","$","?","R","E","?","T","?","?","M","R","M","R","BOSS","M","M","$","?","M","E"],"build_version":"2019-01-23","purchased_purges":3,"victory":false,"max_hp_per_floor":[75,75,75,75,75,75,75,80,80,80,80,80,80,80,80,80,80,80,80,80,80,80,80],"card_choices":[{"not_picked":["Acrobatics","Blur"],"picked":"Dodge and Roll","floor":0},{"not_picked":["Dagger Throw","Slice","Skewer"],"picked":"SKIP","floor":1},{"not_picked":["Venomology","Terror"],"picked":"Cloak And Dagger","floor":3},{"not_picked":["Setup","Flying Knee","Backflip"],"picked":"SKIP","floor":5},{"not_picked":["Eviscerate","Terror","Backflip"],"picked":"SKIP","floor":7},{"not_picked":["Deflect","Noxious Fumes"],"picked":"Infinite Blades","floor":12},{"not_picked":["Outmaneuver","Bouncing Flask"],"picked":"Infinite Blades","floor":14},{"not_picked":["Grand Finale","Doppelganger"],"picked":"A Thousand Cuts","floor":16},{"not_picked":["Dagger Spray","Skewer","Masterful Stab"],"picked":"SKIP","floor":18},{"not_picked":["Poisoned Stab","Slice","Setup+1"],"picked":"SKIP","floor":19},{"not_picked":["Dash","Outmaneuver+1","Sucker Punch"],"picked":"SKIP","floor":22}],"player_experience":188465,"relics_obtained":[{"floor":7,"key":"Potion Belt"},{"floor":10,"key":"Smiling Mask"},{"floor":17,"key":"Oddly Smooth Stone"},{"floor":17,"key":"Calipers"},{"floor":17,"key":"The Courier"}],"event_choices":[{"damage_healed":0,"gold_gain":0,"cards_transformed":["Defend_G"],"player_choice":"Transformed","damage_taken":0,"max_hp_gain":0,"max_hp_loss":0,"event_name":"Transmorgrifier","floor":2,"gold_loss":0,"cards_obtained":["Expertise"]},{"damage_healed":0,"gold_gain":0,"player_choice":"Donut","damage_taken":0,"max_hp_gain":5,"max_hp_loss":0,"event_name":"Big Fish","floor":8,"gold_loss":0},{"damage_healed":0,"gold_gain":0,"player_choice":"Ignored","damage_taken":0,"max_hp_gain":0,"max_hp_loss":0,"event_name":"Beggar","floor":21,"gold_loss":0}],"is_beta":false,"boss_relics":[{"not_picked":["Velvet Choker","Busted Crown"],"picked":"Calling Bell"}],"items_purged_floors":[4,11,20],"is_endless":false,"potions_floor_spawned":[5,12,16],"killed_by":"Book of Stabbing","ascension_level":1}