{"gold_per_floor":[113,113,38,313,326,355,355,381,381,128,53,82,98,118,118,194,194,209,209,209,224,224,224,280,293,293,293,74,99,30,40,40,119,119,131,150,150,167,14,44,144,156,156,4,4,19,19,36,36,36,36,36,36,63,63],"floor_reached":56,"playtime":2453,"items_purged":["Regret","Regret"],"score":2139,"play_id":"aaab5406-c632-4900-8098-69d6ce49ae85","local_time":"20190419202917","is_ascension_mode":true,"campfire_choices":[{"data":"Armaments","floor":7.0,"key":"SMITH"},{"data":"Uppercut","floor":15.0,"key":"SMITH"},{"floor":23.0,"key":"REST"},{"floor":27.0,"key":"RECALL"},{"floor":32.0,"key":"REST"},{"floor":45.0,"key":"DIG"},{"floor":49.0,"key":"DIG"},{"floor":52.0,"key":"DIG"}],"neow_cost":"NONE","seed_source_timestamp":1012449912652612,"circlet_count":0,"master_deck":["AscendersBane","Defend_R","Defend_R","Defend_R","Bash","Spot Weakness","Armaments+1","Shrug It Off","Shockwave","Whirlwind","True Grit","Uppercut+1","Offering","Heavy Blade","Bite","Bite","Bite","Bite","Bite","Heavy Blade","Disarm","Impervious","Heavy Blade+1","Impervious","Feed","Shrug It Off","Limit Break","Inflame","Corruption+1","Impervious","Offering","Burning Pact","Shrug It Off+1","Ghostly Armor","Battle Trance"],"special_seed":0,"relics":["Burning Blood","NeowsBlessing","Blue Candle","Lantern","Dream Catcher","Matryoshka","Vajra","Fusion Hammer","Enchiridion","Tiny Chest","Blood Vial","Pocketwatch","Red Skull","Sundial","Runic Pyramid","Bag of Preparation","Shovel","Juzu Bracelet","Centennial Puzzle","Torii","Happy Flower","Shuriken","Orichalcum"],"potions_floor_usage":[55,55],"damage_taken":[{"damage":0.0,"enemies":"Cultist","floor":1.0,"turns":1.0},{"damage":0.0,"enemies":"2 Louse","floor":5.0,"turns":1.0},{"damage":0.0,"enemies":"Gremlin Nob","floor":6.0,"turns":1.0},{"damage":24.0,"enemies":"Lagavulin","floor":8.0,"turns":9.0},{"damage":12.0,"enemies":"3 Sentries","floor":12.0,"turns":5.0},{"damage":10.0,"enemies":"Small Slimes","floor":13.0,"turns":3.0},{"damage":9.0,"enemies":"2 Fungi Beasts","floor":14.0,"turns":3.0},{"damage":33.0,"enemies":"Hexaghost","floor":16.0,"turns":14.0},{"damage":7.0,"enemies":"Spheric Guardian","floor":18.0,"turns":5.0},{"damage":11.0,"enemies":"2 Thieves","floor":21.0,"turns":3.0},{"damage":42.0,"enemies":"Gremlin Leader","floor":24.0,"turns":7.0},{"damage":12.0,"enemies":"Cultist and Chosen","floor":25.0,"turns":5.0},{"damage":8.0,"enemies":"Book of Stabbing","floor":29.0,"turns":5.0},{"damage":30.0,"enemies":"Shelled Parasite and Fungi","floor":31.0,"turns":5.0},{"damage":66.0,"enemies":"Collector","floor":33.0,"turns":11.0},{"damage":4.0,"enemies":"3 Shapes","floor":35.0,"turns":5.0},{"damage":8.0,"enemies":"Orb Walker","floor":36.0,"turns":3.0},{"damage":15.0,"enemies":"Sphere and 2 Shapes","floor":38.0,"turns":8.0},{"damage":24.0,"enemies":"Giant Head","floor":40.0,"turns":8.0},{"damage":3.0,"enemies":"Mind Bloom Boss Battle","floor":41.0,"turns":9.0},{"damage":10.0,"enemies":"4 Shapes","floor":42.0,"turns":6.0},{"damage":12.0,"enemies":"Transient","floor":46.0,"turns":5.0},{"damage":6.0,"enemies":"Writhing Mass","floor":48.0,"turns":3.0},{"damage":12.0,"enemies":"Awakened One","floor":50.0,"turns":7.0},{"damage":33.0,"enemies":"Shield and Spear","floor":54.0,"turns":6.0},{"damage":46,"enemies":"The Heart","floor":55,"turns":8}],"seed_played":"6050472680645418758","potions_obtained":[{"floor":1.0,"key":"AttackPotion"},{"floor":5.0,"key":"Weak Potion"},{"floor":14.0,"key":"Ancient Potion"},{"floor":16.0,"key":"EssenceOfSteel"},{"floor":18.0,"key":"Weak Potion"},{"floor":33.0,"key":"Strength Potion"}],"is_trial":false,"path_per_floor":["M","?","$","?","M","E","R","E","T","$","?","E","M","M","R","B",null,"M","?","?","M","?","R","E","M","T","R","$","E","$","M","R","B",null,"M","M","?","M","$","E","?","M","T","$","R","M","?","M","R","B",null,"R","$","E","B",null],"character_chosen":"IRONCLAD","items_purchased":["Shockwave","Whirlwind","Red Skull","Impervious","Impervious","Impervious","Centennial Puzzle"],"campfire_rested":2,"item_purchase_floors":[10,10,28,28,30,39,44],"current_hp_per_floor":[74,74,74,74,75,75,75,57,57,57,57,51,47,44,44,17,61,60,52,31,32,32,47,30,40,40,40,40,50,50,51,52,18,44,55,58,58,62,62,56,65,68,68,68,68,68,68,68,68,72,72,72,72,62,42],"gold":63,"neow_bonus":"THREE_ENEMY_KILL","is_prod":false,"is_daily":false,"chose_seed":false,"campfire_upgraded":2,"win_rate":0,"timestamp":1555720157,"path_taken":["M","?","$","?","?","E","R","E","T","$","?","E","M","M","R","BOSS","M","?","?","M","?","R","E","M","T","R","$","E","$","M","R","BOSS","M","M","?","M","$","E","?","M","T","$","R","M","?","M","R","BOSS","R","$","E","BOSS"],"build_version":"2019-04-04","purchased_purges":2,"victory":true,"max_hp_per_floor":[75,75,75,75,75,75,75,75,75,75,75,75,75,75,75,75,75,75,52,52,52,52,52,52,52,52,52,52,52,52,52,52,52,52,55,58,58,62,62,62,65,68,68,68,68,68,68,68,68,72,72,72,72,76,76],"card_choices":[{"not_picked":["Armaments","True Grit"],"picked":"Spot Weakness","floor":1.0},{"not_picked":["Sword Boomerang","True Grit"],"picked":"Armaments","floor":5.0},{"not_picked":["Searing Blow","Iron Wave","Armaments"],"picked":"SKIP","floor":6.0},{"not_picked":["Sentinel","Hemokinesis"],"picked":"Shrug It Off","floor":8.0},{"not_picked":["Shrug It Off","Perfected Strike"],"picked":"True Grit","floor":12.0},{"not_picked":["Warcry","Bludgeon"],"picked":"Uppercut","floor":13.0},{"not_picked":["Armaments","Wild Strike","Perfected Strike"],"picked":"SKIP","floor":14.0},{"not_picked":["Brutality","Juggernaut"],"picked":"Offering","floor":16.0},{"not_picked":["Reckless Charge","Clothesline"],"picked":"Heavy Blade","floor":18.0},{"not_picked":["Intimidate","Ghostly Armor","Armaments"],"picked":"SKIP","floor":21.0},{"not_picked":["Wild Strike+1","Iron Wave"],"picked":"Heavy Blade","floor":23.0},{"not_picked":["Headbutt","Perfected Strike+1"],"picked":"Disarm","floor":24.0},{"not_picked":["Warcry","Body Slam+1","Rampage"],"picked":"SKIP","floor":25.0},{"not_picked":["Bloodletting","Havoc"],"picked":"Heavy Blade+1","floor":29.0},{"not_picked":["Twin Strike","Infernal Blade+1"],"picked":"Feed","floor":31.0},{"not_picked":["Thunderclap","Heavy Blade+1"],"picked":"Shrug It Off","floor":32.0},{"not_picked":["Juggernaut","Exhume"],"picked":"Limit Break","floor":33.0},{"not_picked":["Clash","Thunderclap","Inflame"],"picked":"SKIP","floor":35.0},{"not_picked":["Clash","Thunderclap"],"picked":"Inflame","floor":35.0},{"not_picked":["Flex","Cleave+1"],"picked":"Corruption+1","floor":36.0},{"not_picked":["Perfected Strike","Twin Strike+1","Flex"],"picked":"SKIP","floor":38.0},{"not_picked":["Rampage","Second Wind"],"picked":"Offering","floor":40.0},{"not_picked":["Havoc","Bloodletting"],"picked":"Burning Pact","floor":41.0},{"not_picked":["Dropkick","Ghostly Armor"],"picked":"Shrug It Off+1","floor":42.0},{"not_picked":["Carnage","Body Slam","Rampage+1"],"picked":"SKIP","floor":46.0},{"not_picked":["Clash+1","Pummel","Wild Strike"],"picked":"SKIP","floor":48.0},{"not_picked":["Carnage+1","Entrench"],"picked":"Battle Trance","floor":54.0}],"player_experience":980053,"relics_obtained":[{"floor":6.0,"key":"Lantern"},{"floor":8.0,"key":"Dream Catcher"},{"floor":9.0,"key":"Matryoshka"},{"floor":12.0,"key":"Vajra"},{"floor":20.0,"key":"Enchiridion"},{"floor":24.0,"key":"Tiny Chest"},{"floor":26.0,"key":"Blood Vial"},{"floor":26.0,"key":"Pocketwatch"},{"floor":29.0,"key":"Sundial"},{"floor":40.0,"key":"Bag of Preparation"},{"floor":41.0,"key":"Shovel"},{"floor":43.0,"key":"Juzu Bracelet"},{"floor":45.0,"key":"Torii"},{"floor":49.0,"key":"Happy Flower"},{"floor":52.0,"key":"Shuriken"},{"floor":54.0,"key":"Orichalcum"}],"event_choices":[{"damage_healed":0.0,"max_hp_gain":0.0,"max_hp_loss":0.0,"gold_gain":0.0,"event_name":"Big Fish","player_choice":"Box","floor":2.0,"gold_loss":0.0,"damage_taken":0.0,"relics_obtained":["Blue Candle"],"cards_obtained":["Regret"]},{"damage_healed":0.0,"max_hp_gain":0.0,"max_hp_loss":0.0,"gold_gain":275.0,"event_name":"Golden Shrine","player_choice":"Desecrate","floor":4.0,"gold_loss":0.0,"damage_taken":0.0,"cards_obtained":["Regret"]},{"cards_removed":["Strike_R"],"damage_healed":0.0,"max_hp_gain":0.0,"max_hp_loss":0.0,"gold_gain":0.0,"event_name":"The Cleric","player_choice":"Card Removal","floor":11.0,"gold_loss":75.0,"damage_taken":0.0},{"damage_healed":0.0,"max_hp_gain":0.0,"max_hp_loss":23.0,"gold_gain":0.0,"event_name":"Vampires","player_choice":"Became a vampire","floor":19.0,"gold_loss":0.0,"damage_taken":0.0,"cards_obtained":["Bite","Bite","Bite","Bite","Bite"]},{"damage_healed":0.0,"max_hp_gain":0.0,"max_hp_loss":0.0,"gold_gain":0.0,"event_name":"Cursed Tome","player_choice":"Obtained Book","floor":20.0,"gold_loss":0.0,"damage_taken":21.0},{"damage_healed":0.0,"max_hp_gain":0.0,"max_hp_loss":0.0,"gold_gain":0.0,"event_name":"The Mausoleum","player_choice":"Ignored","floor":22.0,"gold_loss":0.0,"damage_taken":0.0},{"damage_healed":0.0,"max_hp_gain":0.0,"max_hp_loss":0.0,"gold_gain":0.0,"event_name":"Tomb of Lord Red Mask","player_choice":"Ignored","floor":37.0,"gold_loss":0.0,"damage_taken":0.0},{"damage_healed":0.0,"max_hp_gain":0.0,"max_hp_loss":0.0,"gold_gain":0.0,"event_name":"MindBloom","player_choice":"Fight","floor":41.0,"gold_loss":0.0,"damage_taken":0.0},{"damage_healed":0.0,"max_hp_gain":0.0,"max_hp_loss":0.0,"gold_gain":0.0,"cards_transformed":["Defend_R"],"event_name":"Transmorgrifier","player_choice":"Transformed","floor":47.0,"gold_loss":0.0,"damage_taken":0.0,"cards_obtained":["Ghostly Armor"]}],"is_beta":true,"boss_relics":[{"not_picked":["Calling Bell","White Beast Statue"],"picked":"Fusion Hammer"},{"not_picked":["Runic Dome","Velvet Choker"],"picked":"Runic Pyramid"}],"items_purged_floors":[3,10],"is_endless":false,"potions_floor_spawned":[1,5,14,16,18,21,25,31,33,35,41,42,46,48],"ascension_level":15}