{"gold_per_floor":[17,32,107,107,120,120,135,163,163,163,193,193,213,246,246,317,317,335,56,66,116,66,95,95,125,125,135,135,160,175,189,189,266,266,286,236,250,261,275,275,275,275,324,356,371,385,431,431,431,431,431],"floor_reached":52,"playtime":2878,"items_purged":["Strike_R","Strike_R","Strike_R+1"],"score":1929,"play_id":"ba5c1cc1-2fae-47a6-b4a3-2e8f940ecb98","local_time":"20190412034930","is_ascension_mode":true,"campfire_choices":[{"data":"Immolate","floor":6.0,"key":"SMITH"},{"data":"Battle Trance","floor":10.0,"key":"SMITH"},{"data":"Iron Wave","floor":15.0,"key":"SMITH"},{"data":"Ghostly Armor","floor":24.0,"key":"SMITH"},{"data":"Defend_R","floor":28.0,"key":"SMITH"},{"data":"Defend_R","floor":32.0,"key":"SMITH"},{"data":"Bludgeon","floor":40.0,"key":"SMITH"},{"data":"Heavy Blade","floor":42.0,"key":"SMITH"},{"floor":49.0,"key":"RECALL"}],"neow_cost":"NO_GOLD","seed_source_timestamp":0,"circlet_count":0,"master_deck":["AscendersBane","Defend_R+1","Defend_R+1","Defend_R+1","Defend_R+1","Bash+1","Ghostly Armor+1","Clothesline+1","Immolate+1","Iron Wave+1","Battle Trance+1","Thunderclap+1","Demon Form+1","Impervious+1","Carnage+1","Bludgeon+1","Carnage+1","Shockwave+1","Heavy Blade+1","Whirlwind+1"],"special_seed":0,"relics":["Burning Blood","Odd Mushroom","Frozen Egg 2","Champion Belt","Smiling Mask","Snecko Eye","Lee\u0027s Waffle","Whetstone","Art of War","Letter Opener","Dodecahedron","Coffee Dripper","Pen Nib","Magic Flower","Unceasing Top","Mark of the Bloom"],"potions_floor_usage":[50,50],"damage_taken":[{"damage":4.0,"enemies":"Jaw Worm","floor":1.0,"turns":5.0},{"damage":0.0,"enemies":"2 Louse","floor":2.0,"turns":6.0},{"damage":7.0,"enemies":"Cultist","floor":5.0,"turns":5.0},{"damage":0.0,"enemies":"3 Louse","floor":7.0,"turns":2.0},{"damage":0.0,"enemies":"The Mushroom Lair","floor":8.0,"turns":2.0},{"damage":10.0,"enemies":"3 Sentries","floor":11.0,"turns":3.0},{"damage":0.0,"enemies":"Large Slime","floor":13.0,"turns":3.0},{"damage":10.0,"enemies":"Lagavulin","floor":14.0,"turns":5.0},{"damage":38.0,"enemies":"Slime Boss","floor":16.0,"turns":9.0},{"damage":16.0,"enemies":"2 Thieves","floor":18.0,"turns":3.0},{"damage":6.0,"enemies":"Spheric Guardian","floor":20.0,"turns":3.0},{"damage":25.0,"enemies":"Book of Stabbing","floor":23.0,"turns":4.0},{"damage":7.0,"enemies":"Gremlin Leader","floor":25.0,"turns":3.0},{"damage":0.0,"enemies":"3 Cultists","floor":27.0,"turns":2.0},{"damage":0.0,"enemies":"Book of Stabbing","floor":29.0,"turns":4.0},{"damage":11.0,"enemies":"Snake Plant","floor":30.0,"turns":3.0},{"damage":0.0,"enemies":"Centurion and Healer","floor":31.0,"turns":3.0},{"damage":23.0,"enemies":"Automaton","floor":33.0,"turns":7.0},{"damage":12.0,"enemies":"Orb Walker","floor":35.0,"turns":3.0},{"damage":0.0,"enemies":"3 Darklings","floor":37.0,"turns":3.0},{"damage":0.0,"enemies":"Maw","floor":38.0,"turns":5.0},{"damage":0.0,"enemies":"Sphere and 2 Shapes","floor":39.0,"turns":2.0},{"damage":16.0,"enemies":"Reptomancer","floor":44.0,"turns":4.0},{"damage":0.0,"enemies":"3 Darklings","floor":45.0,"turns":3.0},{"damage":0.0,"enemies":"Transient","floor":46.0,"turns":6.0},{"damage":0.0,"enemies":"2 Orb Walkers","floor":47.0,"turns":1.0},{"damage":63,"enemies":"Donu and Deca","floor":50,"turns":7},{"damage":9,"enemies":"Time Eater","floor":51,"turns":5}],"seed_played":"-7219960757032526758","potions_obtained":[{"floor":8.0,"key":"SneckoOil"},{"floor":11.0,"key":"Regen Potion"},{"floor":13.0,"key":"SkillPotion"},{"floor":14.0,"key":"Regen Potion"},{"floor":23.0,"key":"SpeedPotion"},{"floor":25.0,"key":"LiquidBronze"},{"floor":30.0,"key":"Strength Potion"},{"floor":38.0,"key":"GamblersBrew"},{"floor":46.0,"key":"SteroidPotion"}],"is_trial":false,"path_per_floor":["?","?","M","?","?","$","?","?","?","?"],"character_chosen":"IRONCLAD","items_purchased":["Lee\u0027s Waffle"],"campfire_rested":0,"item_purchase_floors":[19],"current_hp_per_floor":[70,75,64,64,63,63,69,75,75,75,71,71,75,71,71,53,70,60,82,82,82,82,63,63,71,71,77,77,82,77,82,82,65,78,72,72,78,82,82,82,78,78,78,68,77,78,78,78,78,15,6],"gold":431,"neow_bonus":"REMOVE_TWO","is_prod":false,"is_daily":false,"chose_seed":false,"campfire_upgraded":8,"win_rate":0,"timestamp":1555058970,"path_taken":["M","M","?","?","?","R","M","?","T","R","E","?","M","E","R","BOSS","M","?","M","?","$","E","R","E","T","M","R","E","M","M","R","BOSS","M","$","M","M","M","R","?","R","T","E","M","M","?","?","R","BOSS","BOSS"],"build_version":"2019-01-23","purchased_purges":3,"victory":true,"max_hp_per_floor":[75,75,75,75,75,75,75,75,75,75,75,75,75,75,75,75,75,75,82,82,82,82,82,82,82,82,82,82,82,82,82,82,82,82,82,82,82,82,82,82,78,78,78,78,78,78,78,78,78,78,78],"card_choices":[{"not_picked":["Clothesline","Anger"],"picked":"Ghostly Armor","floor":1.0},{"not_picked":["Headbutt","Twin Strike"],"picked":"Clothesline","floor":2.0},{"not_picked":["Twin Strike","Headbutt"],"picked":"Immolate","floor":5.0},{"not_picked":["Clash","Anger"],"picked":"Iron Wave","floor":7.0},{"not_picked":["Headbutt","Twin Strike"],"picked":"Battle Trance","floor":8.0},{"not_picked":["Anger","Sentinel","Dropkick"],"picked":"SKIP","floor":11.0},{"not_picked":["Iron Wave","Clothesline"],"picked":"Thunderclap","floor":13.0},{"not_picked":["Power Through","Headbutt"],"picked":"Demon Form+1","floor":14.0},{"not_picked":["Bludgeon","Barricade+1"],"picked":"Impervious","floor":16.0},{"not_picked":["Disarm","Headbutt"],"picked":"Carnage+1","floor":18.0},{"not_picked":["Warcry","Body Slam+1","Burning Pact+1"],"picked":"SKIP","floor":20.0},{"not_picked":["Rampage","Bloodletting","Armaments"],"picked":"SKIP","floor":23.0},{"not_picked":["Rampage","Bloodletting","Armaments"],"picked":"SKIP","floor":23.0},{"not_picked":["Anger","Dropkick","Sword Boomerang"],"picked":"SKIP","floor":25.0},{"not_picked":["Thunderclap","Flex","Body Slam"],"picked":"SKIP","floor":27.0},{"not_picked":["Anger","Entrench","Burning Pact+1"],"picked":"SKIP","floor":29.0},{"not_picked":["Body Slam","Wild Strike","Flex+1"],"picked":"SKIP","floor":30.0},{"not_picked":["Perfected Strike","Sword Boomerang","Havoc+1"],"picked":"SKIP","floor":31.0},{"not_picked":["Brutality+1","Double Tap"],"picked":"Bludgeon","floor":33.0},{"not_picked":["Headbutt","Twin Strike"],"picked":"Carnage+1","floor":35.0},{"not_picked":["Twin Strike","Thunderclap+1","Flex"],"picked":"SKIP","floor":37.0},{"not_picked":["Anger","Sentinel"],"picked":"Shockwave","floor":38.0},{"not_picked":["Pommel Strike","Perfected Strike"],"picked":"Heavy Blade","floor":39.0},{"not_picked":["Warcry","Sword Boomerang","Barricade+1"],"picked":"SKIP","floor":44.0},{"not_picked":["Blood for Blood+1","Carnage","Intimidate"],"picked":"SKIP","floor":45.0},{"not_picked":["Battle Trance+1","Entrench","Spot Weakness"],"picked":"SKIP","floor":46.0},{"not_picked":["Warcry","Second Wind"],"picked":"Whirlwind","floor":47.0}],"player_experience":384778,"relics_obtained":[{"floor":8.0,"key":"Odd Mushroom"},{"floor":9.0,"key":"Frozen Egg 2"},{"floor":11.0,"key":"Champion Belt"},{"floor":14.0,"key":"Smiling Mask"},{"floor":23.0,"key":"Whetstone"},{"floor":25.0,"key":"Art of War"},{"floor":26.0,"key":"Letter Opener"},{"floor":29.0,"key":"Dodecahedron"},{"floor":43.0,"key":"Pen Nib"},{"floor":44.0,"key":"Magic Flower"},{"floor":47.0,"key":"Unceasing Top"}],"event_choices":[{"damage_healed":0.0,"max_hp_gain":0.0,"max_hp_loss":0.0,"gold_gain":75.0,"event_name":"World of Goop","player_choice":"Gather Gold","floor":3.0,"gold_loss":0.0,"damage_taken":11.0},{"damage_healed":0.0,"max_hp_gain":0.0,"max_hp_loss":0.0,"gold_gain":0.0,"event_name":"Match and Keep!","player_choice":"0 cards matched","floor":4.0,"gold_loss":0.0,"damage_taken":0.0,"cards_obtained":[]},{"damage_healed":0.0,"max_hp_gain":0.0,"max_hp_loss":0.0,"gold_gain":0.0,"event_name":"Mushrooms","player_choice":"Fought Mushrooms","floor":8.0,"gold_loss":0.0,"damage_taken":0.0},{"damage_healed":0.0,"max_hp_gain":0.0,"max_hp_loss":0.0,"gold_gain":0.0,"event_name":"Accursed Blacksmith","player_choice":"Forge","floor":12.0,"gold_loss":0.0,"damage_taken":0.0,"cards_upgraded":["Clothesline"]},{"damage_healed":0.0,"max_hp_gain":0.0,"max_hp_loss":0.0,"gold_gain":50.0,"event_name":"Nest","player_choice":"Stole From Cult","floor":21.0,"gold_loss":0.0,"damage_taken":0.0},{"damage_healed":0.0,"max_hp_gain":0.0,"max_hp_loss":4.0,"gold_gain":0.0,"event_name":"Winding Halls","player_choice":"Max HP","floor":41.0,"gold_loss":0.0,"damage_taken":0.0},{"damage_healed":0.0,"max_hp_gain":0.0,"max_hp_loss":0.0,"gold_gain":0.0,"event_name":"Mysterious Sphere","player_choice":"Fight","floor":47.0,"gold_loss":0.0,"damage_taken":0.0},{"damage_healed":0.0,"max_hp_gain":0.0,"max_hp_loss":0.0,"gold_gain":0.0,"event_name":"MindBloom","player_choice":"Upgrade","floor":48.0,"gold_loss":0.0,"damage_taken":0.0,"cards_upgraded":["Defend_R","Defend_R","Thunderclap","Impervious","Shockwave","Whirlwind"],"relics_obtained":["Mark of the Bloom"]}],"is_beta":false,"boss_relics":[{"not_picked":["Sozu","Ectoplasm"],"picked":"Snecko Eye"},{"not_picked":["Tiny House","Black Star"],"picked":"Coffee Dripper"}],"items_purged_floors":[19,22,36],"is_endless":false,"potions_floor_spawned":[8,11,13,14,23,25,30,38,39,46,47],"ascension_level":20}