{"path_per_floor":["M","?","?","M","T","E","$","R","T","E","M","?","$","E","R","B",null,"M","?","M","M","?","R","E","M","T","R","E","R","T","M","R","B",null,"M","M","?","$","M","R","?","M","T","E","M","R","$","M","R","B"],"character_chosen":"DEFECT","items_purchased":["Chaos+1","White Noise+1","Gash","Madness+1","Reprogram+1","Streamline+1"],"gold_per_floor":[109,109,109,121,121,146,66,66,66,92,111,111,1,27,27,105,105,118,118,130,149,149,149,177,196,223,223,249,249,249,261,261,335,335,353,367,367,105,125,125,125,137,137,172,189,189,42,54,54,54],"floor_reached":51,"campfire_rested":5,"playtime":2308,"item_purchase_floors":[],"current_hp_per_floor":[64,64,53,53,53,60,60,60,60,50,50,50,50,6,27,21,59,58,58,54,21,21,42,49,49,49,70,72,72,72,69,69,61,86,86,54,56,56,55,83,83,92,92,94,67,97,97,99,99,44],"items_purged":["Strike_B","Defend_B"],"gold":54,"score":1539,"play_id":"ebf1b5fd-df6a-40f5-877e-98e48999e44d","local_time":"20180520190322","is_prod":false,"is_daily":false,"chose_seed":false,"is_ascension_mode":true,"campfire_upgraded":4,"timestamp":1526814202,"campfire_choices":[{"data":"Dualcast","floor":8.0,"key":"SMITH"},{"floor":15.0,"key":"REST"},{"floor":23.0,"key":"REST"},{"floor":27.0,"key":"REST"},{"data":"Scrape","floor":29.0,"key":"SMITH"},{"data":"Gash","floor":32.0,"key":"SMITH"},{"floor":40.0,"key":"REST"},{"floor":46.0,"key":"REST"},{"data":"Go for the Eyes","floor":49.0,"key":"SMITH"}],"path_taken":["M","?","?","M","?","E","$","R","T","E","M","?","$","E","R","BOSS","M","?","M","M","?","R","E","M","T","R","E","R","?","M","R","BOSS","M","M","?","$","M","R","?","M","T","E","M","R","$","M","R","BOSS"],"build_version":"2018-05-18","seed_source_timestamp":0,"purchased_purges":2,"victory":true,"master_deck":["Strike_B","Strike_B","Defend_B","Defend_B+1","Defend_B+1","Zap+1","Dualcast+1","AscendersBane","Heatsinks","Leap+1","Leap+1","Chaos+1","Beam Cell","Steam+1","White Noise+1","Gash+1","Go for the Eyes+1","Scrape+1","Beam Cell","Turbo+1","Axe Kick","Clumsy","Reprogram+1","Madness+1","Reprogram+1","Streamline+1"],"max_hp_per_floor":[71,71,71,71,71,71,71,71,71,71,71,71,71,71,71,71,71,71,71,71,71,71,71,71,71,71,71,73,73,73,73,73,75,89,89,91,93,93,95,95,95,97,97,99,101,101,101,103,103,103],"relics":["Cracked Core","NeowsBlessing","Toxic Egg 2","Symbiotic Virus","Du-Vu Doll","Unceasing Top","Juzu Bracelet","Omamori","Sozu","Boot","Orichalcum","Singing Bowl","Matryoshka","Calling Bell","Mercury Hourglass","Mango","War Paint","Molten Egg 2","Toolbox","Pen Nib"],"card_choices":[{"not_picked":["Aggregate","Skim"],"picked":"Heatsinks","floor":1.0},{"not_picked":["Cold Snap","Stack+1"],"picked":"Leap+1","floor":4.0},{"not_picked":["Skim+1","Force Field+1"],"picked":"Leap+1","floor":6.0},{"not_picked":["Ball Lightning","Rebound"],"picked":"Beam Cell","floor":10.0},{"not_picked":["Coolheaded+1","Cold Snap"],"picked":"Steam+1","floor":11.0},{"not_picked":["Lockon","Tempest+1","Streamline"],"picked":"SKIP","floor":14.0},{"not_picked":["Cold Snap","Doom and Gloom"],"picked":"Go for the Eyes","floor":18.0},{"not_picked":["Genetic Algorithm+1","Scrape"],"picked":"Beam Cell","floor":20.0},{"not_picked":["Barrage+1","Sweeping Beam+1","Coolheaded+1"],"picked":"SKIP","floor":21.0},{"not_picked":["Hyperbeam","Coolheaded+1"],"picked":"Turbo+1","floor":24.0},{"not_picked":["Lockon","Barrage","Self Repair"],"picked":"SKIP","floor":25.0},{"not_picked":["Turbo+1","Sunder+1","Hello World"],"picked":"Singing Bowl","floor":28.0},{"not_picked":["Static Discharge","Barrage"],"picked":"Axe Kick","floor":31.0},{"not_picked":["Rainbow+1","Creative AI","Biased Cognition"],"picked":"Singing Bowl","floor":33.0},{"not_picked":["Undo+1","Axe Kick"],"picked":"Reprogram+1","floor":35.0},{"not_picked":["Coolheaded+1","Barrage","Sunder"],"picked":"Singing Bowl","floor":36.0},{"not_picked":["Transmutation","Panacea","Magnetism"],"picked":"Singing Bowl","floor":37.0},{"not_picked":["Leap+1","Skim+1","Storm"],"picked":"Singing Bowl","floor":39.0},{"not_picked":["Axe Kick","Leap+1","Fission+1"],"picked":"Singing Bowl","floor":42.0},{"not_picked":["Axe Kick+1","Coolheaded+1","Thunder Strike+1"],"picked":"Singing Bowl","floor":44.0},{"not_picked":["Steam+1","Reinforced Body+1","Self Repair"],"picked":"Singing Bowl","floor":45.0},{"not_picked":["Turbo+1","Go for the Eyes+1","Ball Lightning+1"],"picked":"Singing Bowl","floor":48.0}],"player_experience":1034693,"potions_floor_usage":[],"damage_taken":[{"damage":0.0,"enemies":"Jaw Worm","floor":1.0,"turns":1.0},{"damage":0.0,"enemies":"Cultist","floor":4.0,"turns":1.0},{"damage":0.0,"enemies":"3 Sentries","floor":6.0,"turns":3.0},{"damage":10.0,"enemies":"Lagavulin","floor":10.0,"turns":5.0},{"damage":0.0,"enemies":"Small Slimes","floor":11.0,"turns":2.0},{"damage":44.0,"enemies":"Gremlin Nob","floor":14.0,"turns":4.0},{"damage":6.0,"enemies":"Hexaghost","floor":16.0,"turns":8.0},{"damage":1.0,"enemies":"2 Thieves","floor":18.0,"turns":5.0},{"damage":4.0,"enemies":"3 Byrds","floor":20.0,"turns":4.0},{"damage":33.0,"enemies":"Sentry and Sphere","floor":21.0,"turns":6.0},{"damage":0.0,"enemies":"Gremlin Leader","floor":24.0,"turns":5.0},{"damage":0.0,"enemies":"Centurion and Healer","floor":25.0,"turns":6.0},{"damage":0.0,"enemies":"Book of Stabbing","floor":28.0,"turns":4.0},{"damage":3.0,"enemies":"Slaver and Parasite","floor":31.0,"turns":4.0},{"damage":10.0,"enemies":"Champ","floor":33.0,"turns":10.0},{"damage":0.0,"enemies":"Flame Bruiser 1 Orb","floor":35.0,"turns":5.0},{"damage":41.0,"enemies":"3 Darklings","floor":36.0,"turns":5.0},{"damage":3.0,"enemies":"Sphere and 2 Shapes","floor":39.0,"turns":4.0},{"damage":0.0,"enemies":"4 Shapes","floor":42.0,"turns":3.0},{"damage":0.0,"enemies":"Nemesis","floor":44.0,"turns":5.0},{"damage":29.0,"enemies":"3 Darklings","floor":45.0,"turns":4.0},{"damage":0.0,"enemies":"Flame Bruiser 2 Orb","floor":48.0,"turns":4.0},{"damage":62,"enemies":"Awakened One","floor":50,"turns":9}],"relics_obtained":[{"floor":5.0,"key":"Symbiotic Virus"},{"floor":6.0,"key":"Du-Vu Doll"},{"floor":9.0,"key":"Unceasing Top"},{"floor":10.0,"key":"Juzu Bracelet"},{"floor":14.0,"key":"Omamori"},{"floor":24.0,"key":"Boot"},{"floor":26.0,"key":"Orichalcum"},{"floor":28.0,"key":"Singing Bowl"},{"floor":30.0,"key":"Matryoshka"},{"floor":34.0,"key":"Mercury Hourglass"},{"floor":34.0,"key":"Mango"},{"floor":34.0,"key":"War Paint"},{"floor":43.0,"key":"Molten Egg 2"},{"floor":43.0,"key":"Toolbox"},{"floor":44.0,"key":"Pen Nib"}],"event_choices":[{"event_name":"Upgrade Shrine","player_choice":"Upgraded","floor":2.0,"damage_taken":0.0},{"event_name":"Scrap Ooze","player_choice":"success","floor":3.0,"damage_taken":11.0},{"event_name":"Living Wall","player_choice":"Forget","floor":12.0,"damage_taken":0.0},{"event_name":"The Library","player_choice":"Read","floor":19.0,"damage_taken":0.0},{"event_name":"Drug Dealer","player_choice":"Ignored","floor":22.0,"damage_taken":0.0},{"event_name":"SensoryStone","player_choice":"Memory 1","floor":37.0,"damage_taken":0.0},{"event_name":"Tomb of Lord Red Mask","player_choice":"Ignored","floor":41.0,"damage_taken":0.0}],"boss_relics":[],"items_purged_floors":[],"potions_floor_spawned":[1,6,14,20,21,25,31,35,44,45],"seed_played":"355684686495083801","ascension_level":15,"potions_obtained":[{"floor":1.0,"key":"Regen Potion"},{"floor":6.0,"key":"Swift Potion"},{"floor":14.0,"key":"Dexterity Potion"}],"is_trial":false}