{"gold_per_floor":[115,190,190,216,234,234,254,204,204,204,204,227,227,112,112,238,238,256,116,116,116,241,241],"floor_reached":23,"playtime":504,"items_purged":["Strike_B","Defend_B"],"score":175,"play_id":"98364b1a-55e2-45df-9266-b2cac0100a7d","local_time":"20190127015117","is_ascension_mode":false,"campfire_choices":[{"data":"Zap","floor":6,"key":"SMITH"},{"floor":11,"key":"REST"},{"floor":15,"key":"REST"}],"neow_cost":"NONE","seed_source_timestamp":290504597547280,"circlet_count":0,"master_deck":["Defend_B+1","Defend_B+1","Zap+1","Ball Lightning","Sweeping Beam","Ball Lightning","Defragment","Thunder Strike","Genetic Algorithm","Static Discharge","Glacier","Compile Driver"],"relics":["Cracked Core","Bag of Marbles","Juzu Bracelet","Ice Cream","Golden Idol","Empty Cage","StoneCalendar","Matryoshka"],"potions_floor_usage":[22,22,23],"damage_taken":[{"damage":0,"enemies":"Small Slimes","floor":1,"turns":2},{"damage":1,"enemies":"Jaw Worm","floor":5,"turns":3},{"damage":0,"enemies":"2 Louse","floor":7,"turns":2},{"damage":1,"enemies":"2 Fungi Beasts","floor":12,"turns":3},{"damage":24,"enemies":"The Guardian","floor":16,"turns":9},{"damage":6,"enemies":"Shell Parasite","floor":18,"turns":5},{"damage":28,"enemies":"Colosseum Slavers","floor":22,"turns":3},{"damage":31,"enemies":"Colosseum Nobs","floor":22,"turns":3},{"damage":13,"enemies":"Gremlin Leader","floor":23,"turns":1}],"seed_played":"2601304072738554873","potions_obtained":[{"floor":5,"key":"Dexterity Potion"},{"floor":16,"key":"Energy Potion"},{"floor":22,"key":"Weak Potion"}],"is_trial":false,"path_per_floor":["M","?","?","T","M","R","M","?","T","?","R","M","?","$","R","B",null,"M","$","?","?","?","E"],"character_chosen":"DEFECT","items_purchased":["Defragment","Static Discharge"],"campfire_rested":2,"item_purchase_floors":[14,19],"current_hp_per_floor":[75,64,64,64,63,63,63,63,63,45,67,66,51,51,73,49,75,69,69,69,69,10,0],"gold":241,"neow_bonus":"RANDOM_COMMON_RELIC","is_prod":false,"is_daily":false,"chose_seed":false,"campfire_upgraded":1,"win_rate":0.0,"timestamp":1548571877,"path_taken":["M","?","?","?","M","R","M","?","T","?","R","M","?","?","R","BOSS","M","$","?","?","?","E"],"build_version":"2019-01-23","purchased_purges":2,"victory":false,"max_hp_per_floor":[75,75,75,75,75,75,75,75,75,75,75,75,75,75,75,75,75,75,75,75,75,75,75],"card_choices":[{"not_picked":["Hologram","Beam Cell"],"picked":"Ball Lightning","floor":1},{"not_picked":["Loop","Hologram"],"picked":"Sweeping Beam","floor":5},{"not_picked":["Barrage","Cold Snap","Conserve Battery"],"picked":"SKIP","floor":7},{"not_picked":["Turbo","Echo Form"],"picked":"Ball Lightning","floor":12},{"not_picked":["All For One","Meteor Strike"],"picked":"Thunder Strike","floor":16},{"not_picked":["Steam+1","Coolheaded"],"picked":"Genetic Algorithm","floor":18}],"player_experience":153736,"relics_obtained":[{"floor":4,"key":"Juzu Bracelet"},{"floor":9,"key":"Ice Cream"},{"floor":22,"key":"StoneCalendar"},{"floor":22,"key":"Matryoshka"}],"event_choices":[{"damage_healed":0,"gold_gain":75,"player_choice":"Gather Gold","damage_taken":11,"max_hp_gain":0,"max_hp_loss":0,"event_name":"World of Goop","floor":2,"gold_loss":0},{"damage_healed":0,"gold_gain":0,"player_choice":"Ignored","damage_taken":0,"max_hp_gain":0,"max_hp_loss":0,"event_name":"Liars Game","floor":3,"gold_loss":0},{"cards_removed":["Strike_B"],"damage_healed":0,"gold_gain":0,"player_choice":"Card Removal","damage_taken":0,"max_hp_gain":0,"max_hp_loss":0,"event_name":"The Cleric","floor":8,"gold_loss":50},{"damage_healed":0,"gold_gain":0,"player_choice":"Take Damage","damage_taken":18,"relics_obtained":["Golden Idol"],"max_hp_gain":0,"max_hp_loss":0,"event_name":"Golden Idol","floor":10,"gold_loss":0},{"damage_healed":0,"gold_gain":0,"player_choice":"Entered Light","damage_taken":15,"max_hp_gain":0,"max_hp_loss":0,"event_name":"Shining Light","floor":13,"gold_loss":0,"cards_upgraded":["Defend_B","Defend_B"]},{"damage_healed":0,"gold_gain":0,"player_choice":"Ignored","damage_taken":0,"max_hp_gain":0,"max_hp_loss":0,"event_name":"Vampires","floor":20,"gold_loss":0},{"damage_healed":0,"gold_gain":0,"cards_transformed":["Defend_B","Dualcast"],"player_choice":"Became Test Subject","damage_taken":0,"max_hp_gain":0,"max_hp_loss":0,"event_name":"Drug Dealer","floor":21,"gold_loss":0,"cards_obtained":["Glacier","Compile Driver"]},{"damage_healed":0,"gold_gain":0,"player_choice":"Fight","damage_taken":0,"max_hp_gain":0,"max_hp_loss":0,"event_name":"Colosseum","floor":22,"gold_loss":0},{"damage_healed":0,"gold_gain":0,"player_choice":"Fought Nobs","damage_taken":0,"max_hp_gain":0,"max_hp_loss":0,"event_name":"Colosseum","floor":22,"gold_loss":0}],"is_beta":false,"boss_relics":[{"not_picked":["Fusion Hammer","Ectoplasm"],"picked":"Empty Cage"}],"items_purged_floors":[14,19],"is_endless":false,"potions_floor_spawned":[5,16,22],"killed_by":"Gremlin Leader","ascension_level":0}