{"gold_per_floor":[117,127,142,154,167,198,198,217,217,242,242,270,283,283],"floor_reached":14,"playtime":814,"items_purged":[],"score":131,"play_id":"e7735f4b-56b7-4389-8fee-9abcd9147e02","local_time":"20190321233424","is_ascension_mode":true,"campfire_choices":[{"data":"Searing Blow","floor":7,"key":"SMITH"},{"data":"Searing Blow+1","floor":11,"key":"SMITH"}],"neow_cost":"NONE","seed_source_timestamp":626867048039898,"circlet_count":0,"master_deck":["Strike_R","Strike_R","Strike_R","Strike_R","Strike_R","Defend_R","Defend_R","Defend_R","Defend_R","Bash","Heavy Blade","Sword Boomerang","Thunderclap","Pommel Strike","Searing Blow+2","Armaments","Inflame"],"relics":["Burning Blood","Vajra","Dodecahedron","Centennial Puzzle","Matryoshka"],"potions_floor_usage":[6,8,12],"damage_taken":[{"damage":11,"enemies":"Cultist","floor":1,"turns":4},{"damage":7,"enemies":"Jaw Worm","floor":2,"turns":3},{"damage":3,"enemies":"2 Louse","floor":3,"turns":3},{"damage":10,"enemies":"Lots of Slimes","floor":4,"turns":2},{"damage":22,"enemies":"Looter","floor":5,"turns":3},{"damage":16,"enemies":"Gremlin Nob","floor":6,"turns":3},{"damage":0,"enemies":"Gremlin Gang","floor":8,"turns":2},{"damage":35,"enemies":"3 Sentries","floor":10,"turns":6},{"damage":23,"enemies":"Lagavulin","floor":12,"turns":5},{"damage":14,"enemies":"Blue Slaver","floor":13,"turns":5},{"damage":12,"enemies":"Exordium Wildlife","floor":14,"turns":3}],"seed_played":"-6511666574194449080","potions_obtained":[{"floor":3,"key":"Explosive Potion"},{"floor":4,"key":"Poison Potion"},{"floor":6,"key":"EssenceOfSteel"},{"floor":8,"key":"SpeedPotion"},{"floor":12,"key":"Poison Potion"}],"is_trial":false,"path_per_floor":["M","M","M","M","M","E","R","M","T","E","R","E","M","M"],"character_chosen":"IRONCLAD","items_purchased":[],"campfire_rested":0,"item_purchase_floors":[],"current_hp_per_floor":[83,82,85,81,65,55,55,61,61,32,32,15,7,0],"gold":283,"neow_bonus":"TEN_PERCENT_HP_BONUS","is_prod":false,"is_daily":false,"chose_seed":false,"campfire_upgraded":2,"win_rate":0,"timestamp":1553207664,"path_taken":["M","M","M","M","M","E","R","M","T","E","R","E","M","?"],"build_version":"2019-01-23","purchased_purges":0,"victory":false,"max_hp_per_floor":[88,88,88,88,88,88,88,88,88,88,88,88,88,88],"card_choices":[{"not_picked":["Warcry","Rupture"],"picked":"Heavy Blade","floor":1},{"not_picked":["True Grit","Rage"],"picked":"Sword Boomerang","floor":2},{"not_picked":["Intimidate","Sever Soul"],"picked":"Thunderclap","floor":3},{"not_picked":["Sentinel","Iron Wave"],"picked":"Pommel Strike","floor":4},{"not_picked":["Iron Wave","Fire Breathing","Headbutt"],"picked":"SKIP","floor":5},{"not_picked":["Blood for Blood","Seeing Red"],"picked":"Searing Blow","floor":6},{"not_picked":["Feel No Pain","Wild Strike","Rampage"],"picked":"SKIP","floor":8},{"not_picked":["Sword Boomerang","Thunderclap"],"picked":"Armaments","floor":10},{"not_picked":["Second Wind","Flex","Sword Boomerang"],"picked":"SKIP","floor":12},{"not_picked":["Barricade","Dropkick"],"picked":"Inflame","floor":13}],"player_experience":216395,"relics_obtained":[{"floor":6,"key":"Vajra"},{"floor":9,"key":"Dodecahedron"},{"floor":10,"key":"Centennial Puzzle"},{"floor":12,"key":"Matryoshka"}],"event_choices":[],"is_beta":false,"boss_relics":[],"items_purged_floors":[],"is_endless":false,"potions_floor_spawned":[3,4,6,8,12],"killed_by":"Exordium Wildlife","ascension_level":3}