{"gold_per_floor":[364,382,399,399,399,426,426,426],"floor_reached":8,"playtime":659,"items_purged":[],"score":59,"play_id":"8dbaa01a-08c7-4ef5-9beb-91c0dccdd1a7","local_time":"20190217211430","is_ascension_mode":true,"campfire_choices":[{"data":"Neutralize","floor":7,"key":"SMITH"}],"neow_cost":"CURSE","seed_source_timestamp":347898259099113,"circlet_count":0,"master_deck":["Defend_G","Defend_G","Defend_G","Defend_G","Defend_G","Strike_G+1","Strike_G","Strike_G","Strike_G+1","Strike_G","Survivor","Neutralize+1","Doubt","Footwork","Choke","All Out Attack","Infinite Blades"],"relics":["Ring of the Snake","Letter Opener","Smiling Mask"],"potions_floor_usage":[6],"damage_taken":[{"damage":2,"enemies":"Jaw Worm","floor":1,"turns":5},{"damage":0,"enemies":"Small Slimes","floor":2,"turns":4},{"damage":0,"enemies":"2 Louse","floor":3,"turns":2},{"damage":20,"enemies":"Lagavulin","floor":6,"turns":10},{"damage":37,"enemies":"Gremlin Nob","floor":8,"turns":4}],"seed_played":"-6799301477929591611","potions_obtained":[{"floor":2,"key":"SpeedPotion"}],"is_trial":false,"path_per_floor":["M","M","M","?","?","E","R","E"],"character_chosen":"THE_SILENT","items_purchased":[],"campfire_rested":0,"item_purchase_floors":[],"current_hp_per_floor":[68,68,68,54,51,31,31,0],"gold":426,"neow_bonus":"TWO_FIFTY_GOLD","is_prod":false,"is_daily":false,"chose_seed":false,"campfire_upgraded":1,"win_rate":0,"timestamp":1550456070,"path_taken":["M","M","M","?","?","E","R","E"],"build_version":"2019-01-23","purchased_purges":0,"victory":false,"max_hp_per_floor":[70,70,70,70,70,70,70,70],"card_choices":[{"not_picked":["Acrobatics","Flying Knee"],"picked":"Footwork","floor":1},{"not_picked":["Setup","Slice"],"picked":"Choke","floor":2},{"not_picked":["Dagger Throw","Crippling Poison"],"picked":"All Out Attack","floor":3},{"not_picked":["Prepared","A Thousand Cuts"],"picked":"Infinite Blades","floor":6}],"player_experience":94933,"relics_obtained":[{"floor":6,"key":"Smiling Mask"}],"event_choices":[{"damage_healed":0,"gold_gain":0,"player_choice":"Entered Light","damage_taken":14,"max_hp_gain":0,"max_hp_loss":0,"event_name":"Shining Light","floor":4,"gold_loss":0,"cards_upgraded":["Strike_G","Strike_G"]},{"damage_healed":0,"gold_gain":0,"player_choice":"Success","damage_taken":3,"relics_obtained":["Letter Opener"],"max_hp_gain":0,"max_hp_loss":0,"event_name":"Scrap Ooze","floor":5,"gold_loss":0}],"is_beta":false,"boss_relics":[],"items_purged_floors":[],"is_endless":false,"potions_floor_spawned":[2],"killed_by":"Gremlin Nob","ascension_level":1}