{"gold_per_floor":[118,138,138,158,172,172,185,195,219,219,52,62,73,87,87,160,160,160,160,100,30,30,30,30],"floor_reached":24,"playtime":1049,"items_purged":[],"score":340,"play_id":"9d911340-9015-42ac-b242-575e598fed6a","local_time":"20190407213757","is_ascension_mode":true,"campfire_choices":[{"data":"Genetic Algorithm","floor":6.0,"key":"SMITH"},{"floor":15.0,"key":"REST"},{"floor":23,"key":"REST"}],"neow_cost":"NONE","seed_source_timestamp":3809083154489819,"circlet_count":0,"master_deck":["AscendersBane","Strike_B","Defend_B","Defend_B","Defend_B","Defend_B","Zap+1","Dualcast","Compile Driver","Genetic Algorithm+1","Ball Lightning","Aggregate","Go for the Eyes","Consume","Leap","Melter","Chill","Conserve Battery","Beam Cell","Biased Cognition","Go for the Eyes","Recycle","Coolheaded","Darkness","Leap","Hologram","Redo"],"special_seed":0,"relics":["Cracked Core","Kunai","Ectoplasm"],"potions_floor_usage":[22,24],"damage_taken":[{"damage":0.0,"enemies":"2 Louse","floor":1.0,"turns":3.0},{"damage":0.0,"enemies":"Small Slimes","floor":2.0,"turns":3.0},{"damage":1.0,"enemies":"Jaw Worm","floor":4.0,"turns":4.0},{"damage":1.0,"enemies":"3 Louse","floor":5.0,"turns":3.0},{"damage":17.0,"enemies":"Exordium Thugs","floor":7.0,"turns":4.0},{"damage":6.0,"enemies":"Looter","floor":8.0,"turns":3.0},{"damage":4.0,"enemies":"Large Slime","floor":12.0,"turns":4.0},{"damage":0.0,"enemies":"2 Fungi Beasts","floor":13.0,"turns":3.0},{"damage":4.0,"enemies":"Exordium Thugs","floor":14.0,"turns":4.0},{"damage":13.0,"enemies":"The Guardian","floor":16.0,"turns":14.0},{"damage":3.0,"enemies":"Spheric Guardian","floor":18.0,"turns":4.0},{"damage":17.0,"enemies":"2 Thieves","floor":20.0,"turns":4.0},{"damage":25,"enemies":"3 Cultists","floor":22,"turns":7},{"damage":39,"enemies":"Slavers","floor":24,"turns":3}],"seed_played":"6600605433727601110","potions_obtained":[{"floor":1.0,"key":"AttackPotion"},{"floor":7.0,"key":"SpeedPotion"},{"floor":8.0,"key":"Block Potion"},{"floor":14.0,"key":"GamblersBrew"},{"floor":22,"key":"PowerPotion"}],"is_trial":false,"path_per_floor":["M","M","?","M","M","R","M","M","T","?","$","M","M","M","R","B",null,"M","?","M","$","M","R","E"],"character_chosen":"DEFECT","items_purchased":["Consume","Leap","Melter","Leap","Hologram"],"campfire_rested":2,"item_purchase_floors":[11,11,11,21,21],"current_hp_per_floor":[64,64,38,37,36,36,19,13,13,13,13,9,9,5,26,13,57,54,54,37,37,12,33,0],"gold":30,"neow_bonus":"REMOVE_CARD","is_prod":false,"is_daily":false,"chose_seed":false,"campfire_upgraded":1,"win_rate":0,"timestamp":1554687477,"path_taken":["M","M","?","M","M","R","M","M","T","?","$","M","M","M","R","BOSS","M","?","M","$","M","R","E"],"build_version":"2019-04-04","purchased_purges":0,"victory":false,"max_hp_per_floor":[71,71,71,71,71,71,71,71,71,71,71,71,71,71,71,71,71,71,71,71,71,71,71,71],"card_choices":[{"not_picked":["Sweeping Beam","Beam Cell"],"picked":"Compile Driver","floor":1.0},{"not_picked":["Recycle","Fusion"],"picked":"Genetic Algorithm","floor":2.0},{"not_picked":["Turbo","Barrage","Meteor Strike"],"picked":"SKIP","floor":4.0},{"not_picked":["Rebound","FTL"],"picked":"Ball Lightning","floor":5.0},{"not_picked":["Gash","Lockon"],"picked":"Aggregate","floor":7.0},{"not_picked":["Streamline","Sweeping Beam"],"picked":"Go for the Eyes","floor":8.0},{"not_picked":["Self Repair","Barrage"],"picked":"Chill","floor":12.0},{"not_picked":["Steam","Turbo"],"picked":"Conserve Battery","floor":13.0},{"not_picked":["Barrage","Stack"],"picked":"Beam Cell","floor":14.0},{"not_picked":["Meteor Strike","Multi-Cast"],"picked":"Biased Cognition","floor":16.0},{"not_picked":["Leap","Steam"],"picked":"Go for the Eyes","floor":18.0},{"not_picked":["Streamline+1","Ball Lightning+1"],"picked":"Darkness","floor":20.0},{"not_picked":["Hologram","Consume+1"],"picked":"Redo","floor":22}],"player_experience":920850,"relics_obtained":[],"event_choices":[{"damage_healed":0.0,"max_hp_gain":0.0,"max_hp_loss":0.0,"gold_gain":0.0,"event_name":"Scrap Ooze","player_choice":"Success","floor":3.0,"gold_loss":0.0,"damage_taken":26.0,"relics_obtained":["Kunai"]},{"damage_healed":0.0,"max_hp_gain":0.0,"max_hp_loss":0.0,"gold_gain":0.0,"event_name":"Living Wall","player_choice":"Grow","floor":10.0,"gold_loss":0.0,"damage_taken":0.0,"cards_upgraded":["Zap"]},{"damage_healed":0.0,"max_hp_gain":0.0,"max_hp_loss":0.0,"gold_gain":0.0,"cards_transformed":["Strike_B","Strike_B"],"event_name":"Drug Dealer","player_choice":"Became Test Subject","floor":19.0,"gold_loss":0.0,"damage_taken":0.0,"cards_obtained":["Recycle","Coolheaded"]}],"is_beta":true,"boss_relics":[{"not_picked":["Cursed Key","Runic Dome"],"picked":"Ectoplasm"}],"items_purged_floors":[],"is_endless":false,"potions_floor_spawned":[1,7,8,14,22],"killed_by":"Slavers","ascension_level":15}