{"gold_per_floor":[112,128,128,141,161,161,46,81,81,81,91,91,91,106,106,106],"floor_reached":16,"playtime":1347,"items_purged":["Strike_B"],"score":158,"play_id":"9498dd35-921b-42a5-a5c1-435fa5729a83","local_time":"20181208193534","is_ascension_mode":true,"campfire_choices":[{"data":"Thunder Strike","floor":6,"key":"SMITH"},{"data":"Dualcast","floor":10,"key":"SMITH"},{"data":"Recycle","floor":12,"key":"SMITH"},{"data":"Undo","floor":15,"key":"SMITH"}],"neow_cost":"NONE","seed_source_timestamp":202188311497590,"circlet_count":0,"master_deck":["AscendersBane","Strike_B","Strike_B","Strike_B","Defend_B","Defend_B","Defend_B","Defend_B","Zap+1","Dualcast+1","Thunder Strike+1","Recycle+1","Conserve Battery","Coolheaded","Undo+1","Genetic Algorithm+1","Machine Learning","Steam+1"],"relics":["Cracked Core","Toxic Egg 2","Letter Opener"],"potions_floor_usage":[8,16],"damage_taken":[{"damage":7,"enemies":"Jaw Worm","floor":1,"turns":4},{"damage":0,"enemies":"Cultist","floor":2,"turns":4},{"damage":7,"enemies":"Small Slimes","floor":4,"turns":3},{"damage":2,"enemies":"2 Fungi Beasts","floor":5,"turns":4},{"damage":19,"enemies":"Gremlin Nob","floor":8,"turns":4},{"damage":11,"enemies":"Large Slime","floor":11,"turns":6},{"damage":7,"enemies":"Looter","floor":14,"turns":3},{"damage":21,"enemies":"The Guardian","floor":16,"turns":2}],"seed_played":"-5507600630893844313","potions_obtained":[{"floor":1,"key":"FearPotion"},{"floor":14,"key":"GamblersBrew"}],"is_trial":false,"path_per_floor":["M","M","?","M","M","R","$","E","T","R","M","R","?","M","R","B"],"character_chosen":"DEFECT","items_purchased":["Undo"],"campfire_rested":0,"item_purchase_floors":[7],"current_hp_per_floor":[61,61,61,54,52,52,52,33,33,33,22,22,22,15,15,0],"gold":106,"neow_bonus":"ONE_RANDOM_RARE_CARD","is_prod":false,"is_daily":false,"chose_seed":false,"campfire_upgraded":4,"win_rate":0,"timestamp":1544277934,"path_taken":["M","M","?","M","M","R","?","E","T","R","M","R","?","M","R","BOSS"],"build_version":"2018-12-06","purchased_purges":1,"victory":false,"max_hp_per_floor":[75,75,75,75,75,75,75,75,75,75,75,75,75,75,75,75],"card_choices":[{"not_picked":["Hello World","Gash"],"picked":"Recycle","floor":1},{"not_picked":["Recycle","Aggregate"],"picked":"Conserve Battery","floor":2},{"not_picked":["Hologram","Blizzard"],"picked":"Coolheaded","floor":4},{"not_picked":["Storm","Redo","Melter"],"picked":"SKIP","floor":5},{"not_picked":["Gash","Stack"],"picked":"Genetic Algorithm","floor":8},{"not_picked":["Beam Cell","Redo+1"],"picked":"Machine Learning","floor":11},{"not_picked":["Steam Power+1","Rip and Tear"],"picked":"Steam+1","floor":14}],"player_experience":865584,"relics_obtained":[{"floor":8,"key":"Toxic Egg 2"},{"floor":9,"key":"Letter Opener"}],"event_choices":[{"damage_healed":0,"gold_gain":0,"player_choice":"Forge","damage_taken":0,"max_hp_gain":0,"max_hp_loss":0,"event_name":"Accursed Blacksmith","floor":3,"gold_loss":0,"cards_upgraded":["Zap"]},{"damage_healed":0,"gold_gain":0,"player_choice":"Ignored","damage_taken":0,"max_hp_gain":0,"max_hp_loss":0,"event_name":"Shining Light","floor":13,"gold_loss":0}],"is_beta":true,"boss_relics":[],"items_purged_floors":[7],"is_endless":false,"potions_floor_spawned":[1,14],"killed_by":"The Guardian","ascension_level":11}