{"gold_per_floor":[117,67,47,57,57,57,93,93,116,155,171,185,208,221,221,221],"floor_reached":16,"playtime":431,"items_purged":[],"score":212,"play_id":"951c645b-b973-4452-b145-8ff889f66401","local_time":"20181209114854","is_ascension_mode":true,"campfire_choices":[{"data":"Streamline","floor":6,"key":"SMITH"},{"data":"Zap","floor":8,"key":"SMITH"},{"data":"Hologram","floor":15,"key":"SMITH"}],"neow_cost":"NONE","seed_source_timestamp":261538558204031,"circlet_count":0,"master_deck":["AscendersBane","Strike_B","Strike_B","Strike_B","Defend_B","Defend_B","Defend_B","Defend_B","Zap+1","Dualcast","Gash","Streamline+1","Conserve Battery","Hologram+1","Beam Cell","Gash"],"relics":["Cracked Core","NeowsBlessing","Golden Idol","Pen Nib","Smiling Mask","Vajra"],"potions_floor_usage":[14,14],"damage_taken":[{"damage":0,"enemies":"Small Slimes","floor":1,"turns":1},{"damage":0,"enemies":"2 Louse","floor":4,"turns":1},{"damage":0,"enemies":"Gremlin Nob","floor":7,"turns":1},{"damage":23,"enemies":"3 Sentries","floor":10,"turns":7},{"damage":0,"enemies":"Cultist","floor":11,"turns":1},{"damage":10,"enemies":"3 Louse","floor":12,"turns":3},{"damage":10,"enemies":"Exordium Wildlife","floor":13,"turns":3},{"damage":5,"enemies":"Lots of Slimes","floor":14,"turns":3},{"damage":24,"enemies":"Slime Boss","floor":16,"turns":6}],"seed_played":"-4691817907605342317","potions_obtained":[{"floor":3,"key":"SneckoOil"},{"floor":4,"key":"Poison Potion"},{"floor":7,"key":"Poison Potion"}],"is_trial":false,"path_per_floor":["M","?","?","M","?","R","E","R","T","E","M","M","M","M","R","B"],"character_chosen":"DEFECT","items_purchased":[],"campfire_rested":0,"item_purchase_floors":[],"current_hp_per_floor":[68,68,68,68,68,68,68,68,68,45,45,35,25,20,20,0],"gold":221,"neow_bonus":"THREE_ENEMY_KILL","is_prod":false,"is_daily":false,"chose_seed":false,"campfire_upgraded":3,"win_rate":0,"timestamp":1544336334,"path_taken":["M","?","?","?","?","R","E","R","T","E","M","M","M","M","R","BOSS"],"build_version":"2018-12-06","purchased_purges":0,"victory":false,"max_hp_per_floor":[75,75,75,75,69,69,69,69,69,69,69,69,69,69,69,69],"card_choices":[{"not_picked":["Melter","Blizzard"],"picked":"Gash","floor":1},{"not_picked":["Stack","Coolheaded"],"picked":"Streamline","floor":4},{"not_picked":["Beam Cell","Seek"],"picked":"Conserve Battery","floor":7},{"not_picked":["Undo","Redo"],"picked":"Hologram","floor":10},{"not_picked":["Redo","Turbo"],"picked":"Beam Cell","floor":11},{"not_picked":["Turbo","Glacier"],"picked":"Gash","floor":12},{"not_picked":["Compile Driver","Amplify","Storm"],"picked":"SKIP","floor":13},{"not_picked":["Streamline","Reprogram","Doom and Gloom"],"picked":"SKIP","floor":14}],"player_experience":879132,"relics_obtained":[{"floor":7,"key":"Pen Nib"},{"floor":9,"key":"Smiling Mask"},{"floor":10,"key":"Vajra"}],"event_choices":[{"cards_removed":["Strike_B"],"damage_healed":0,"gold_gain":0,"player_choice":"Card Removal","damage_taken":0,"max_hp_gain":0,"max_hp_loss":0,"event_name":"The Cleric","floor":2,"gold_loss":50},{"damage_healed":0,"gold_gain":0,"player_choice":"Bought 1 Potion","damage_taken":0,"max_hp_gain":0,"max_hp_loss":0,"event_name":"The Woman in Blue","floor":3,"gold_loss":0},{"damage_healed":0,"gold_gain":0,"player_choice":"Lose Max HP","damage_taken":0,"relics_obtained":["Golden Idol"],"max_hp_gain":0,"max_hp_loss":6,"event_name":"Golden Idol","floor":5,"gold_loss":0}],"is_beta":true,"boss_relics":[],"items_purged_floors":[],"is_endless":false,"potions_floor_spawned":[4,7,11],"killed_by":"Slime Boss","ascension_level":11}