{"gold_per_floor":[114,114,189,209,209,242,242,242,242,252,252,252,427,79,79,178,178,198,217,41,59,59,73,73,85,85,104,104,122,122,156,156,251,251,271,271,1270,389,404,404,419,27,27,45,0,0,17,17,17,17],"floor_reached":51,"playtime":4634,"items_purged":["Doubt","Normality","Normality"],"score":807,"play_id":"7fbd1d31-866a-419d-9721-4eda82631254","local_time":"20190129231727","is_ascension_mode":true,"campfire_choices":[{"data":"Noxious Fumes","floor":7,"key":"SMITH"},{"data":"Neutralize","floor":8,"key":"SMITH"},{"data":"Blade Dance","floor":12,"key":"SMITH"},{"floor":15,"key":"REST"},{"data":"Apotheosis","floor":24,"key":"SMITH"},{"floor":30,"key":"REST"},{"data":"Caltrops","floor":32,"key":"SMITH"},{"floor":40,"key":"REST"},{"floor":46,"key":"REST"},{"floor":49,"key":"REST"}],"neow_cost":"NONE","seed_source_timestamp":465055705427632,"circlet_count":0,"master_deck":["Defend_G","Defend_G","Defend_G","Defend_G","Defend_G","Survivor","Neutralize+1","Prepared","Caltrops+1","Noxious Fumes+1","Blade Dance+1","Deflect","Apotheosis+1","Escape Plan","Grand Finale","Escape Plan+1","Concentrate+1","Leg Sweep+1","Quick Slash","Deadly Poison","Blade Dance","Well Laid Plans","Terror","Prepared","Backflip","Writhe","Acrobatics+1","Envenom","Dash+1","Madness","Madness","Caltrops","Underhanded Strike","PiercingWail+1","Footwork","Prepared+1","Infinite Blades"],"relics":["Ring of the Snake","NeowsBlessing","Mummified Hand","Bottled Flame","Astrolabe","Bronze Scales","Nloth\u0027s Gift","Pocketwatch","Gremlin Horn","Dream Catcher","Fusion Hammer","Paper Crane","Ancient Tea Set","Lee\u0027s Waffle","Lantern","PreservedInsect","Red Mask"],"potions_floor_usage":[21,29,31,33,39,47,47,50,50],"damage_taken":[{"damage":0,"enemies":"Cultist","floor":1,"turns":1},{"damage":0,"enemies":"Small Slimes","floor":4,"turns":1},{"damage":0,"enemies":"3 Sentries","floor":6,"turns":1},{"damage":1,"enemies":"Jaw Worm","floor":10,"turns":4},{"damage":16,"enemies":"The Guardian","floor":16,"turns":10},{"damage":0,"enemies":"Spheric Guardian","floor":18,"turns":7},{"damage":0,"enemies":"Chosen","floor":19,"turns":4},{"damage":16,"enemies":"Shelled Parasite and Fungi","floor":21,"turns":4},{"damage":0,"enemies":"Centurion and Healer","floor":23,"turns":7},{"damage":0,"enemies":"Chosen and Byrds","floor":25,"turns":5},{"damage":0,"enemies":"Snecko","floor":27,"turns":3},{"damage":6,"enemies":"Shelled Parasite and Fungi","floor":29,"turns":3},{"damage":0,"enemies":"Book of Stabbing","floor":31,"turns":5},{"damage":27,"enemies":"Champ","floor":33,"turns":11},{"damage":0,"enemies":"3 Shapes","floor":35,"turns":5},{"damage":1,"enemies":"Orb Walker","floor":39,"turns":4},{"damage":35,"enemies":"Sphere and 2 Shapes","floor":41,"turns":7},{"damage":2,"enemies":"Maw","floor":44,"turns":7},{"damage":2,"enemies":"Transient","floor":47,"turns":5},{"damage":35,"enemies":"Time Eater","floor":50,"turns":12}],"seed_played":"-3468813414386026968","potions_obtained":[{"floor":16,"key":"Swift Potion"},{"floor":19,"key":"Swift Potion"},{"floor":21,"key":"Regen Potion"},{"floor":23,"key":"EssenceOfSteel"},{"floor":31,"key":"Dexterity Potion"},{"floor":33,"key":"SkillPotion"},{"floor":39,"key":"FearPotion"},{"floor":47,"key":"Strength Potion"}],"is_trial":false,"path_per_floor":["M","?","?","M","?","E","R","R","T","M","?","R","?","$","R","B",null,"M","M","$","M","?","M","R","M","T","M","?","M","R","E","R","B",null,"M","?","?","$","M","R","M","$","T","M","?","R","M","?","R","B",null],"character_chosen":"THE_SILENT","items_purchased":["Deflect","Apotheosis","Escape Plan","Bronze Scales","Blade Dance","Caltrops","Paper Crane","Ancient Tea Set","Lee\u0027s Waffle","SkillPotion","Underhanded Strike","Footwork","Swift Potion","Lantern"],"campfire_rested":5,"item_purchase_floors":[14,14,14,20,20,38,38,38,38,38,38,42,42,42],"current_hp_per_floor":[70,67,56,56,56,56,56,56,56,55,48,48,48,48,69,53,70,70,70,70,54,54,54,54,54,54,54,54,48,69,69,69,57,70,70,61,61,77,76,77,42,42,42,40,40,63,61,61,77,42],"gold":17,"neow_bonus":"THREE_ENEMY_KILL","is_prod":false,"is_daily":false,"chose_seed":false,"campfire_upgraded":5,"win_rate":0,"timestamp":1548800247,"path_taken":["M","?","?","?","?","E","R","R","T","M","?","R","?","$","R","BOSS","M","M","$","M","?","M","R","M","T","?","?","M","R","E","R","BOSS","M","?","?","$","M","R","M","?","T","M","?","R","?","?","R","BOSS"],"build_version":"2019-01-23","purchased_purges":3,"victory":true,"max_hp_per_floor":[70,70,70,70,70,70,70,70,70,70,70,70,70,70,70,70,70,70,70,70,70,70,70,70,70,70,70,70,70,70,70,70,70,70,70,70,70,77,77,77,77,77,77,77,77,77,77,77,77,77],"card_choices":[{"not_picked":["Flying Knee","Underhanded Strike"],"picked":"Prepared","floor":1},{"not_picked":["Choke","Sucker Punch","All Out Attack"],"picked":"SKIP","floor":4},{"not_picked":["Choke","Calculated Gamble"],"picked":"Noxious Fumes","floor":6},{"not_picked":["Skewer","Dodge and Roll"],"picked":"Blade Dance","floor":10},{"not_picked":["Phantasmal Killer","Adrenaline"],"picked":"Grand Finale","floor":16},{"not_picked":["Eviscerate","Heel Hook"],"picked":"Quick Slash","floor":18},{"not_picked":["Backflip+1","PiercingWail"],"picked":"Deadly Poison","floor":19},{"not_picked":["Poisoned Stab","Deadly Poison"],"picked":"Well Laid Plans","floor":21},{"not_picked":["Deadly Poison","All Out Attack"],"picked":"Terror","floor":23},{"not_picked":["All Out Attack+1","Slice"],"picked":"Prepared","floor":25},{"not_picked":["All Out Attack","Doppelganger"],"picked":"Backflip","floor":27},{"not_picked":["Bane","Dagger Spray+1","Sucker Punch"],"picked":"SKIP","floor":29},{"not_picked":["Prepared","Bouncing Flask"],"picked":"Acrobatics+1","floor":31},{"not_picked":["After Image","Storm of Steel"],"picked":"Envenom","floor":33},{"not_picked":["Bane","Prepared"],"picked":"Dash+1","floor":35},{"not_picked":["Deadly Poison+1","Backflip","Cloak And Dagger+1"],"picked":"SKIP","floor":39},{"not_picked":["Backstab+1","Heel Hook"],"picked":"PiercingWail+1","floor":40},{"not_picked":["Flying Knee","Dagger Throw+1","Acrobatics"],"picked":"SKIP","floor":41},{"not_picked":["Slice+1","Cloak And Dagger"],"picked":"Prepared+1","floor":44},{"not_picked":["Deflect+1","Unload"],"picked":"Infinite Blades","floor":47}],"player_experience":88917,"relics_obtained":[{"floor":6,"key":"WingedGreaves"},{"floor":9,"key":"Bottled Flame"},{"floor":26,"key":"Pocketwatch"},{"floor":31,"key":"Dream Catcher"},{"floor":43,"key":"PreservedInsect"}],"event_choices":[{"damage_healed":0,"gold_gain":0,"player_choice":"Success","damage_taken":3,"relics_obtained":["Mummified Hand"],"max_hp_gain":0,"max_hp_loss":0,"event_name":"Scrap Ooze","floor":2,"gold_loss":0},{"damage_healed":0,"gold_gain":75,"player_choice":"Gather Gold","damage_taken":11,"max_hp_gain":0,"max_hp_loss":0,"event_name":"World of Goop","floor":3,"gold_loss":0},{"damage_healed":0,"gold_gain":0,"cards_transformed":["Strike_G"],"player_choice":"Change","damage_taken":0,"max_hp_gain":0,"max_hp_loss":0,"event_name":"Living Wall","floor":5,"gold_loss":0,"cards_obtained":["Caltrops"]},{"cards_removed":["Strike_G"],"damage_healed":0,"gold_gain":0,"player_choice":"Card Removal","damage_taken":7,"max_hp_gain":0,"max_hp_loss":0,"event_name":"Golden Wing","floor":11,"gold_loss":0},{"damage_healed":0,"gold_gain":175,"player_choice":"AGREE","damage_taken":0,"max_hp_gain":0,"max_hp_loss":0,"event_name":"Liars Game","floor":13,"gold_loss":0,"cards_obtained":["Doubt"]},{"damage_healed":0,"gold_gain":0,"player_choice":"Traded Relic","damage_taken":0,"relics_obtained":["Nloth\u0027s Gift"],"max_hp_gain":0,"max_hp_loss":0,"event_name":"N\u0027loth","floor":22,"relics_lost":["WingedGreaves"],"gold_loss":0},{"damage_healed":0,"gold_gain":0,"player_choice":"Opened","damage_taken":0,"relics_obtained":["Gremlin Horn"],"max_hp_gain":0,"max_hp_loss":0,"event_name":"The Mausoleum","floor":28,"gold_loss":0,"cards_obtained":["Writhe"]},{"damage_healed":0,"gold_gain":0,"player_choice":"Embrace Madness","damage_taken":9,"max_hp_gain":0,"max_hp_loss":0,"event_name":"Winding Halls","floor":36,"gold_loss":0,"cards_obtained":["Madness","Madness"]},{"damage_healed":0,"gold_gain":999,"player_choice":"Gold","damage_taken":0,"max_hp_gain":0,"max_hp_loss":0,"event_name":"MindBloom","floor":37,"gold_loss":0,"cards_obtained":["Normality","Normality"]},{"damage_healed":0,"gold_gain":0,"player_choice":"Paid","damage_taken":0,"relics_obtained":["Red Mask"],"max_hp_gain":0,"max_hp_loss":0,"event_name":"Tomb of Lord Red Mask","floor":45,"gold_loss":45},{"damage_healed":0,"gold_gain":0,"player_choice":"Ignored","damage_taken":0,"max_hp_gain":0,"max_hp_loss":0,"event_name":"Mysterious Sphere","floor":48,"gold_loss":0}],"is_beta":false,"boss_relics":[{"not_picked":["Tiny House","Busted Crown"],"picked":"Astrolabe"},{"not_picked":["Runic Pyramid","Coffee Dripper"],"picked":"Fusion Hammer"}],"items_purged_floors":[14,38,42],"is_endless":false,"potions_floor_spawned":[16,19,21,23,31,33,39,47],"ascension_level":2}