{"path_per_floor":["M","?","?","T","M","E","R","E","T","M","?","M","R","E","R","B",null,"M","?","M","?"],"character_chosen":"IRONCLAD","items_purchased":[],"gold_per_floor":[117,117,117,117,130,159,159,189,241,252,310,330,330,356,356,452,452,439,439,458,458],"floor_reached":22,"campfire_rested":0,"playtime":1349,"current_hp_per_floor":[80,80,47,47,53,65,65,45,45,44,40,42,42,40,40,9,90,65,65,48,78],"items_purged":[],"gold":458,"play_id":"d71803d5-391b-4922-8a9e-c0c883968a4c","is_prod":false,"is_daily":false,"is_ascension_mode":true,"campfire_upgraded":3,"path_taken":["M","?","?","?","M","E","R","E","T","?","?","M","R","E","R","BOSS","M","?","M","?","M"],"build_version":"2018-01-25-PROD3","purchased_purges":0,"victory":false,"master_deck":["Strike_R","Strike_R","Strike_R","Strike_R","Defend_R","Defend_R","Defend_R","Defend_R","Bash","Wild Strike","Body Slam+1","Flame Barrier+1","Shockwave","Flex","Shrug It Off","Iron Wave","Seeing Red+1","Thunderclap","Juggernaut","Havoc","True Grit+1"],"max_hp_per_floor":[80,80,80,80,80,90,90,90,90,90,90,90,90,90,90,90,90,90,90,90,90],"relics":["Burning Blood","NeowsBlessing","Frozen Eye","Prayer Wheel","Pear","Ancient Tea Set","Lantern","Kunai","Pantograph","Black Star"],"card_choices":[{"not_picked":["Ghostly Armor","Warcry"],"picked":"Wild Strike"},{"not_picked":["Shrug It Off","Disarm"],"picked":"Flame Barrier"},{"not_picked":["Disarm","Armaments"],"picked":"Shockwave"},{"not_picked":["Reaper","Corruption"],"picked":"Flex"},{"not_picked":["Armaments","Rampage"],"picked":"Shrug It Off"},{"not_picked":["Havoc","Rampage"],"picked":"Iron Wave"},{"not_picked":["Reckless Charge","Dropkick"],"picked":"Seeing Red"},{"not_picked":["Flex","Blood for Blood"],"picked":"Thunderclap"},{"not_picked":["Feed","Impervious"],"picked":"Juggernaut"},{"not_picked":["Pummel","Heavy Blade"],"picked":"Havoc"},{"not_picked":["Heavy Blade","Anger"],"picked":"True Grit"}],"player_experience":187396,"potions_floor_usage":[18,20,22],"damage_taken":[{"damage":0.0,"enemies":"Small Slimes","floor":1.0,"turns":1.0},{"damage":0.0,"enemies":"Blue Slaver","floor":5.0,"turns":1.0},{"damage":4.0,"enemies":"3 Sentries","floor":6.0,"turns":1.0},{"damage":26.0,"enemies":"Lagavulin","floor":8.0,"turns":5.0},{"damage":7.0,"enemies":"Jaw Worm","floor":10.0,"turns":3.0},{"damage":10.0,"enemies":"Lagavulin Event","floor":11.0,"turns":6.0},{"damage":4.0,"enemies":"3 Louse","floor":12.0,"turns":3.0},{"damage":8.0,"enemies":"3 Sentries","floor":14.0,"turns":4.0},{"damage":62,"enemies":"Hexaghost","floor":16,"turns":12},{"damage":31,"enemies":"2 Thieves","floor":18,"turns":4},{"damage":23,"enemies":"Chosen","floor":20,"turns":7},{"damage":82,"enemies":"Centurion and Healer","floor":22,"turns":11}],"event_choices":[{"event_name":"Transmorgrifier","player_choice":"Transform","floor":2.0,"damage_taken":0.0},{"event_name":"Scrap Ooze","player_choice":"success","floor":3.0,"damage_taken":33.0},{"event_name":"Dead Adventurer","player_choice":"Searched \u00271\u0027 times","floor":11.0,"damage_taken":0.0},{"event_name":"Drug Dealer","player_choice":"Ignored","floor":19,"damage_taken":0},{"event_name":"The Library","player_choice":"Heal","floor":21,"damage_taken":0}],"boss_relics":[{"not_picked":["Eternal Feather","Pandora\u0027s Box"],"picked":"Black Star"}],"potions_floor_spawned":[1,6,11,12,14,18,20],"seed_played":"7900581011260894608","killed_by":"Centurion and Healer","ascension_level":2,"is_trial":false}