{"gold_per_floor":[211,211,223,3,3,3,37,37,37,37,51,71,71,104,104,181,181,193,193,193,166,91,91,91,121,192,192,26,26,44,59,59,135,135,153,253,272,284,103,103,116,145,223,237,112,126,126,138,138,138,138],"floor_reached":52,"playtime":4863,"items_purged":["Strike_B+1","Zap+1","Self Repair+1"],"score":1795,"play_id":"d5ee2086-2c06-41f2-a444-37f90ce272a7","local_time":"20190421154649","is_ascension_mode":true,"campfire_choices":[{"data":"Dualcast","floor":6.0,"key":"SMITH"},{"data":"Sunder","floor":8.0,"key":"SMITH"},{"floor":10.0,"key":"REST"},{"data":"Scrape","floor":13.0,"key":"SMITH"},{"data":"Reinforced Body","floor":15.0,"key":"SMITH"},{"data":"Self Repair","floor":23,"key":"SMITH"},{"data":"Beam Cell","floor":27,"key":"SMITH"},{"data":"Defragment","floor":32,"key":"SMITH"},{"data":"Seek","floor":40,"key":"SMITH"},{"data":"Scrape","floor":49,"key":"SMITH"}],"neow_cost":"NONE","seed_source_timestamp":884419017945628,"circlet_count":0,"master_deck":["AscendersBane","Defend_B+1","Defend_B+1","Defend_B+1","Defend_B+1","Dualcast+1","Gash","Reinforced Body+1","Gash","Sunder+1","Scrape+1","Echo Form","Beam Cell+1","Bite","Bite","Bite","Bite","Bite","All For One","Defragment+1","Scrape+1","Glacier","Seek+1","FTL+1","BootSequence+1","Auto Shields+1"],"special_seed":0,"relics":["FrozenCore","Blue Candle","Regal Pillow","Dodecahedron","Pear","Omamori","Kunai","Symbiotic Virus","Ornamental Fan","Coffee Dripper","Mango","Mercury Hourglass","Gremlin Horn","Molten Egg 2"],"potions_floor_usage":[25,25,31,38,42,50,50],"damage_taken":[{"damage":0.0,"enemies":"Small Slimes","floor":1.0,"turns":3.0},{"damage":2.0,"enemies":"Jaw Worm","floor":3.0,"turns":3.0},{"damage":15.0,"enemies":"Lagavulin","floor":7.0,"turns":8.0},{"damage":0.0,"enemies":"Cultist","floor":11.0,"turns":2.0},{"damage":1.0,"enemies":"Looter","floor":12.0,"turns":3.0},{"damage":11.0,"enemies":"3 Sentries","floor":14.0,"turns":6.0},{"damage":37.0,"enemies":"Slime Boss","floor":16.0,"turns":9.0},{"damage":10.0,"enemies":"Chosen","floor":18.0,"turns":8.0},{"damage":12.0,"enemies":"2 Thieves","floor":21.0,"turns":4.0},{"damage":42,"enemies":"Gremlin Leader","floor":25,"turns":9},{"damage":20,"enemies":"Chosen and Byrds","floor":30,"turns":5},{"damage":3,"enemies":"Centurion and Healer","floor":31,"turns":4},{"damage":22,"enemies":"Champ","floor":33,"turns":16},{"damage":40,"enemies":"3 Darklings","floor":35,"turns":15},{"damage":1,"enemies":"Mind Bloom Boss Battle","floor":36,"turns":7},{"damage":5,"enemies":"Orb Walker","floor":37,"turns":4},{"damage":1,"enemies":"4 Shapes","floor":38,"turns":8},{"damage":1,"enemies":"Spire Growth","floor":41,"turns":4},{"damage":0,"enemies":"Giant Head","floor":42,"turns":7},{"damage":7,"enemies":"Jaw Worm Horde","floor":44,"turns":4},{"damage":0,"enemies":"Transient","floor":46,"turns":6},{"damage":0,"enemies":"Sphere and 2 Shapes","floor":48,"turns":4},{"damage":52,"enemies":"Time Eater","floor":50,"turns":17},{"damage":53,"enemies":"Awakened One","floor":51,"turns":19}],"seed_played":"2369600053323003494","potions_obtained":[{"floor":3.0,"key":"Block Potion"},{"floor":7.0,"key":"Block Potion"},{"floor":14.0,"key":"Weak Potion"},{"floor":18.0,"key":"Dexterity Potion"},{"floor":21,"key":"LiquidBronze"},{"floor":30,"key":"SkillPotion"},{"floor":35,"key":"SkillPotion"},{"floor":37,"key":"Explosive Potion"},{"floor":44,"key":"Weak Potion"},{"floor":48,"key":"Regen Potion"}],"is_trial":false,"path_per_floor":["?","?","?","?","?","$","?","?","T"],"character_chosen":"DEFECT","items_purchased":["Gash","Regal Pillow","All For One","Defragment","FocusPotion"],"campfire_rested":1,"item_purchase_floors":[4,4,28,28,39],"current_hp_per_floor":[64,46,44,44,44,44,29,29,39,78,78,77,77,66,66,36,70,67,67,67,62,62,62,56,54,54,54,54,54,44,41,41,56,56,54,70,70,70,70,70,70,70,70,70,70,70,70,70,70,48,42],"gold":138,"neow_bonus":"HUNDRED_GOLD","is_prod":false,"is_daily":false,"chose_seed":false,"campfire_upgraded":9,"win_rate":0,"timestamp":1555879609,"path_taken":["M","?","M","$","?","R","E","R","T","R","M","M","R","E","R","BOSS","M","?","?","M","$","R","?","E","T","R","?","?","M","M","R","BOSS","M","?","M","M","$","R","M","E","T","M","$","M","?","M","R","BOSS","BOSS"],"build_version":"2019-01-23","purchased_purges":3,"victory":true,"max_hp_per_floor":[71,71,71,71,71,71,71,71,81,81,81,81,81,81,81,81,81,81,81,81,81,81,81,56,56,56,56,56,56,56,56,56,56,56,56,70,70,70,70,70,70,70,70,70,70,70,70,70,70,70,70],"card_choices":[{"not_picked":["Stack","Cold Snap"],"picked":"Gash","floor":1.0},{"not_picked":["Sweeping Beam","Stack"],"picked":"Reinforced Body","floor":3.0},{"not_picked":["Cold Snap","Tempest"],"picked":"Sunder","floor":7.0},{"not_picked":["Barrage","Tempest","Heatsinks"],"picked":"SKIP","floor":11.0},{"not_picked":["Conserve Battery","Force Field"],"picked":"Scrape","floor":12.0},{"not_picked":["Compile Driver","Redo"],"picked":"Self Repair","floor":14.0},{"not_picked":["Fission","Buffer"],"picked":"Echo Form","floor":16.0},{"not_picked":["Self Repair","Heatsinks","Compile Driver"],"picked":"SKIP","floor":18.0},{"not_picked":["Hologram","Double Energy"],"picked":"Beam Cell","floor":21},{"not_picked":["Self Repair","Aggregate","Steam"],"picked":"SKIP","floor":25},{"not_picked":["Defragment","Stack+1"],"picked":"Scrape","floor":30},{"not_picked":["Leap","Rebound"],"picked":"Glacier","floor":31},{"not_picked":["Thunder Strike","Creative AI"],"picked":"Seek","floor":33},{"not_picked":["Coolheaded+1","Go for the Eyes"],"picked":"FTL+1","floor":35},{"not_picked":["Cold Snap","Glacier","Blizzard"],"picked":"SKIP","floor":37},{"not_picked":["Multi-Cast","Static Discharge","Turbo"],"picked":"SKIP","floor":38},{"not_picked":["Compile Driver+1","Cold Snap+1"],"picked":"BootSequence+1","floor":41},{"not_picked":["Leap+1","Redo+1","Blizzard"],"picked":"SKIP","floor":42},{"not_picked":["Leap+1","Redo+1","Blizzard"],"picked":"SKIP","floor":42},{"not_picked":["Darkness","Redo","Loop"],"picked":"SKIP","floor":44},{"not_picked":["Redo+1","Consume","Fusion"],"picked":"SKIP","floor":46},{"not_picked":["Self Repair","Rebound+1"],"picked":"Auto Shields+1","floor":48}],"player_experience":480914,"relics_obtained":[{"floor":7.0,"key":"Dodecahedron"},{"floor":9.0,"key":"Pear"},{"floor":14.0,"key":"Omamori"},{"floor":25,"key":"Symbiotic Virus"},{"floor":26,"key":"Ornamental Fan"},{"floor":36,"key":"Mango"},{"floor":42,"key":"Mercury Hourglass"},{"floor":43,"key":"Gremlin Horn"},{"floor":47,"key":"Molten Egg 2"}],"event_choices":[{"damage_healed":0.0,"max_hp_gain":0.0,"max_hp_loss":0.0,"gold_gain":0.0,"event_name":"Scrap Ooze","player_choice":"Success","floor":2.0,"gold_loss":0.0,"damage_taken":18.0,"relics_obtained":["Blue Candle"]},{"damage_healed":0.0,"max_hp_gain":0.0,"max_hp_loss":0.0,"gold_gain":0.0,"event_name":"Living Wall","player_choice":"Grow","floor":5.0,"gold_loss":0.0,"damage_taken":0.0,"cards_upgraded":["Zap"]},{"damage_healed":0.0,"max_hp_gain":0.0,"max_hp_loss":0.0,"gold_gain":0.0,"event_name":"Back to Basics","player_choice":"Simplicity","floor":19.0,"gold_loss":0.0,"damage_taken":0.0,"cards_upgraded":["Strike_B","Strike_B","Strike_B","Strike_B","Defend_B","Defend_B","Defend_B","Defend_B"]},{"damage_healed":0.0,"max_hp_gain":0.0,"max_hp_loss":0.0,"gold_gain":0.0,"event_name":"The Mausoleum","player_choice":"Opened","floor":20.0,"gold_loss":0.0,"damage_taken":0.0,"relics_obtained":["Kunai"],"cards_obtained":["Writhe"]},{"damage_healed":0,"gold_gain":0,"player_choice":"Became a vampire","damage_taken":0,"max_hp_gain":0,"max_hp_loss":25,"event_name":"Vampires","floor":24,"gold_loss":0,"cards_obtained":["Bite","Bite","Bite","Bite","Bite"]},{"damage_healed":0,"gold_gain":0,"player_choice":"Ignored","damage_taken":0,"max_hp_gain":0,"max_hp_loss":0,"event_name":"Ghosts","floor":29,"gold_loss":0},{"damage_healed":0,"gold_gain":0,"player_choice":"Fight","damage_taken":0,"max_hp_gain":0,"max_hp_loss":0,"event_name":"MindBloom","floor":36,"gold_loss":0}],"is_beta":false,"boss_relics":[{"not_picked":["Philosopher\u0027s Stone","Lizard Tail"],"picked":"FrozenCore"},{"not_picked":["Runic Dome","Pandora\u0027s Box"],"picked":"Coffee Dripper"}],"items_purged_floors":[22,39,45],"is_endless":false,"potions_floor_spawned":[3,7,14,18,21,30,35,37,41,44,48],"ascension_level":20}