{"gold_per_floor":[117,134,148,148,148,148,175,25,25,44,44,57,71,88,88,187,187,198,198,225,241,241,269,224,224,251,251,286,300,326,336,336,438,438,457,457,557,567,567,567,578,156,203,215,215,227,227,246,246,246,246,246,118,153,153],"floor_reached":55,"playtime":1819,"items_purged":["Strike_R+1"],"score":679,"play_id":"a94110f8-3e5b-4cdd-ae66-65a38d13e66a","local_time":"20190421123123","is_ascension_mode":false,"campfire_choices":[{"data":"Armaments","floor":6,"key":"SMITH"},{"floor":11,"key":"RECALL"},{"data":"Ghostly Armor","floor":15,"key":"SMITH"},{"floor":25,"key":"REST"},{"floor":32,"key":"REST"},{"data":"1","floor":40,"key":"LIFT"},{"data":"2","floor":45,"key":"LIFT"},{"data":"3","floor":47,"key":"LIFT"},{"floor":49,"key":"REST"},{"floor":52,"key":"REST"}],"neow_cost":"NONE","seed_source_timestamp":154516927384755,"circlet_count":0,"master_deck":["Strike_R+1","Strike_R+1","Strike_R+1","Strike_R+1","Defend_R+1","Defend_R+1","Defend_R+1","Defend_R+1","Bash","Twin Strike","Armaments+1","Ghostly Armor+1","Twin Strike","Impervious","Inflame","Pummel","Feed","Flex","Pummel","Sword Boomerang","Reaper","Flex+1","Madness","Madness","Pummel","Sword Boomerang","Twin Strike+1"],"relics":["Burning Blood","Ice Cream","Art of War","Vajra","Sozu","Red Mask","MutagenicStrength","Happy Flower","Bronze Scales","Bottled Tornado","Juzu Bracelet","Fusion Hammer","Girya","Brimstone","Boot","Red Skull","Oddly Smooth Stone"],"potions_floor_usage":[7,7,16,23],"damage_taken":[{"damage":6,"enemies":"Cultist","floor":1,"turns":3},{"damage":0,"enemies":"2 Louse","floor":2,"turns":3},{"damage":2,"enemies":"Small Slimes","floor":3,"turns":3},{"damage":8,"enemies":"Gremlin Nob","floor":7,"turns":4},{"damage":1,"enemies":"3 Louse","floor":10,"turns":4},{"damage":9,"enemies":"Blue Slaver","floor":12,"turns":4},{"damage":6,"enemies":"2 Fungi Beasts","floor":13,"turns":3},{"damage":7,"enemies":"3 Louse","floor":14,"turns":3},{"damage":56,"enemies":"Hexaghost","floor":16,"turns":11},{"damage":11,"enemies":"Spheric Guardian","floor":18,"turns":4},{"damage":17,"enemies":"Masked Bandits","floor":20,"turns":5},{"damage":0,"enemies":"Chosen","floor":21,"turns":3},{"damage":14,"enemies":"Book of Stabbing","floor":23,"turns":5},{"damage":16,"enemies":"Colosseum Slavers","floor":27,"turns":3},{"damage":23,"enemies":"Gremlin Leader","floor":28,"turns":5},{"damage":14,"enemies":"Shelled Parasite and Fungi","floor":29,"turns":4},{"damage":21,"enemies":"Book of Stabbing","floor":30,"turns":4},{"damage":0,"enemies":"Snake Plant","floor":31,"turns":3},{"damage":83,"enemies":"Champ","floor":33,"turns":9},{"damage":27,"enemies":"3 Darklings","floor":35,"turns":4},{"damage":28,"enemies":"Mind Bloom Boss Battle","floor":37,"turns":4},{"damage":21,"enemies":"3 Shapes","floor":38,"turns":4},{"damage":21,"enemies":"Maw","floor":41,"turns":6},{"damage":12,"enemies":"Sphere and 2 Shapes","floor":44,"turns":3},{"damage":0,"enemies":"Transient","floor":46,"turns":5},{"damage":30,"enemies":"Writhing Mass","floor":48,"turns":3},{"damage":83,"enemies":"Donu and Deca","floor":50,"turns":6},{"damage":60,"enemies":"Shield and Spear","floor":54,"turns":3},{"damage":42,"enemies":"The Heart","floor":55,"turns":2}],"seed_played":"-3511314862274320563","potions_obtained":[{"floor":2,"key":"Block Potion"},{"floor":3,"key":"SteroidPotion"},{"floor":13,"key":"Dexterity Potion"},{"floor":16,"key":"Weak Potion"}],"is_trial":false,"path_per_floor":["M","M","M","?","?","R","E","$","T","M","R","M","M","M","R","B",null,"M","?","?","M","?","E","$","R","T","?","E","M","E","M","R","B",null,"M","?","?","M","?","R","M","$","T","M","R","M","R","M","R","B",null,"R","$","E","B"],"character_chosen":"IRONCLAD","items_purchased":["Vajra","Flex","Brimstone","Boot","Pummel","Sword Boomerang"],"campfire_rested":4,"item_purchase_floors":[8,24,42,42,42,53],"current_hp_per_floor":[88,88,88,93,93,93,91,91,91,93,93,90,90,89,89,39,93,88,88,77,83,83,75,75,93,93,83,66,61,46,55,84,7,99,78,66,57,45,89,89,89,89,89,83,83,89,89,77,89,58,89,89,89,40,0],"gold":153,"neow_bonus":"TEN_PERCENT_HP_BONUS","is_prod":false,"is_daily":false,"chose_seed":false,"campfire_upgraded":2,"win_rate":0,"timestamp":1555864283,"path_taken":["M","?","M","?","?","R","E","$","T","M","R","M","M","?","R","BOSS","M","?","?","M","?","E","$","R","T","?","E","?","E","M","R","BOSS","M","?","?","M","?","R","M","$","T","M","R","M","R","M","R","BOSS","R","$","E","BOSS"],"build_version":"2019-01-23","purchased_purges":1,"victory":false,"max_hp_per_floor":[88,88,88,93,93,93,93,93,93,93,93,93,93,93,93,93,93,93,93,93,93,93,93,93,93,93,93,93,96,96,99,99,99,99,99,99,99,102,89,89,89,89,89,89,89,89,89,89,89,89,89,89,89,89,89],"card_choices":[{"not_picked":["Shrug It Off","Flame Barrier","Headbutt"],"picked":"SKIP","floor":1},{"not_picked":["Spot Weakness","Sever Soul"],"picked":"Twin Strike","floor":2},{"not_picked":["Anger","Infernal Blade"],"picked":"Armaments","floor":3},{"not_picked":["Body Slam","Warcry"],"picked":"Ghostly Armor","floor":7},{"not_picked":["Combust","Shrug It Off","Double Tap"],"picked":"SKIP","floor":10},{"not_picked":["Evolve","Anger"],"picked":"Twin Strike","floor":12},{"not_picked":["Feel No Pain","Heavy Blade","Dual Wield"],"picked":"SKIP","floor":13},{"not_picked":["Dual Wield","Infernal Blade","Iron Wave"],"picked":"SKIP","floor":14},{"not_picked":["Bludgeon","Limit Break"],"picked":"Impervious","floor":16},{"not_picked":["Anger","Bloodletting+1","Feel No Pain+1"],"picked":"SKIP","floor":18},{"not_picked":["Disarm","Sword Boomerang"],"picked":"Inflame","floor":20},{"not_picked":["Clothesline","Havoc"],"picked":"Pummel","floor":21},{"not_picked":["Searing Blow","Intimidate"],"picked":"Feed","floor":23},{"not_picked":["Clothesline","Cleave","True Grit+1"],"picked":"SKIP","floor":28},{"not_picked":["Sword Boomerang","Clash"],"picked":"Pummel","floor":29},{"not_picked":["Offering","Warcry"],"picked":"Sword Boomerang","floor":30},{"not_picked":["Heavy Blade","Pommel Strike","True Grit"],"picked":"SKIP","floor":31},{"not_picked":["Bludgeon","Double Tap"],"picked":"Reaper","floor":33},{"not_picked":["Pommel Strike","Hemokinesis"],"picked":"Flex+1","floor":35},{"not_picked":["Pommel Strike+1","Warcry","Uppercut"],"picked":"SKIP","floor":38},{"not_picked":["Warcry+1","Power Through","Heavy Blade"],"picked":"SKIP","floor":41},{"not_picked":["Anger+1","Twin Strike","Shockwave"],"picked":"SKIP","floor":44},{"not_picked":["Thunderclap+1","Infernal Blade+1","Fire Breathing"],"picked":"SKIP","floor":46},{"not_picked":["Shrug It Off+1","True Grit+1","Flex+1"],"picked":"SKIP","floor":48},{"not_picked":["Rage","Clothesline"],"picked":"Twin Strike+1","floor":54}],"player_experience":185434,"relics_obtained":[{"floor":5,"key":"Ice Cream"},{"floor":7,"key":"Art of War"},{"floor":20,"key":"Red Mask"},{"floor":23,"key":"Happy Flower"},{"floor":26,"key":"Bronze Scales"},{"floor":28,"key":"Bottled Tornado"},{"floor":30,"key":"Juzu Bracelet"},{"floor":37,"key":"Girya"},{"floor":43,"key":"Red Skull"},{"floor":54,"key":"Oddly Smooth Stone"}],"event_choices":[{"damage_healed":0,"gold_gain":0,"player_choice":"Donut","damage_taken":0,"max_hp_gain":5,"max_hp_loss":0,"event_name":"Big Fish","floor":4,"gold_loss":0},{"damage_healed":0,"gold_gain":0,"player_choice":"Relic","damage_taken":0,"max_hp_gain":0,"max_hp_loss":0,"event_name":"Wheel of Change","floor":5,"gold_loss":0},{"damage_healed":0,"gold_gain":0,"player_choice":"Simplicity","damage_taken":0,"max_hp_gain":0,"max_hp_loss":0,"event_name":"Back to Basics","floor":19,"gold_loss":0,"cards_upgraded":["Strike_R","Strike_R","Strike_R","Strike_R","Strike_R","Defend_R","Defend_R","Defend_R","Defend_R"]},{"damage_healed":0,"gold_gain":0,"player_choice":"Fought Bandits","damage_taken":0,"max_hp_gain":0,"max_hp_loss":0,"event_name":"Masked Bandits","floor":20,"gold_loss":0},{"damage_healed":0,"gold_gain":0,"player_choice":"Inject Mutagens","damage_taken":0,"relics_obtained":["MutagenicStrength"],"max_hp_gain":0,"max_hp_loss":0,"event_name":"Drug Dealer","floor":22,"gold_loss":0},{"damage_healed":0,"gold_gain":0,"player_choice":"Fight","damage_taken":0,"max_hp_gain":0,"max_hp_loss":0,"event_name":"Colosseum","floor":27,"gold_loss":0},{"damage_healed":0,"gold_gain":0,"player_choice":"Fled From Nobs","damage_taken":0,"max_hp_gain":0,"max_hp_loss":0,"event_name":"Colosseum","floor":27,"gold_loss":0},{"damage_healed":0,"gold_gain":0,"player_choice":"Embrace Madness","damage_taken":12,"max_hp_gain":0,"max_hp_loss":0,"event_name":"Winding Halls","floor":36,"gold_loss":0,"cards_obtained":["Madness","Madness"]},{"damage_healed":0,"gold_gain":0,"player_choice":"Fight","damage_taken":0,"max_hp_gain":0,"max_hp_loss":0,"event_name":"MindBloom","floor":37,"gold_loss":0},{"damage_healed":89,"gold_gain":0,"player_choice":"Heal","damage_taken":0,"max_hp_gain":0,"max_hp_loss":13,"event_name":"The Moai Head","floor":39,"gold_loss":0}],"is_beta":false,"boss_relics":[{"not_picked":["Black Blood","Lizard Tail"],"picked":"Sozu"},{"not_picked":["Eternal Feather","Calling Bell"],"picked":"Fusion Hammer"}],"items_purged_floors":[53],"is_endless":false,"potions_floor_spawned":[2,3,13,16,21,28,29,30,31,38,41,48],"killed_by":"The Heart","ascension_level":0}