{"gold_per_floor":[118,131,406,46,69,69,84,102,152,165,165,181,181,181,181,257,257,273,291,15,33,47,72,72,99,99,113,139,153,10,25,25,25],"floor_reached":33,"playtime":1893,"items_purged":["Regret"],"score":552,"play_id":"5455cc33-8d9c-49f2-a233-bd53605e076a","local_time":"20190408110309","is_ascension_mode":true,"campfire_choices":[{"data":"A Thousand Cuts","floor":6,"key":"SMITH"},{"data":"Terror","floor":11,"key":"SMITH"},{"data":"Cloak And Dagger","floor":13,"key":"SMITH"},{"data":"Neutralize","floor":15,"key":"SMITH"},{"floor":24,"key":"REST"},{"floor":32,"key":"REST"}],"neow_cost":"NONE","seed_source_timestamp":29048372821544,"circlet_count":0,"master_deck":["AscendersBane","Defend_G","Defend_G","Defend_G","Defend_G","Defend_G","Strike_G","Strike_G","Strike_G","Strike_G","Strike_G","Survivor","Neutralize+1","A Thousand Cuts+1","Deflect","Cloak And Dagger+1","Leg Sweep","Terror+1","Leg Sweep","Adrenaline","Footwork","PiercingWail","Venomology"],"relics":["Ring of the Snake","OrangePellets","Dream Catcher","Singing Bowl","Busted Crown","Sling","Lantern","Darkstone Periapt","Frozen Egg 2","Bronze Scales","Blood Vial"],"potions_floor_usage":[10,12,22,23,25,31,33],"damage_taken":[{"damage":1,"enemies":"Cultist","floor":1,"turns":5},{"damage":0,"enemies":"2 Louse","floor":2,"turns":5},{"damage":0,"enemies":"Jaw Worm","floor":7,"turns":6},{"damage":4,"enemies":"Blue Slaver","floor":8,"turns":4},{"damage":0,"enemies":"Lots of Slimes","floor":10,"turns":5},{"damage":0,"enemies":"Looter","floor":12,"turns":4},{"damage":31,"enemies":"Hexaghost","floor":16,"turns":14},{"damage":0,"enemies":"Shell Parasite","floor":18,"turns":6},{"damage":0,"enemies":"Chosen","floor":19,"turns":6},{"damage":9,"enemies":"Shelled Parasite and Fungi","floor":21,"turns":7},{"damage":12,"enemies":"3 Cultists","floor":22,"turns":7},{"damage":22,"enemies":"Gremlin Leader","floor":23,"turns":8},{"damage":2,"enemies":"Slavers","floor":25,"turns":8},{"damage":0,"enemies":"Snake Plant","floor":27,"turns":6},{"damage":23,"enemies":"Gremlin Leader","floor":28,"turns":9},{"damage":20,"enemies":"Sentry and Sphere","floor":29,"turns":14},{"damage":0,"enemies":"Snecko","floor":31,"turns":8},{"damage":48,"enemies":"Automaton","floor":33,"turns":12}],"seed_played":"-4771831750973506348","potions_obtained":[{"floor":2,"key":"AttackPotion"},{"floor":7,"key":"Energy Potion"},{"floor":8,"key":"Swift Potion"},{"floor":16,"key":"Fire Potion"},{"floor":18,"key":"Energy Potion"},{"floor":23,"key":"AttackPotion"},{"floor":29,"key":"GamblersBrew"}],"is_trial":false,"path_per_floor":["M","M","?","$","T","R","M","M","T","M","R","M","R","?","R","B",null,"M","M","$","M","M","E","R","E","T","M","E","M","$","M","R","B"],"character_chosen":"THE_SILENT","items_purchased":["OrangePellets","Leg Sweep","Dagger Spray","Footwork","Sling","Blood Vial"],"campfire_rested":2,"item_purchase_floors":[4,4,4,20,20,30],"current_hp_per_floor":[58,58,58,58,58,58,58,54,54,54,54,54,54,54,54,23,55,57,59,59,50,40,20,44,44,44,46,25,5,5,9,36,0],"gold":25,"neow_bonus":"ONE_RANDOM_RARE_CARD","is_prod":false,"is_daily":false,"chose_seed":false,"campfire_upgraded":4,"win_rate":0,"timestamp":1554735789,"path_taken":["M","M","?","$","?","R","M","M","T","M","R","M","R","?","R","BOSS","M","M","$","M","M","E","R","E","T","M","E","M","$","M","R","BOSS"],"build_version":"2019-04-04","purchased_purges":1,"victory":false,"max_hp_per_floor":[66,66,66,66,66,66,66,66,66,66,66,66,66,66,66,66,66,68,70,70,70,72,74,76,78,78,80,82,82,82,84,86,86],"card_choices":[{"not_picked":["Sucker Punch","Masterful Stab"],"picked":"Deflect","floor":1},{"not_picked":["Deadly Poison","Distraction"],"picked":"Cloak And Dagger","floor":2},{"not_picked":["Acrobatics","Prepared"],"picked":"Terror","floor":7},{"not_picked":["Dagger Throw","Eviscerate","Deflect"],"picked":"SKIP","floor":8},{"not_picked":["Poisoned Stab","Endless Agony","Prepared"],"picked":"SKIP","floor":10},{"not_picked":["Bane","Acrobatics"],"picked":"Leg Sweep","floor":12},{"not_picked":["Venomology","A Thousand Cuts"],"picked":"Adrenaline","floor":16},{"not_picked":["Flying Knee"],"picked":"Singing Bowl","floor":18},{"not_picked":["Bane+1"],"picked":"Singing Bowl","floor":19},{"not_picked":[],"picked":"PiercingWail","floor":21},{"not_picked":["Slice"],"picked":"Singing Bowl","floor":22},{"not_picked":["Dagger Spray"],"picked":"Singing Bowl","floor":23},{"not_picked":["Crippling Poison"],"picked":"Singing Bowl","floor":24},{"not_picked":["Masterful Stab"],"picked":"Singing Bowl","floor":25},{"not_picked":["Sucker Punch"],"picked":"Singing Bowl","floor":27},{"not_picked":["Dagger Throw"],"picked":"Singing Bowl","floor":28},{"not_picked":[],"picked":"Venomology","floor":29},{"not_picked":["Prepared"],"picked":"Singing Bowl","floor":31},{"not_picked":["Reflex"],"picked":"Singing Bowl","floor":32}],"player_experience":924894,"relics_obtained":[{"floor":9,"key":"Dream Catcher"},{"floor":23,"key":"Lantern"},{"floor":25,"key":"Darkstone Periapt"},{"floor":26,"key":"Frozen Egg 2"},{"floor":28,"key":"Bronze Scales"}],"event_choices":[{"damage_healed":0,"gold_gain":275,"player_choice":"Desecrate","damage_taken":0,"max_hp_gain":0,"max_hp_loss":0,"event_name":"Golden Shrine","floor":3,"gold_loss":0,"cards_obtained":["Regret"]},{"cards_removed":["Dagger Spray"],"damage_healed":0,"gold_gain":0,"player_choice":"Gave Card","damage_taken":0,"relics_obtained":["Singing Bowl"],"max_hp_gain":0,"max_hp_loss":0,"event_name":"WeMeetAgain","floor":14,"gold_loss":0}],"is_beta":true,"boss_relics":[{"not_picked":["Pandora\u0027s Box","HoveringKite"],"picked":"Busted Crown"}],"items_purged_floors":[4],"is_endless":false,"potions_floor_spawned":[2,7,8,16,18,19,23,29],"killed_by":"Automaton","ascension_level":15}