{"gold_per_floor":[359,284,284,51,69,69,103,20,20,20,20,35,47,80,80,154,154,173,188,202,127,127,127,138,138,138,138,150,150,9,40,40,116,116,136,136,155,455,475,475,494,494,494,506,517,535,5,32,32,32,32],"floor_reached":51,"playtime":3241,"items_purged":["Strike_G","Strike_G"],"score":1414,"play_id":"01edd6c0-7b68-4834-b063-17ffa5398203","local_time":"20190417103832","is_ascension_mode":true,"campfire_choices":[{"data":"Apotheosis","floor":6.0,"key":"SMITH"},{"floor":11.0,"key":"REST"},{"data":"Neutralize","floor":15.0,"key":"SMITH"},{"data":"1","floor":23.0,"key":"LIFT"},{"data":"2","floor":25.0,"key":"LIFT"},{"data":"3","floor":27.0,"key":"LIFT"},{"data":"Noxious Fumes","floor":32.0,"key":"SMITH"},{"data":"After Image","floor":40.0,"key":"SMITH"},{"data":"Noxious Fumes","floor":42.0,"key":"SMITH"},{"data":"Noxious Fumes","floor":49.0,"key":"SMITH"}],"neow_cost":"CURSE","seed_source_timestamp":521639679215953,"circlet_count":0,"master_deck":["AscendersBane","Defend_G","Defend_G","Defend_G","Defend_G","Survivor","Neutralize+1","Noxious Fumes+1","Apotheosis+1","Cloak And Dagger","Cloak And Dagger","Noxious Fumes+1","Cloak And Dagger","Escape Plan","Crippling Poison+1","Escape Plan","Escape Plan","After Image+1","Sucker Punch+1","Glass Knife+1","A Thousand Cuts+1","Escape Plan+1","Escape Plan","Catalyst","Noxious Fumes+1","Catalyst"],"special_seed":0,"relics":["Ring of the Snake","Oddly Smooth Stone","Ninja Scroll","Girya","Cursed Key","Regal Pillow","Astrolabe","Lee\u0027s Waffle","Vajra","Potion Belt"],"potions_floor_usage":[51],"damage_taken":[{"damage":21.0,"enemies":"Jaw Worm","floor":1.0,"turns":5.0},{"damage":4.0,"enemies":"Small Slimes","floor":5.0,"turns":5.0},{"damage":3.0,"enemies":"Lagavulin","floor":7.0,"turns":7.0},{"damage":0.0,"enemies":"Cultist","floor":12.0,"turns":3.0},{"damage":0.0,"enemies":"Exordium Wildlife","floor":13.0,"turns":5.0},{"damage":8.0,"enemies":"Gremlin Nob","floor":14.0,"turns":4.0},{"damage":16.0,"enemies":"Slime Boss","floor":16.0,"turns":8.0},{"damage":2.0,"enemies":"2 Thieves","floor":18.0,"turns":5.0},{"damage":5.0,"enemies":"Spheric Guardian","floor":19.0,"turns":4.0},{"damage":0.0,"enemies":"Snake Plant","floor":20.0,"turns":4.0},{"damage":7.0,"enemies":"Centurion and Healer","floor":24.0,"turns":7.0},{"damage":0.0,"enemies":"Snecko","floor":28.0,"turns":4.0},{"damage":12.0,"enemies":"Slavers","floor":31.0,"turns":5.0},{"damage":16.0,"enemies":"Automaton","floor":33.0,"turns":12.0},{"damage":9.0,"enemies":"3 Darklings","floor":35.0,"turns":4.0},{"damage":0.0,"enemies":"Orb Walker","floor":37.0,"turns":3.0},{"damage":2.0,"enemies":"3 Darklings","floor":39.0,"turns":4.0},{"damage":0.0,"enemies":"Sphere and 2 Shapes","floor":41.0,"turns":4.0},{"damage":4.0,"enemies":"4 Shapes","floor":44.0,"turns":5.0},{"damage":0.0,"enemies":"3 Darklings","floor":45.0,"turns":5.0},{"damage":0.0,"enemies":"Transient","floor":46.0,"turns":6.0},{"damage":4.0,"enemies":"Giant Head","floor":48.0,"turns":7.0},{"damage":40.0,"enemies":"Awakened One","floor":50.0,"turns":14.0},{"damage":35,"enemies":"Time Eater","floor":51,"turns":5}],"seed_played":"6747206904841007665","potions_obtained":[{"floor":3.0,"key":"PowerPotion"},{"floor":3.0,"key":"Strength Potion"},{"floor":7.0,"key":"Fruit Juice"},{"floor":16.0,"key":"Swift Potion"},{"floor":18.0,"key":"SteroidPotion"},{"floor":19.0,"key":"Swift Potion"},{"floor":24.0,"key":"Poison Potion"},{"floor":31.0,"key":"SteroidPotion"},{"floor":33.0,"key":"LiquidBronze"},{"floor":35.0,"key":"FearPotion"},{"floor":41.0,"key":"Fruit Juice"}],"is_trial":false,"path_per_floor":["?","?","M","$","?","M","?","?","?","?","M"],"character_chosen":"THE_SILENT","items_purchased":["Noxious Fumes","Apotheosis","Noxious Fumes","Escape Plan","Catalyst","Lee\u0027s Waffle","Vajra","Noxious Fumes"],"campfire_rested":1,"item_purchase_floors":[4,4,8,30,47,47,47,47],"current_hp_per_floor":[38,38,38,38,34,34,36,36,36,36,57,57,57,49,49,33,62,60,55,55,55,69,69,62,62,62,62,62,62,62,50,50,34,62,53,53,53,53,51,51,56,56,56,52,52,52,79,75,75,35,0],"gold":32,"neow_bonus":"TWO_FIFTY_GOLD","is_prod":false,"is_daily":false,"chose_seed":false,"campfire_upgraded":6,"win_rate":0,"timestamp":1555515512,"path_taken":["M","?","?","$","?","R","E","?","T","?","R","M","M","E","R","BOSS","M","?","M","$","?","R","M","R","T","R","M","?","$","E","R","BOSS","M","?","M","?","?","R","M","R","T","M","M","M","$","E","R","BOSS","BOSS"],"build_version":"2019-01-23","purchased_purges":2,"victory":false,"max_hp_per_floor":[66,66,66,66,66,66,71,71,71,71,71,71,71,71,71,71,71,71,71,71,71,71,71,71,71,71,71,71,71,71,71,71,71,71,71,67,67,67,67,67,72,72,72,72,72,72,79,79,79,79,79],"card_choices":[{"not_picked":["Slice","Catalyst","Escape Plan"],"picked":"SKIP","floor":1.0},{"not_picked":["Underhanded Strike","Dagger Spray"],"picked":"Cloak And Dagger","floor":5.0},{"not_picked":["Grand Finale","Deflect"],"picked":"Cloak And Dagger","floor":7.0},{"not_picked":["Dodge and Roll","Choke"],"picked":"Cloak And Dagger","floor":12.0},{"not_picked":["Deadly Poison","Underhanded Strike"],"picked":"Escape Plan","floor":13.0},{"not_picked":["Heel Hook","Backstab","Cloak And Dagger"],"picked":"SKIP","floor":14.0},{"not_picked":["Deflect","Reflex"],"picked":"Crippling Poison+1","floor":18.0},{"not_picked":["Distraction","Dagger Spray","Outmaneuver"],"picked":"SKIP","floor":19.0},{"not_picked":["Sucker Punch","Masterful Stab","Flying Knee"],"picked":"SKIP","floor":20.0},{"not_picked":["Sucker Punch","Outmaneuver","Setup"],"picked":"SKIP","floor":24.0},{"not_picked":["Heel Hook","Sucker Punch","Well Laid Plans"],"picked":"SKIP","floor":28.0},{"not_picked":["Endless Agony","Riddle With Holes"],"picked":"Escape Plan","floor":31.0},{"not_picked":["Storm of Steel","Bullet Time"],"picked":"After Image","floor":33.0},{"not_picked":["Cloak And Dagger","Concentrate+1"],"picked":"Escape Plan+1","floor":35.0},{"not_picked":["Distraction+1","Sucker Punch"],"picked":"Escape Plan","floor":37.0},{"not_picked":["Dagger Spray","Venomology","Flying Knee+1"],"picked":"SKIP","floor":39.0},{"not_picked":["Dagger Spray","Sucker Punch","Riddle With Holes"],"picked":"SKIP","floor":41.0},{"not_picked":["Concentrate","Sucker Punch","Eviscerate"],"picked":"SKIP","floor":44.0},{"not_picked":["Deadly Poison","Endless Agony+1","Poisoned Stab"],"picked":"SKIP","floor":45.0},{"not_picked":["Setup","Dodge and Roll","Masterful Stab"],"picked":"SKIP","floor":46.0},{"not_picked":["PiercingWail","Heel Hook"],"picked":"Catalyst","floor":48.0}],"player_experience":433889,"relics_obtained":[{"floor":7.0,"key":"Oddly Smooth Stone"},{"floor":9.0,"key":"Ninja Scroll"},{"floor":14.0,"key":"Girya"},{"floor":31.0,"key":"Regal Pillow"},{"floor":48.0,"key":"Potion Belt"}],"event_choices":[{"cards_removed":["Regret"],"damage_healed":0.0,"max_hp_gain":0.0,"max_hp_loss":0.0,"gold_gain":0.0,"event_name":"The Cleric","player_choice":"Card Removal","floor":2.0,"gold_loss":75.0,"damage_taken":0.0},{"damage_healed":0.0,"max_hp_gain":0.0,"max_hp_loss":0.0,"gold_gain":0.0,"event_name":"Lab","player_choice":"Got Potions","floor":3.0,"gold_loss":0.0,"damage_taken":0.0},{"cards_removed":["Strike_G"],"damage_healed":0.0,"max_hp_gain":0.0,"max_hp_loss":0.0,"gold_gain":0.0,"event_name":"Purifier","player_choice":"Purged","floor":10.0,"gold_loss":0.0,"damage_taken":0.0},{"damage_healed":14.0,"max_hp_gain":0.0,"max_hp_loss":0.0,"gold_gain":0.0,"event_name":"The Library","player_choice":"Heal","floor":22.0,"gold_loss":0.0,"damage_taken":0.0},{"damage_healed":0.0,"max_hp_gain":0.0,"max_hp_loss":0.0,"gold_gain":0.0,"event_name":"N\u0027loth","player_choice":"Ignored","floor":29.0,"gold_loss":0.0,"damage_taken":0.0},{"damage_healed":0.0,"max_hp_gain":0.0,"max_hp_loss":4.0,"gold_gain":0.0,"event_name":"Winding Halls","player_choice":"Max HP","floor":36.0,"gold_loss":0.0,"damage_taken":0.0},{"damage_healed":0.0,"max_hp_gain":0.0,"max_hp_loss":0.0,"gold_gain":300.0,"event_name":"Wheel of Change","player_choice":"Gold","floor":38.0,"gold_loss":0.0,"damage_taken":0.0}],"is_beta":false,"boss_relics":[{"not_picked":["Busted Crown","Black Star"],"picked":"Cursed Key"},{"not_picked":["Velvet Choker","Runic Pyramid"],"picked":"Astrolabe"}],"items_purged_floors":[21,30],"is_endless":false,"potions_floor_spawned":[7,16,18,19,24,31,33,35,39,41],"killed_by":"Time Eater","ascension_level":20}