{"path_per_floor":["M","$","M","M","M","E","R","M","T","R","E","R","?","?","R","B",null,"M","?","$","$","M","E","R"],"character_chosen":"DEFECT","items_purchased":["Flash of Steel","Defragment","Gash","Vajra"],"gold_per_floor":[111,18,31,48,65,99,99,114,114,114,148,148,248,323,323,427,427,447,447,251,97,117,144,144,144],"floor_reached":25,"campfire_rested":0,"playtime":1044,"item_purchase_floors":[2,20,20,21],"current_hp_per_floor":[72,72,66,61,61,42,42,36,36,36,31,31,31,20,20,25,75,41,27,27,27,39,25,25,0],"items_purged":["Strike_B"],"gold":144,"score":240,"play_id":"5b019773-4ea0-4b86-a79a-2cacbf7a4847","local_time":"20180618235544","is_prod":false,"is_daily":false,"chose_seed":false,"is_ascension_mode":true,"campfire_upgraded":5,"win_rate":0.0,"timestamp":1529346344,"campfire_choices":[{"data":"Consume","floor":7,"key":"SMITH"},{"data":"Zap","floor":10,"key":"SMITH"},{"data":"Redo","floor":12,"key":"SMITH"},{"data":"Doom and Gloom","floor":15,"key":"SMITH"},{"data":"Defragment","floor":24,"key":"SMITH"}],"path_taken":["M","$","M","M","M","E","R","M","T","R","E","R","?","?","R","BOSS","M","?","?","$","M","E","R","?"],"build_version":"2018-06-14v2","seed_source_timestamp":46258525361240,"purchased_purges":1,"victory":false,"master_deck":["Strike_B","Strike_B","Strike_B","Defend_B","Defend_B","Defend_B","Defend_B","Zap+1","Dualcast","Consume+1","Flash of Steel","Doom and Gloom+1","Leap","Redo+1","Hologram","Conserve Battery","Seek","Cold Snap","Defragment+1","Gash","Compile Driver","Stack+1"],"max_hp_per_floor":[75,75,75,75,75,75,75,75,75,75,75,75,75,75,75,75,75,75,80,80,80,80,80,80,80],"relics":["Cracked Core","Bag of Marbles","Matryoshka","Meat on the Bone","Runic Dome","Vajra","Mummified Hand"],"card_choices":[{"not_picked":["BootSequence","Aggregate"],"picked":"Consume","floor":1},{"not_picked":["Self Repair","Leap"],"picked":"Doom and Gloom","floor":3},{"not_picked":["Blizzard","Self Repair"],"picked":"Leap","floor":4},{"not_picked":["Hologram","Steam","Self Repair"],"picked":"SKIP","floor":5},{"not_picked":["Static Discharge","Steam Power"],"picked":"Redo","floor":6},{"not_picked":["Force Field","Reprogram"],"picked":"Hologram","floor":8},{"not_picked":["Leap","Steam Power"],"picked":"Conserve Battery","floor":11},{"not_picked":["Amplify","Thunder Strike"],"picked":"Seek","floor":16},{"not_picked":["Consume","Heatsinks"],"picked":"Cold Snap","floor":18},{"not_picked":["Barrage","Steam"],"picked":"Compile Driver","floor":22},{"not_picked":["Doom and Gloom+1","Blizzard"],"picked":"Stack+1","floor":23}],"player_experience":11577,"potions_floor_usage":[11,16,23,23],"damage_taken":[{"damage":3,"enemies":"2 Louse","floor":1,"turns":2},{"damage":6,"enemies":"Cultist","floor":3,"turns":3},{"damage":5,"enemies":"Jaw Worm","floor":4,"turns":4},{"damage":0,"enemies":"Large Slime","floor":5,"turns":5},{"damage":19,"enemies":"3 Sentries","floor":6,"turns":6},{"damage":6,"enemies":"Looter","floor":8,"turns":3},{"damage":5,"enemies":"Gremlin Nob","floor":11,"turns":3},{"damage":7,"enemies":"Hexaghost","floor":16,"turns":8},{"damage":34,"enemies":"Chosen","floor":18,"turns":5},{"damage":0,"enemies":"Spheric Guardian","floor":22,"turns":3},{"damage":26,"enemies":"Slavers","floor":23,"turns":5},{"damage":36,"enemies":"Slaver and Parasite","floor":25,"turns":4}],"relics_obtained":[{"floor":6,"key":"Bag of Marbles"},{"floor":9,"key":"Matryoshka"},{"floor":11,"key":"Meat on the Bone"},{"floor":23,"key":"Mummified Hand"}],"event_choices":[{"event_name":"Wheel of Change","player_choice":"Gold","floor":13,"damage_taken":0},{"event_name":"World of Goop","player_choice":"Gather Gold","floor":14,"damage_taken":0},{"event_name":"Forgotten Altar","player_choice":"Shed Blood","floor":19,"damage_taken":0}],"boss_relics":[{"not_picked":["Black Star","Ectoplasm"],"picked":"Runic Dome"}],"items_purged_floors":[20],"is_endless":false,"potions_floor_spawned":[1,3,5,8,16,23],"seed_played":"588413393239067446","killed_by":"Slaver and Parasite","ascension_level":1,"potions_obtained":[{"floor":1,"key":"Swift Potion"},{"floor":3,"key":"Dexterity Potion"},{"floor":5,"key":"AttackPotion"},{"floor":16,"key":"PowerPotion"},{"floor":23,"key":"Block Potion"}],"is_trial":false}