{"gold_per_floor":[109,109,125,139,152,152,4,4,29,56,70,70,99,99,99,199,199,218,244,244,258,270,270,297,297,297,316,316],"floor_reached":28,"playtime":1194,"items_purged":[],"score":342,"play_id":"d21b75d3-3d3b-4acb-b8fc-3b13dab727ee","local_time":"20180824095419","is_ascension_mode":true,"campfire_choices":[{"data":"Zap","floor":6,"key":"SMITH"},{"data":"Go for the Eyes","floor":8,"key":"SMITH"},{"floor":12,"key":"REST"},{"data":"Defragment","floor":15,"key":"SMITH"},{"floor":23,"key":"REST"},{"floor":25,"key":"REST"}],"neow_cost":"","seed_source_timestamp":2304731886747,"circlet_count":0,"master_deck":["Defend_B","Defend_B","Defend_B","Defend_B","Zap+1","Dualcast","AscendersBane","Rip and Tear","Ball Lightning","Cold Snap","Go for the Eyes+1","Loop","Genetic Algorithm","Defragment+1","Conserve Battery","White Noise","Coolheaded","Capacitor+1","Consume+1","Storm+1","Barrage+1","Conserve Battery","Coolheaded","Lockon","Fusion","FTL"],"relics":["Cracked Core","Dream Catcher","Lantern","Centennial Puzzle","Astrolabe","Bag of Preparation","MutagenicStrength","Red Mask","Toxic Egg 2"],"potions_floor_usage":[11,11,28],"damage_taken":[{"damage":0,"enemies":"2 Louse","floor":1,"turns":3},{"damage":2,"enemies":"Small Slimes","floor":3,"turns":3},{"damage":2,"enemies":"Jaw Worm","floor":4,"turns":2},{"damage":0,"enemies":"2 Fungi Beasts","floor":5,"turns":4},{"damage":26,"enemies":"Lagavulin","floor":10,"turns":5},{"damage":29,"enemies":"Gremlin Gang","floor":11,"turns":3},{"damage":7,"enemies":"3 Sentries","floor":13,"turns":3},{"damage":1,"enemies":"The Guardian","floor":16,"turns":11},{"damage":28,"enemies":"2 Thieves","floor":18,"turns":3},{"damage":0,"enemies":"Shell Parasite","floor":21,"turns":5},{"damage":13,"enemies":"Cultist and Chosen","floor":22,"turns":5},{"damage":27,"enemies":"Masked Bandits","floor":24,"turns":4},{"damage":8,"enemies":"Centurion and Healer","floor":27,"turns":5},{"damage":5,"enemies":"Shelled Parasite and Fungi","floor":28,"turns":2}],"seed_played":"-5549285780820060138","potions_obtained":[{"floor":1,"key":"LiquidBronze"},{"floor":3,"key":"PowerPotion"},{"floor":13,"key":"Energy Potion"},{"floor":16,"key":"Ancient Potion"},{"floor":21,"key":"Explosive Potion"}],"is_trial":false,"path_per_floor":["M","?","M","M","M","R","$","R","T","E","M","R","E","?","R","B",null,"M","T","?","M","M","R","?","R","T","M"],"character_chosen":"DEFECT","items_purchased":["Loop","Genetic Algorithm"],"campfire_rested":3,"item_purchase_floors":[7,7],"current_hp_per_floor":[68,61,59,57,57,57,57,57,57,31,2,24,17,17,17,16,60,32,32,32,32,19,41,14,36,36,28,23],"gold":316,"neow_bonus":"","is_prod":false,"is_daily":false,"chose_seed":false,"campfire_upgraded":3,"win_rate":0,"timestamp":1535084659,"path_taken":["M","?","M","M","?","R","$","R","T","E","M","R","E","?","R","BOSS","M","?","?","M","M","R","?","R","T","M","?"],"build_version":"2018-08-23","purchased_purges":0,"victory":false,"max_hp_per_floor":[75,75,75,75,75,75,75,75,75,75,75,75,75,75,75,75,75,75,75,75,75,75,75,75,75,75,75,75],"card_choices":[{"not_picked":["Blizzard","White Noise"],"picked":"Rip and Tear","floor":1},{"not_picked":["Aggregate","Rebound"],"picked":"Ball Lightning","floor":3},{"not_picked":["Storm","Steam"],"picked":"Cold Snap","floor":4},{"not_picked":["Cold Snap","Conserve Battery"],"picked":"Go for the Eyes","floor":5},{"not_picked":["Turbo","Loop"],"picked":"Defragment","floor":10},{"not_picked":["Stack","Chaos"],"picked":"Conserve Battery","floor":11},{"not_picked":["Hologram","Aggregate"],"picked":"White Noise","floor":12},{"not_picked":["Tempest","Stack"],"picked":"Coolheaded","floor":13},{"not_picked":["Gash","Ball Lightning"],"picked":"Barrage+1","floor":18},{"not_picked":["Doom and Gloom","Redo"],"picked":"Conserve Battery","floor":21},{"not_picked":["Consume","Beam Cell"],"picked":"Coolheaded","floor":22},{"not_picked":["Skim+1","Hologram"],"picked":"Lockon","floor":23},{"not_picked":["Beam Cell+1","Stack"],"picked":"Fusion","floor":24},{"not_picked":["Cold Snap+1","Undo"],"picked":"FTL","floor":25},{"not_picked":["Lockon","Skim+1","Redo+1"],"picked":"SKIP","floor":27}],"player_experience":472557,"relics_obtained":[{"floor":9,"key":"Dream Catcher"},{"floor":10,"key":"Lantern"},{"floor":13,"key":"Centennial Puzzle"},{"floor":19,"key":"Bag of Preparation"},{"floor":24,"key":"Red Mask"},{"floor":26,"key":"Toxic Egg 2"}],"event_choices":[{"event_name":"Golden Wing","player_choice":"Card Removal","floor":2,"damage_taken":0},{"event_name":"Liars Game","player_choice":"disagreed","floor":14,"damage_taken":0},{"event_name":"Drug Dealer","player_choice":"Inject Mutagens","floor":20,"damage_taken":0},{"event_name":"Masked Bandits","player_choice":"Fought Bandits","floor":24,"damage_taken":0}],"is_beta":true,"boss_relics":[{"not_picked":["Runic Pyramid","Pandora\u0027s Box"],"picked":"Astrolabe"}],"items_purged_floors":[],"is_endless":false,"potions_floor_spawned":[1,3,13,16,21],"killed_by":"Shelled Parasite and Fungi","ascension_level":10}