{"path_per_floor":["M","$","?","$","?","E","R","?","T","R","E","T","?","M","R","B",null,"M","M","?","?","M","R"],"character_chosen":"DEFECT","items_purchased":["Capacitor","Chaos"],"gold_per_floor":[110,5,5,5,5,69,69,69,122,122,147,170,170,190,190,294,294,311,331,331,331,351,351,351],"floor_reached":24,"campfire_rested":0,"playtime":558,"current_hp_per_floor":[68,68,68,68,68,68,68,68,68,68,75,75,75,75,75,49,69,69,65,65,65,50,50,0],"items_purged":[],"gold":351,"score":375,"play_id":"cca148bd-1b8d-4fa3-aa70-b99e4e0a9d76","local_time":"20180508230117","is_prod":false,"is_daily":false,"chose_seed":false,"is_ascension_mode":true,"campfire_upgraded":4,"timestamp":1525791677,"path_taken":["M","$","?","$","?","E","R","?","T","R","E","?","?","M","R","BOSS","M","M","?","?","M","R","E"],"build_version":"2018-05-07","seed_source_timestamp":196237262330126,"purchased_purges":0,"victory":false,"master_deck":["Strike_B","Strike_B","Strike_B","Defend_B","Defend_B","Defend_B","Defend_B","Zap+1","Dualcast+1","AscendersBane","Self Repair","Capacitor+1","Chaos+1","Chill","Seek","Thunder Strike","Buffer+1","Seek","Capacitor","Leap","Chaos+1","Double Energy"],"max_hp_per_floor":[75,75,75,75,75,75,75,75,75,75,75,75,75,75,75,75,75,75,75,75,75,75,75,75],"relics":["Cracked Core","NeowsBlessing","Tiny Chest","Dream Catcher","Omamori","DataDisk","Nuclear Battery"],"card_choices":[{"not_picked":["Hologram","Axe Kick"],"picked":"Self Repair","floor":1},{"not_picked":["Coolheaded","Scrape"],"picked":"Chill","floor":6},{"not_picked":["Thunder Strike","Redo"],"picked":"Seek","floor":11},{"not_picked":["Sunder","Chaos"],"picked":"Buffer","floor":14},{"not_picked":["Rainbow","Hyperbeam"],"picked":"Seek","floor":16},{"not_picked":["Axe Kick","Steam Power"],"picked":"Capacitor","floor":18},{"not_picked":["Rebound","Hello World"],"picked":"Leap","floor":19},{"not_picked":["Reprogram","Heatsinks"],"picked":"Double Energy","floor":22}],"player_experience":969275,"potions_floor_usage":[22,24],"damage_taken":[{"damage":0,"enemies":"Jaw Worm","floor":1,"turns":1},{"damage":0,"enemies":"3 Sentries","floor":6,"turns":1},{"damage":0,"enemies":"Lagavulin","floor":11,"turns":1},{"damage":3,"enemies":"2 Louse","floor":14,"turns":4},{"damage":33,"enemies":"The Guardian","floor":16,"turns":11},{"damage":7,"enemies":"2 Thieves","floor":18,"turns":4},{"damage":11,"enemies":"Chosen","floor":19,"turns":7},{"damage":29,"enemies":"Snake Plant","floor":22,"turns":5},{"damage":61,"enemies":"Gremlin Leader","floor":24,"turns":4}],"event_choices":[{"event_name":"The Cleric","player_choice":"Leave","floor":3,"damage_taken":0},{"event_name":"Living Wall","player_choice":"Grow","floor":5,"damage_taken":0},{"event_name":"The Woman in Blue","player_choice":"Bought 0 Potions","floor":8,"damage_taken":0},{"event_name":"Transmorgrifier","player_choice":"Transform","floor":13,"damage_taken":0},{"event_name":"Ghosts","player_choice":"Ignored","floor":20,"damage_taken":0},{"event_name":"Duplicator","player_choice":"One dupe","floor":21,"damage_taken":0}],"boss_relics":[{"not_picked":["Black Star","Tiny House"],"picked":"Nuclear Battery"}],"potions_floor_spawned":[11,16,19],"seed_played":"28377499020478156","killed_by":"Gremlin Leader","ascension_level":10,"is_trial":false}