{"gold_per_floor":[116,291,118,137,137,172,172,229,229,243,261,261,271,283,283,387,387,403,413,14,27,41,68,78,78,129,164,180,180,208,218,218,319,319,330,330,430,445,1,28,128,128,200,215,225,258,258,276,276,276],"floor_reached":51,"playtime":2560,"items_purged":["Doubt","Strike_R"],"score":831,"play_id":"cfe08641-5f95-4f9a-a164-8e1ec4a3e63b","local_time":"20190421163031","is_ascension_mode":false,"campfire_choices":[{"data":"Armaments","floor":7.0,"key":"SMITH"},{"data":"Havoc","floor":12.0,"key":"SMITH"},{"data":"Offering","floor":15.0,"key":"SMITH"},{"floor":25.0,"key":"REST"},{"floor":29.0,"key":"REST"},{"floor":32.0,"key":"REST"},{"floor":42.0,"key":"REST"},{"data":"Demon Form","floor":47,"key":"SMITH"},{"floor":49,"key":"REST"}],"neow_cost":"NONE","seed_source_timestamp":796282114143400,"circlet_count":0,"master_deck":["Strike_R","Strike_R","Strike_R","Strike_R","Defend_R","Defend_R","Defend_R","Defend_R","Bash+1","Wild Strike","Armaments+1","Headbutt+1","Thunderclap+1","Havoc+1","Offering+1","Dark Embrace","Rupture","Battle Trance","Feel No Pain","Panache","Uppercut+1","Feel No Pain","Impervious","Flex+1","Havoc+1","Whirlwind+1","Inflame+1","Iron Wave","Demon Form+1","Havoc+1","Madness","Madness","Feel No Pain+1","Shrug It Off","Combust","Juggernaut","Metallicize","Ghostly Armor+1","Shockwave+1"],"special_seed":0,"relics":["Burning Blood","Regal Pillow","Peace Pipe","Tiny Chest","StoneCalendar","Sozu","Lantern","Whetstone","Anchor","Potion Belt","Paper Frog","Mark of Pain","Girya","Kunai","Centennial Puzzle","Self Forming Clay","Vajra"],"potions_floor_usage":[],"damage_taken":[{"damage":3.0,"enemies":"Small Slimes","floor":1.0,"turns":3.0},{"damage":1.0,"enemies":"Jaw Worm","floor":4.0,"turns":3.0},{"damage":14.0,"enemies":"Gremlin Nob","floor":6.0,"turns":3.0},{"damage":17.0,"enemies":"Lagavulin","floor":8.0,"turns":9.0},{"damage":1.0,"enemies":"2 Louse","floor":10.0,"turns":2.0},{"damage":0.0,"enemies":"Looter","floor":11.0,"turns":3.0},{"damage":0.0,"enemies":"Lots of Slimes","floor":13.0,"turns":3.0},{"damage":0.0,"enemies":"2 Fungi Beasts","floor":14.0,"turns":3.0},{"damage":33.0,"enemies":"The Guardian","floor":16.0,"turns":12.0},{"damage":7.0,"enemies":"3 Byrds","floor":18.0,"turns":4.0},{"damage":6.0,"enemies":"Chosen","floor":19.0,"turns":3.0},{"damage":12.0,"enemies":"3 Cultists","floor":21.0,"turns":3.0},{"damage":21.0,"enemies":"Chosen and Byrds","floor":22.0,"turns":5.0},{"damage":33.0,"enemies":"Gremlin Leader","floor":23.0,"turns":6.0},{"damage":14.0,"enemies":"Snecko","floor":24.0,"turns":3.0},{"damage":34.0,"enemies":"Book of Stabbing","floor":27.0,"turns":4.0},{"damage":5.0,"enemies":"Centurion and Healer","floor":28.0,"turns":5.0},{"damage":38.0,"enemies":"Slavers","floor":30.0,"turns":7.0},{"damage":0.0,"enemies":"Snake Plant","floor":31.0,"turns":2.0},{"damage":68.0,"enemies":"Champ","floor":33.0,"turns":10.0},{"damage":2.0,"enemies":"3 Shapes","floor":35.0,"turns":7.0},{"damage":13.0,"enemies":"Mind Bloom Boss Battle","floor":37.0,"turns":5.0},{"damage":0.0,"enemies":"Orb Walker","floor":38.0,"turns":3.0},{"damage":34.0,"enemies":"Reptomancer","floor":40.0,"turns":7.0},{"damage":21.0,"enemies":"Transient","floor":44.0,"turns":5.0},{"damage":6.0,"enemies":"4 Shapes","floor":45.0,"turns":3.0},{"damage":10,"enemies":"Nemesis","floor":46,"turns":5},{"damage":9,"enemies":"Sphere and 2 Shapes","floor":48,"turns":4},{"damage":72,"enemies":"Time Eater","floor":50,"turns":13}],"seed_played":"-117563508012842712","potions_obtained":[{"floor":1.0,"key":"EssenceOfSteel"},{"floor":10.0,"key":"SpeedPotion"},{"floor":11.0,"key":"Explosive Potion"},{"floor":14.0,"key":"SneckoOil"}],"is_trial":false,"path_per_floor":["M","?","$","M","?","E","R","E","T","M","M","R","M","M","R","B",null,"M","M","$","M","M","E","M","R","T","E","M","R","E","M","R","B",null,"M","?","?","M","$","E","?","R","T","M","M","E","R","M","R","B",null],"character_chosen":"IRONCLAD","items_purchased":["Armaments","Fire Potion","Feel No Pain","Lantern","Panache","Kunai","Shrug It Off","Combust"],"campfire_rested":5,"item_purchase_floors":[3,3,20,20,20,39,39,39],"current_hp_per_floor":[80,80,80,80,64,56,56,45,45,50,56,56,62,68,68,41,80,79,79,79,73,58,31,23,62,62,34,35,74,42,48,80,18,80,80,70,63,69,69,41,41,80,80,65,65,61,61,58,80,14],"gold":276,"neow_bonus":"RANDOM_COMMON_RELIC","is_prod":false,"is_daily":false,"chose_seed":false,"campfire_upgraded":4,"win_rate":1,"timestamp":1555889431,"path_taken":["M","?","$","M","?","E","R","E","T","M","M","R","M","M","R","BOSS","M","M","$","M","M","E","M","R","T","E","M","R","E","M","R","BOSS","M","?","?","M","$","E","?","R","T","?","M","E","R","M","R","BOSS"],"build_version":"2019-01-23","purchased_purges":2,"victory":true,"max_hp_per_floor":[80,80,80,80,80,80,80,80,80,80,80,80,80,80,80,80,80,80,80,80,80,80,80,80,80,80,80,80,80,80,80,80,80,80,80,80,80,80,80,80,80,80,80,80,80,80,80,80,80,80],"card_choices":[{"not_picked":["Cleave","Second Wind"],"picked":"Wild Strike","floor":1.0},{"not_picked":["Wild Strike","Iron Wave"],"picked":"Headbutt","floor":4.0},{"not_picked":["Heavy Blade","Hemokinesis","Dropkick"],"picked":"SKIP","floor":6.0},{"not_picked":["Dual Wield","Pummel"],"picked":"Thunderclap","floor":8.0},{"not_picked":["Rupture","Havoc","Sword Boomerang"],"picked":"SKIP","floor":10.0},{"not_picked":["Entrench","Heavy Blade"],"picked":"Havoc","floor":11.0},{"not_picked":["Dropkick","Carnage"],"picked":"Offering","floor":13.0},{"not_picked":["Clash","Thunderclap","Body Slam"],"picked":"SKIP","floor":14.0},{"not_picked":["Offering","Berserk"],"picked":"Dark Embrace","floor":16.0},{"not_picked":["Perfected Strike","Iron Wave"],"picked":"Rupture","floor":18.0},{"not_picked":["Reckless Charge","Body Slam+1"],"picked":"Battle Trance","floor":19.0},{"not_picked":["Clash+1","Havoc"],"picked":"Uppercut","floor":21.0},{"not_picked":["Shrug It Off","Thunderclap"],"picked":"Feel No Pain","floor":22.0},{"not_picked":["Pummel+1","Perfected Strike"],"picked":"Impervious","floor":23.0},{"not_picked":["Thunderclap","Perfected Strike+1"],"picked":"Flex+1","floor":24.0},{"not_picked":["Seeing Red","Iron Wave"],"picked":"Havoc+1","floor":27.0},{"not_picked":["Twin Strike","Entrench+1"],"picked":"Whirlwind+1","floor":28.0},{"not_picked":["Berserk","Juggernaut"],"picked":"Inflame+1","floor":30.0},{"not_picked":["Wild Strike","Sever Soul"],"picked":"Iron Wave","floor":31.0},{"not_picked":["Double Tap","Impervious"],"picked":"Demon Form","floor":33.0},{"not_picked":["Headbutt+1","Shrug It Off"],"picked":"Havoc+1","floor":35.0},{"not_picked":["Intimidate","Wild Strike"],"picked":"Feel No Pain+1","floor":37.0},{"not_picked":["Cleave","Pummel","Fire Breathing+1"],"picked":"SKIP","floor":38.0},{"not_picked":["Cleave","Pummel","Fire Breathing+1"],"picked":"SKIP","floor":38.0},{"not_picked":["Flex","Pommel Strike+1"],"picked":"Juggernaut","floor":40.0},{"not_picked":["Body Slam+1","Flex+1","Dual Wield"],"picked":"SKIP","floor":44.0},{"not_picked":["Entrench","Evolve"],"picked":"Metallicize","floor":45.0},{"not_picked":["Sentinel+1","Body Slam+1"],"picked":"Ghostly Armor+1","floor":46},{"not_picked":["Searing Blow","Twin Strike"],"picked":"Shockwave+1","floor":48}],"player_experience":482261,"relics_obtained":[{"floor":6.0,"key":"Peace Pipe"},{"floor":8.0,"key":"Tiny Chest"},{"floor":9.0,"key":"StoneCalendar"},{"floor":23.0,"key":"Whetstone"},{"floor":26.0,"key":"Anchor"},{"floor":27.0,"key":"Potion Belt"},{"floor":30.0,"key":"Paper Frog"},{"floor":37.0,"key":"Girya"},{"floor":40.0,"key":"Centennial Puzzle"},{"floor":43.0,"key":"Self Forming Clay"},{"floor":46,"key":"Vajra"}],"event_choices":[{"damage_healed":0.0,"max_hp_gain":0.0,"max_hp_loss":0.0,"gold_gain":175.0,"event_name":"Liars Game","player_choice":"AGREE","floor":2.0,"gold_loss":0.0,"damage_taken":0.0,"cards_obtained":["Doubt"]},{"damage_healed":0.0,"max_hp_gain":0.0,"max_hp_loss":0.0,"gold_gain":0.0,"event_name":"Shining Light","player_choice":"Entered Light","floor":5.0,"gold_loss":0.0,"damage_taken":16.0,"cards_upgraded":["Bash","Headbutt"]},{"damage_healed":0.0,"max_hp_gain":0.0,"max_hp_loss":0.0,"gold_gain":0.0,"event_name":"Winding Halls","player_choice":"Embrace Madness","floor":36.0,"gold_loss":0.0,"damage_taken":10.0,"cards_obtained":["Madness","Madness"]},{"damage_healed":0.0,"max_hp_gain":0.0,"max_hp_loss":0.0,"gold_gain":0.0,"event_name":"MindBloom","player_choice":"Fight","floor":37.0,"gold_loss":0.0,"damage_taken":0.0},{"damage_healed":0.0,"max_hp_gain":0.0,"max_hp_loss":0.0,"gold_gain":100.0,"event_name":"Golden Shrine","player_choice":"Pray","floor":41.0,"gold_loss":0.0,"damage_taken":0.0}],"is_beta":false,"boss_relics":[{"not_picked":["Calling Bell","Tiny House"],"picked":"Sozu"},{"not_picked":["White Beast Statue","Black Star"],"picked":"Mark of Pain"}],"items_purged_floors":[3,39],"is_endless":false,"potions_floor_spawned":[1,10,11,14,18,22,23,30,35,37,38,40],"ascension_level":0}