{"path_per_floor":["M","?","M","$","M","R","E","R","T","E","R","M","R","M","R","B",null,"M","?","$","T","M","E","R","E","T","?","R","M","R","E","R","B",null,"M","?","?","?","M","R","E","R","T","M","$","E","M","M","R","B"],"character_chosen":"IRONCLAD","items_purchased":["Flex","Bag of Marbles","Blood Vial","Omamori"],"gold_per_floor":[118,118,137,8,19,19,48,48,94,126,126,145,145,160,160,264,264,280,280,25,51,70,99,99,134,157,157,157,172,172,199,199,295,295,306,353,353,353,371,371,396,396,419,429,0,25,45,57,57,57],"floor_reached":51,"campfire_rested":3,"playtime":2755,"current_hp_per_floor":[45,38,29,29,21,45,28,52,52,30,54,59,59,57,57,41,80,80,80,80,80,78,80,80,70,70,70,70,59,59,56,56,28,80,72,59,59,79,80,80,66,66,66,67,67,83,68,77,77,49],"items_purged":["Strike_R","Defend_R","Writhe"],"gold":57,"play_id":"6b00386b-4067-42fb-8040-765d206c4962","is_prod":false,"is_daily":false,"is_ascension_mode":true,"campfire_upgraded":9,"path_taken":["M","?","M","?","M","R","E","R","T","E","R","M","R","?","R","BOSS","M","?","?","?","?","E","R","E","T","?","R","M","R","E","R","BOSS","M","?","?","?","M","R","E","R","T","M","$","E","M","M","R","BOSS"],"build_version":"2018-01-25-PROD3","purchased_purges":3,"victory":true,"master_deck":["Bash+1","Infernal Blade+1","Whirlwind+1","Flex+1","Spot Weakness","Rampage+1","Clothesline","Clash+1","Thunderclap","Brutality+1","Pommel Strike+1","Fire Breathing+1","Combust+1","Flex+1","Headbutt","Bludgeon","Shrug It Off","Blood for Blood","Flex","Heavy Blade+1","Anger","Battle Trance","Warcry+1","Cleave+1","Clash+1"],"max_hp_per_floor":[80,80,80,80,80,80,80,80,80,80,80,80,80,80,80,80,80,80,80,80,80,80,80,80,80,80,80,80,80,80,80,80,80,80,80,80,80,80,80,80,80,80,80,80,80,87,87,87,87,87],"relics":["Burning Blood","Bird Faced Urn","Oddly Smooth Stone","Bronze Scales","Orichalcum","Sozu","Bag of Marbles","Happy Flower","Prayer Wheel","Art of War","Juzu Bracelet","Anchor","Pandora\u0027s Box","Thread and Needle","Vajra","Bag of Preparation","Blood Vial","Omamori","Strawberry"],"card_choices":[{"not_picked":["Anger","True Grit"],"picked":"Infernal Blade"},{"not_picked":["Inflame","Flame Barrier"],"picked":"Whirlwind"},{"not_picked":["Hemokinesis","Havoc"],"picked":"Spot Weakness"},{"not_picked":["Perfected Strike","Rupture"],"picked":"Rampage"},{"not_picked":["Perfected Strike","Metallicize"],"picked":"Clothesline"},{"not_picked":["Body Slam","Combust"],"picked":"Clash"},{"not_picked":["Infernal Blade","Sword Boomerang"],"picked":"Thunderclap"},{"not_picked":["Juggernaut","Dark Embrace"],"picked":"Brutality"},{"not_picked":["Headbutt","Armaments"],"picked":"Pommel Strike"},{"not_picked":["True Grit","Armaments"],"picked":"Fire Breathing"},{"not_picked":["Rage","Power Through"],"picked":"Combust"},{"not_picked":["Spot Weakness","Twin Strike"],"picked":"Flex"},{"not_picked":["Fiend Fire","Combust"],"picked":"Headbutt"},{"not_picked":["Fiend Fire","Impervious"],"picked":"Bludgeon"},{"not_picked":["Intimidate","Ghostly Armor"],"picked":"Battle Trance"},{"not_picked":["Armaments","Ghostly Armor"],"picked":"Warcry"},{"not_picked":["Thunderclap","Armaments"],"picked":"Cleave"},{"not_picked":["Iron Wave","Intimidate"],"picked":"Clash"}],"player_experience":189892,"potions_floor_usage":[],"damage_taken":[{"damage":1.0,"enemies":"Cultist","floor":1.0,"turns":3.0},{"damage":15.0,"enemies":"Small Slimes","floor":3.0,"turns":3.0},{"damage":14.0,"enemies":"Blue Slaver","floor":5.0,"turns":4.0},{"damage":23.0,"enemies":"Gremlin Nob","floor":7.0,"turns":4.0},{"damage":28.0,"enemies":"3 Sentries","floor":10.0,"turns":5.0},{"damage":1.0,"enemies":"Exordium Wildlife","floor":12.0,"turns":3.0},{"damage":8,"enemies":"Red Slaver","floor":14,"turns":2},{"damage":22,"enemies":"Hexaghost","floor":16,"turns":8},{"damage":0,"enemies":"3 Byrds","floor":18,"turns":3},{"damage":8,"enemies":"Chosen","floor":22,"turns":3},{"damage":0,"enemies":"Gremlin Leader","floor":23,"turns":3},{"damage":20,"enemies":"Book of Stabbing","floor":25,"turns":3},{"damage":19,"enemies":"Snake Plant","floor":29,"turns":2},{"damage":13,"enemies":"Slavers","floor":31,"turns":2},{"damage":40,"enemies":"Automaton","floor":33,"turns":6},{"damage":14,"enemies":"3 Darklings","floor":35,"turns":3},{"damage":23,"enemies":"Mysterious Sphere","floor":36,"turns":2},{"damage":6,"enemies":"3 Shapes","floor":39,"turns":1},{"damage":21,"enemies":"Nemesis","floor":41,"turns":4},{"damage":9,"enemies":"Sphere and 2 Shapes","floor":44,"turns":3},{"damage":3,"enemies":"Giant Head","floor":46,"turns":4},{"damage":25,"enemies":"4 Shapes","floor":47,"turns":2},{"damage":1,"enemies":"3 Darklings","floor":48,"turns":2},{"damage":42,"enemies":"Donu and Deca","floor":50,"turns":5}],"event_choices":[{"event_name":"Golden Wing","player_choice":"Card Removal","floor":2.0,"damage_taken":0.0},{"event_name":"N\u0027loth","player_choice":"Ignored","floor":19,"damage_taken":0},{"event_name":"Purifier","player_choice":"One Purge","floor":27,"damage_taken":0},{"event_name":"Mysterious Sphere","player_choice":"Fight","floor":36,"damage_taken":0},{"event_name":"Tomb of Lord Red Mask","player_choice":"Ignored","floor":37,"damage_taken":0},{"event_name":"Winding Halls","player_choice":"Writhe","floor":38,"damage_taken":0}],"boss_relics":[{"not_picked":["Question Card","Cursed Key"],"picked":"Sozu"},{"not_picked":["Astrolabe","Lizard Tail"],"picked":"Pandora\u0027s Box"}],"potions_floor_spawned":[3,5,10,12,14,18,25,29,36,41,47,48],"seed_played":"-7165151667267042723","ascension_level":2,"is_trial":false}