{"gold_per_floor":[113,38,38,48,123,139,139,169,169,188,188,223,223,256,256,352,402,419,434,434,349,365,400,400,300,351,351,382,58,58],"floor_reached":30,"playtime":8070,"items_purged":["Strike_B","Defend_B"],"score":309,"play_id":"f5ff5363-3b43-40a2-9d96-aaecf01544b5","local_time":"20181208200534","is_ascension_mode":false,"campfire_choices":[{"floor":7,"key":"REST"},{"floor":11,"key":"REST"},{"floor":15,"key":"REST"},{"data":"Defragment","floor":27,"key":"SMITH"}],"neow_cost":"NONE","seed_source_timestamp":1363102089431030,"circlet_count":0,"master_deck":["Defend_B+1","Defend_B+1","Defend_B+1","Zap","Dualcast+1","Hologram","Hologram","BootSequence+1","Loop","Creative AI","BootSequence","Biased Cognition","Cold Snap+1","Defragment+1","Bite","Bite","Bite","Bite","Bite","Cold Snap","Loop+1","RitualDagger","Coolheaded","Thinking Ahead"],"relics":["Cracked Core","Question Card","Pen Nib","Pear","Juzu Bracelet","Orichalcum","Tiny House","StoneCalendar","Centennial Puzzle","War Paint","Strawberry","Lantern"],"potions_floor_usage":[14,23,28],"damage_taken":[{"damage":6,"enemies":"Jaw Worm","floor":1,"turns":3},{"damage":1,"enemies":"Cultist","floor":4,"turns":4},{"damage":0,"enemies":"2 Louse","floor":6,"turns":4},{"damage":24,"enemies":"Gremlin Nob","floor":8,"turns":4},{"damage":0,"enemies":"Blue Slaver","floor":10,"turns":5},{"damage":18,"enemies":"Lagavulin","floor":12,"turns":8},{"damage":30,"enemies":"Gremlin Nob","floor":14,"turns":5},{"damage":17,"enemies":"Slime Boss","floor":16,"turns":8},{"damage":4,"enemies":"Chosen","floor":18,"turns":6},{"damage":3,"enemies":"Shell Parasite","floor":19,"turns":9},{"damage":23,"enemies":"Shelled Parasite and Fungi","floor":22,"turns":7},{"damage":29,"enemies":"Slavers","floor":23,"turns":7},{"damage":23,"enemies":"Gremlin Leader","floor":28,"turns":7},{"damage":37,"enemies":"Slavers","floor":30,"turns":3}],"seed_played":"-2241961483521203655","potions_obtained":[{"floor":4,"key":"Strength Potion"},{"floor":6,"key":"Ancient Potion"},{"floor":8,"key":"PowerPotion"},{"floor":17,"key":"Explosive Potion"}],"is_trial":false,"path_per_floor":["M","$","?","M","?","M","R","E","T","M","R","E","?","E","R","B",null,"M","M","?","?","M","E","?","$","T","R","E","$","E"],"character_chosen":"DEFECT","items_purchased":["Thinking Ahead","Lantern"],"campfire_rested":3,"item_purchase_floors":[29,29],"current_hp_per_floor":[76,76,51,50,39,39,63,39,49,49,76,58,40,10,37,20,97,93,90,67,67,54,41,35,35,35,35,31,31,0],"gold":58,"neow_bonus":"TEN_PERCENT_HP_BONUS","is_prod":false,"is_daily":false,"chose_seed":false,"campfire_upgraded":1,"win_rate":0.0,"timestamp":1544317534,"path_taken":["M","$","?","M","?","?","R","E","T","M","R","E","?","E","R","BOSS","M","M","?","?","M","E","?","$","T","R","E","?","E"],"build_version":"2018-11-15","purchased_purges":2,"victory":false,"max_hp_per_floor":[82,82,82,82,82,82,82,82,92,92,92,92,92,92,92,92,97,97,97,67,67,67,67,67,67,67,67,74,74,74],"card_choices":[{"not_picked":["Redo","Heatsinks","Doom and Gloom"],"picked":"SKIP","floor":1},{"not_picked":["Steam","Gash","Ball Lightning"],"picked":"Hologram","floor":4},{"not_picked":["Gash","Streamline","Steam"],"picked":"Hologram","floor":6},{"not_picked":["Genetic Algorithm","Conserve Battery","Steam Power"],"picked":"BootSequence","floor":8},{"not_picked":["Go for the Eyes","Leap","Steam"],"picked":"Loop","floor":10},{"not_picked":["Stack","Reinforced Body","Barrage"],"picked":"Creative AI","floor":12},{"not_picked":["Compile Driver","Streamline","Stack"],"picked":"BootSequence","floor":14},{"not_picked":["Creative AI","Reboot","All For One"],"picked":"Biased Cognition","floor":16},{"not_picked":["Beam Cell+1","Blizzard","Skim"],"picked":"Cold Snap+1","floor":18},{"not_picked":["Aggregate","Compile Driver+1","Barrage+1"],"picked":"Defragment","floor":19},{"not_picked":["Skim","Beam Cell","Blizzard"],"picked":"Cold Snap","floor":22},{"not_picked":["Double Energy","Steam Power","Cold Snap+1"],"picked":"Loop+1","floor":23},{"not_picked":["Darkness+1","Amplify","Tempest+1"],"picked":"Coolheaded","floor":28}],"player_experience":44804,"relics_obtained":[{"floor":8,"key":"Pen Nib"},{"floor":9,"key":"Pear"},{"floor":12,"key":"Juzu Bracelet"},{"floor":14,"key":"Orichalcum"},{"floor":23,"key":"Centennial Puzzle"},{"floor":26,"key":"War Paint"},{"floor":28,"key":"Strawberry"}],"event_choices":[{"damage_healed":0,"gold_gain":0,"player_choice":"Success","damage_taken":25,"relics_obtained":["Question Card"],"max_hp_gain":0,"max_hp_loss":0,"event_name":"Scrap Ooze","floor":3,"gold_loss":0},{"damage_healed":0,"gold_gain":75,"player_choice":"Gather Gold","damage_taken":11,"max_hp_gain":0,"max_hp_loss":0,"event_name":"World of Goop","floor":5,"gold_loss":0},{"damage_healed":0,"gold_gain":0,"player_choice":"Entered Light","damage_taken":18,"max_hp_gain":0,"max_hp_loss":0,"event_name":"Shining Light","floor":13,"gold_loss":0,"cards_upgraded":["Defend_B","Defend_B"]},{"damage_healed":0,"gold_gain":0,"player_choice":"Became a vampire","damage_taken":0,"max_hp_gain":0,"max_hp_loss":30,"event_name":"Vampires","floor":20,"gold_loss":0,"cards_obtained":["Bite","Bite","Bite","Bite","Bite"]},{"damage_healed":0,"gold_gain":0,"player_choice":"Obtained Relic","damage_taken":0,"relics_obtained":["StoneCalendar"],"max_hp_gain":0,"max_hp_loss":0,"event_name":"Addict","floor":21,"gold_loss":85},{"damage_healed":0,"gold_gain":0,"player_choice":"Joined the Cult","damage_taken":6,"max_hp_gain":0,"max_hp_loss":0,"event_name":"Nest","floor":24,"gold_loss":0,"cards_obtained":["RitualDagger"]}],"is_beta":false,"boss_relics":[{"not_picked":["Calling Bell","Runic Pyramid"],"picked":"Tiny House"}],"items_purged_floors":[2,25],"is_endless":false,"potions_floor_spawned":[4,6,8,12,19],"killed_by":"Slavers","ascension_level":0}