{"gold_per_floor":[112,128,139,139,139,151,199,242,254,281,327,354,366,402,414,426],"floor_reached":16,"playtime":557,"items_purged":[],"score":174,"play_id":"36b14a8c-3921-4a6a-8233-762563571f4b","local_time":"20181208194524","is_ascension_mode":true,"campfire_choices":[{"data":"Zap","floor":6,"key":"SMITH"},{"data":"Go for the Eyes","floor":15,"key":"SMITH"}],"neow_cost":"NONE","seed_source_timestamp":203592109940204,"circlet_count":0,"master_deck":["AscendersBane","Strike_B","Strike_B","Strike_B","Strike_B","Defend_B","Defend_B","Defend_B","Defend_B","Zap+1","Dualcast","Go for the Eyes+1","Coolheaded","Gash","Compile Driver","Ball Lightning","Leap","Beam Cell","Cold Snap"],"relics":["Cracked Core","NeowsBlessing","Golden Idol","MawBank","Odd Mushroom","Kunai","Ornamental Fan","Strawberry"],"potions_floor_usage":[7,8],"damage_taken":[{"damage":0,"enemies":"Jaw Worm","floor":1,"turns":1},{"damage":0,"enemies":"2 Louse","floor":2,"turns":1},{"damage":0,"enemies":"Cultist","floor":3,"turns":1},{"damage":17,"enemies":"The Mushroom Lair","floor":7,"turns":4},{"damage":20,"enemies":"Lagavulin","floor":8,"turns":10},{"damage":0,"enemies":"Large Slime","floor":10,"turns":5},{"damage":13,"enemies":"3 Sentries","floor":11,"turns":5},{"damage":1,"enemies":"Looter","floor":12,"turns":3},{"damage":10,"enemies":"3 Louse","floor":14,"turns":4},{"damage":7,"enemies":"The Guardian","floor":16,"turns":8}],"seed_played":"-5381362296159632474","potions_obtained":[{"floor":1,"key":"Explosive Potion"},{"floor":2,"key":"Ancient Potion"}],"is_trial":false,"path_per_floor":["M","M","M","?","?","R","?","E","T","M","E","M","?","M","R","B"],"character_chosen":"DEFECT","items_purchased":[],"campfire_rested":0,"item_purchase_floors":[],"current_hp_per_floor":[68,68,68,68,61,61,44,24,24,24,18,17,17,7,7,0],"gold":426,"neow_bonus":"THREE_ENEMY_KILL","is_prod":false,"is_daily":false,"chose_seed":false,"campfire_upgraded":2,"win_rate":0,"timestamp":1544278524,"path_taken":["M","M","M","?","?","R","?","E","T","M","E","M","?","M","R","BOSS"],"build_version":"2018-12-06","purchased_purges":0,"victory":false,"max_hp_per_floor":[75,75,75,69,69,69,69,69,69,69,76,76,76,76,76,76],"card_choices":[{"not_picked":["Blizzard","Coolheaded"],"picked":"Go for the Eyes","floor":1},{"not_picked":["Chaos","Heatsinks"],"picked":"Coolheaded","floor":2},{"not_picked":["Creative AI","Chill"],"picked":"Gash","floor":3},{"not_picked":["Chaos","Cold Snap"],"picked":"Compile Driver","floor":8},{"not_picked":["Rip and Tear","Aggregate"],"picked":"Ball Lightning","floor":10},{"not_picked":["Double Energy","Sweeping Beam"],"picked":"Leap","floor":11},{"not_picked":["Turbo","Barrage"],"picked":"Beam Cell","floor":12},{"not_picked":["Fission","Sweeping Beam"],"picked":"Cold Snap","floor":14}],"player_experience":866931,"relics_obtained":[{"floor":7,"key":"Odd Mushroom"},{"floor":8,"key":"Kunai"},{"floor":9,"key":"Ornamental Fan"},{"floor":11,"key":"Strawberry"}],"event_choices":[{"damage_healed":0,"gold_gain":0,"player_choice":"Lose Max HP","damage_taken":0,"relics_obtained":["Golden Idol"],"max_hp_gain":0,"max_hp_loss":6,"event_name":"Golden Idol","floor":4,"gold_loss":0},{"damage_healed":0,"gold_gain":0,"player_choice":"Success","damage_taken":7,"relics_obtained":["MawBank"],"max_hp_gain":0,"max_hp_loss":0,"event_name":"Scrap Ooze","floor":5,"gold_loss":0},{"damage_healed":0,"gold_gain":0,"player_choice":"Fought Mushrooms","damage_taken":0,"max_hp_gain":0,"max_hp_loss":0,"event_name":"Mushrooms","floor":7,"gold_loss":0},{"damage_healed":0,"gold_gain":0,"player_choice":"Ignored","damage_taken":0,"max_hp_gain":0,"max_hp_loss":0,"event_name":"Shining Light","floor":13,"gold_loss":0}],"is_beta":true,"boss_relics":[],"items_purged_floors":[],"is_endless":false,"potions_floor_spawned":[1,2],"killed_by":"The Guardian","ascension_level":11}