{"gold_per_floor":[109,128,203,215,239,271,271,289,289,301,319,339,372,392,392,487,487,498,512,523,543,557,586,596,631,656,670,670,686,706,716,716,820,820,838,848,212,222,275,275,286,286,312,17,17,17,42,62,62,62,62,62,12,42,42],"floor_reached":55,"playtime":6307,"items_purged":["Strike_R","Strike_R","Strike_R"],"score":862,"play_id":"90f7fcbe-b30b-4063-923a-bbde373cf6b3","local_time":"20190416194322","is_ascension_mode":true,"campfire_choices":[{"floor":7.0,"key":"REST"},{"floor":15.0,"key":"DIG"},{"floor":32.0,"key":"RECALL"},{"floor":40,"key":"DIG"},{"floor":42,"key":"DIG"},{"floor":45,"key":"DIG"},{"floor":49,"key":"DIG"},{"data":"1","floor":52,"key":"LIFT"}],"neow_cost":"NONE","seed_source_timestamp":0,"circlet_count":0,"master_deck":["Strike_R","Strike_R","Defend_R","Defend_R","Defend_R","Defend_R+1","Bash","Shrug It Off+1","Shrug It Off","Offering","Battle Trance","Headbutt","Disarm","True Grit","Armaments","Double Tap","Immolate","Corruption","Warcry","Flame Barrier","Sentinel","Havoc","True Grit","Havoc","Dark Embrace","Havoc","Pommel Strike+1","Reaper","Havoc+1","Shrug It Off","Body Slam+1","True Grit+1"],"special_seed":0,"relics":["Burning Blood","NeowsBlessing","Charon\u0027s Ashes","Bottled Flame","Shovel","Ornamental Fan","Fusion Hammer","Pen Nib","Girya","Regal Pillow","Darkstone Periapt","Busted Crown","Champion Belt","Sling","Torii","Paper Frog","Toxic Egg 2","Smiling Mask","Kunai","Dodecahedron","Omamori","War Paint","Centennial Puzzle"],"potions_floor_usage":[39,48,50,50],"damage_taken":[{"damage":0.0,"enemies":"Cultist","floor":1.0,"turns":1.0},{"damage":0.0,"enemies":"Small Slimes","floor":2.0,"turns":1.0},{"damage":0.0,"enemies":"Jaw Worm","floor":4.0,"turns":1.0},{"damage":55.0,"enemies":"Lagavulin","floor":6.0,"turns":12.0},{"damage":6.0,"enemies":"3 Louse","floor":8.0,"turns":3.0},{"damage":9.0,"enemies":"Red Slaver","floor":10.0,"turns":5.0},{"damage":21.0,"enemies":"Exordium Thugs","floor":11.0,"turns":4.0},{"damage":0.0,"enemies":"Large Slime","floor":12.0,"turns":4.0},{"damage":3.0,"enemies":"3 Sentries","floor":13.0,"turns":7.0},{"damage":1.0,"enemies":"2 Fungi Beasts","floor":14.0,"turns":4.0},{"damage":43.0,"enemies":"Slime Boss","floor":16.0,"turns":12.0},{"damage":14.0,"enemies":"3 Byrds","floor":18.0,"turns":6.0},{"damage":7.0,"enemies":"Spheric Guardian","floor":19.0,"turns":3.0},{"damage":29.0,"enemies":"Snake Plant","floor":20.0,"turns":3.0},{"damage":4.0,"enemies":"Cultist and Chosen","floor":21.0,"turns":6.0},{"damage":3.0,"enemies":"Chosen and Byrds","floor":22.0,"turns":6.0},{"damage":13.0,"enemies":"Book of Stabbing","floor":23.0,"turns":4.0},{"damage":6.0,"enemies":"Snake Plant","floor":24.0,"turns":3.0},{"damage":20.0,"enemies":"Slavers","floor":25.0,"turns":3.0},{"damage":11.0,"enemies":"Sentry and Sphere","floor":27.0,"turns":4.0},{"damage":6.0,"enemies":"Cultist and Chosen","floor":29.0,"turns":3.0},{"damage":0.0,"enemies":"Snecko","floor":30.0,"turns":4.0},{"damage":5.0,"enemies":"Chosen and Byrds","floor":31.0,"turns":2.0},{"damage":56.0,"enemies":"Champ","floor":33.0,"turns":8.0},{"damage":18.0,"enemies":"3 Shapes","floor":35.0,"turns":3.0},{"damage":10.0,"enemies":"Orb Walker","floor":36.0,"turns":4.0},{"damage":18.0,"enemies":"Spire Growth","floor":38.0,"turns":5.0},{"damage":39,"enemies":"2 Orb Walkers","floor":39,"turns":4},{"damage":6,"enemies":"Maw","floor":41,"turns":4},{"damage":1,"enemies":"Reptomancer","floor":47,"turns":3},{"damage":5,"enemies":"4 Shapes","floor":48,"turns":4},{"damage":36,"enemies":"Awakened One","floor":50,"turns":9},{"damage":2,"enemies":"Shield and Spear","floor":54,"turns":5},{"damage":116,"enemies":"The Heart","floor":55,"turns":6}],"seed_played":"-7144334315681162569","potions_obtained":[{"floor":2.0,"key":"FairyPotion"},{"floor":10.0,"key":"Block Potion"},{"floor":11.0,"key":"EssenceOfSteel"},{"floor":12.0,"key":"SteroidPotion"},{"floor":14.0,"key":"Strength Potion"},{"floor":19.0,"key":"BloodPotion"},{"floor":20.0,"key":"FairyPotion"},{"floor":21.0,"key":"Energy Potion"},{"floor":25.0,"key":"Energy Potion"},{"floor":29.0,"key":"Energy Potion"},{"floor":31.0,"key":"Swift Potion"},{"floor":36.0,"key":"SteroidPotion"},{"floor":41,"key":"Explosive Potion"},{"floor":47,"key":"Strength Potion"},{"floor":48,"key":"Weak Potion"}],"is_trial":false,"path_per_floor":["M","M","?","M","T","E","R","M","T","M","M","M","E","M","R","B",null,"M","M","M","M","M","E","M","E","T","M","?","M","M","M","R","B",null,"M","M","$","M","?","R","M","R","T","$","R","?","E","M","R","B",null,"R","$","E","B"],"character_chosen":"IRONCLAD","items_purchased":["Champion Belt","Sling","Shrug It Off","Kunai"],"campfire_rested":1,"item_purchase_floors":[37,37,37,44],"current_hp_per_floor":[80,80,69,75,75,26,50,50,50,47,32,38,41,46,46,9,80,72,71,56,58,61,54,54,40,40,35,35,35,41,42,42,14,80,78,80,80,73,76,76,80,80,80,80,80,80,80,80,80,57,80,80,80,80,0],"gold":42,"neow_bonus":"THREE_ENEMY_KILL","is_prod":false,"is_daily":false,"chose_seed":false,"campfire_upgraded":0,"win_rate":0,"timestamp":1555440202,"path_taken":["M","?","?","M","?","E","R","M","T","M","M","M","E","M","R","BOSS","M","M","M","M","M","E","M","E","T","M","?","M","M","?","R","BOSS","M","M","$","M","?","R","M","R","T","$","R","?","E","M","R","BOSS","R","$","E","BOSS"],"build_version":"2019-01-23","purchased_purges":3,"victory":false,"max_hp_per_floor":[80,80,80,80,80,80,80,80,80,80,80,80,80,80,80,80,80,80,80,80,80,80,80,80,80,80,80,80,80,80,80,80,80,80,80,80,80,80,80,80,80,80,80,80,80,80,80,80,80,80,80,80,80,80,80],"card_choices":[{"not_picked":["Headbutt","Carnage"],"picked":"Shrug It Off","floor":1.0},{"not_picked":["Armaments","Cleave"],"picked":"Shrug It Off","floor":2.0},{"not_picked":["Warcry","Anger"],"picked":"Offering","floor":4.0},{"not_picked":["Cleave","Carnage"],"picked":"Battle Trance","floor":6.0},{"not_picked":["Pommel Strike","Wild Strike"],"picked":"Double Tap","floor":8.0},{"not_picked":["Sword Boomerang","Pommel Strike"],"picked":"Headbutt","floor":10.0},{"not_picked":["True Grit","Dropkick"],"picked":"Disarm","floor":11.0},{"not_picked":["Shrug It Off","Combust"],"picked":"True Grit","floor":12.0},{"not_picked":["Entrench","Body Slam"],"picked":"Armaments","floor":13.0},{"not_picked":["Pommel Strike","Body Slam"],"picked":"Double Tap","floor":14.0},{"not_picked":["Juggernaut","Double Tap"],"picked":"Immolate","floor":16.0},{"not_picked":["Headbutt","Entrench+1"],"picked":"Corruption","floor":18.0},{"not_picked":["Clothesline+1","Bloodletting+1"],"picked":"Warcry","floor":19.0},{"not_picked":["Sword Boomerang","Ghostly Armor+1"],"picked":"Flame Barrier","floor":20.0},{"not_picked":["Iron Wave","Armaments"],"picked":"Sentinel","floor":21.0},{"not_picked":["Headbutt+1","Clothesline"],"picked":"Havoc","floor":22.0},{"not_picked":["Wild Strike","Armaments"],"picked":"True Grit","floor":23.0},{"not_picked":["Heavy Blade+1","Pommel Strike"],"picked":"Havoc","floor":24.0},{"not_picked":["Havoc","Warcry+1"],"picked":"Dark Embrace","floor":25.0},{"not_picked":["Pummel","Thunderclap+1"],"picked":"Havoc","floor":27.0},{"not_picked":["Flex+1","Cleave"],"picked":"True Grit","floor":29.0},{"not_picked":["Clash","Anger+1","Wild Strike"],"picked":"SKIP","floor":30.0},{"not_picked":["Barricade","Bloodletting"],"picked":"Pommel Strike+1","floor":31.0},{"not_picked":["Impervious","Dark Embrace"],"picked":"Reaper","floor":33.0},{"not_picked":[],"picked":"Havoc+1","floor":35.0},{"not_picked":["Heavy Blade"],"picked":"SKIP","floor":36.0},{"not_picked":["Blood for Blood+1"],"picked":"SKIP","floor":38},{"not_picked":["Carnage+1"],"picked":"SKIP","floor":41},{"not_picked":["Rage+1"],"picked":"SKIP","floor":47},{"not_picked":[],"picked":"Body Slam+1","floor":48},{"not_picked":[],"picked":"True Grit+1","floor":54}],"player_experience":132162,"relics_obtained":[{"floor":6.0,"key":"Charon\u0027s Ashes"},{"floor":9.0,"key":"Bottled Flame"},{"floor":13.0,"key":"Shovel"},{"floor":15.0,"key":"Ornamental Fan"},{"floor":23.0,"key":"Pen Nib"},{"floor":25.0,"key":"Girya"},{"floor":26.0,"key":"Regal Pillow"},{"floor":39,"key":"Torii"},{"floor":40,"key":"Paper Frog"},{"floor":42,"key":"Toxic Egg 2"},{"floor":43,"key":"Smiling Mask"},{"floor":45,"key":"Dodecahedron"},{"floor":47,"key":"Omamori"},{"floor":49,"key":"War Paint"},{"floor":54,"key":"Centennial Puzzle"}],"event_choices":[{"damage_healed":0.0,"max_hp_gain":0.0,"max_hp_loss":0.0,"gold_gain":75.0,"event_name":"World of Goop","player_choice":"Gather Gold","floor":3.0,"gold_loss":0.0,"damage_taken":11.0},{"cards_removed":["Double Tap"],"damage_healed":0.0,"max_hp_gain":0.0,"max_hp_loss":0.0,"gold_gain":0.0,"event_name":"WeMeetAgain","player_choice":"Gave Card","floor":28.0,"gold_loss":0.0,"damage_taken":0.0,"relics_obtained":["Darkstone Periapt"]},{"damage_healed":0,"gold_gain":0,"player_choice":"Fight","damage_taken":0,"max_hp_gain":0,"max_hp_loss":0,"event_name":"Mysterious Sphere","floor":39,"gold_loss":0},{"cards_removed":["True Grit"],"damage_healed":0,"gold_gain":0,"player_choice":"Removed Skill","damage_taken":0,"max_hp_gain":0,"max_hp_loss":0,"event_name":"Falling","floor":46,"gold_loss":0}],"is_beta":false,"boss_relics":[{"not_picked":["Runic Pyramid","White Beast Statue"],"picked":"Fusion Hammer"},{"not_picked":["Cursed Key","Runic Cube"],"picked":"Busted Crown"}],"items_purged_floors":[37,44,53],"is_endless":false,"potions_floor_spawned":[2,10,11,12,14,19,20,21,25,29,31,36,41,47,48],"killed_by":"The Heart","ascension_level":2}