{"gold_per_floor":[111,122,135,147,165,165,200,200,200,200,213,313,323,352,352,352],"floor_reached":16,"playtime":642,"items_purged":[],"score":148,"play_id":"e1583712-67fd-4154-8fed-c17c88577ae2","local_time":"20180729142702","is_ascension_mode":true,"campfire_choices":[{"data":"Zap","floor":6,"key":"SMITH"},{"data":"Capacitor","floor":8,"key":"SMITH"},{"data":"Coolheaded","floor":10,"key":"SMITH"},{"data":"Conserve Battery","floor":15,"key":"SMITH"}],"neow_cost":"NONE","seed_source_timestamp":44573494506285,"circlet_count":0,"master_deck":["Strike_B","Strike_B","Strike_B","Strike_B","Defend_B","Defend_B","Defend_B","Defend_B","Zap+1","Dualcast","Core Surge","Conserve Battery+1","Coolheaded+1","Compile Driver","Sweeping Beam","Capacitor+1","White Noise","Self Repair"],"relics":["Cracked Core","Bottled Tornado","Matryoshka","Art of War"],"potions_floor_usage":[5,7],"damage_taken":[{"damage":0,"enemies":"Cultist","floor":1,"turns":3},{"damage":0,"enemies":"2 Louse","floor":2,"turns":3},{"damage":7,"enemies":"Jaw Worm","floor":3,"turns":3},{"damage":1,"enemies":"Blue Slaver","floor":4,"turns":3},{"damage":4,"enemies":"3 Louse","floor":5,"turns":4},{"damage":11,"enemies":"3 Sentries","floor":7,"turns":7},{"damage":8,"enemies":"Exordium Wildlife","floor":11,"turns":2},{"damage":4,"enemies":"Red Slaver","floor":13,"turns":3},{"damage":20,"enemies":"Lagavulin","floor":14,"turns":7},{"damage":17,"enemies":"Hexaghost","floor":16,"turns":7}],"seed_played":"-2837439893175298763","potions_obtained":[{"floor":3,"key":"FearPotion"},{"floor":5,"key":"SneckoOil"},{"floor":14,"key":"Explosive Potion"}],"is_trial":false,"path_per_floor":["M","M","M","M","M","R","E","R","T","R","M","?","M","E","R"],"character_chosen":"DEFECT","items_purchased":[],"campfire_rested":0,"item_purchase_floors":[],"current_hp_per_floor":[68,68,61,60,56,56,45,45,45,45,37,37,33,13,13,0],"gold":352,"neow_bonus":"ONE_RANDOM_RARE_CARD","is_prod":false,"is_daily":false,"chose_seed":false,"campfire_upgraded":4,"win_rate":0,"timestamp":1532854622,"path_taken":["M","M","?","M","M","R","E","R","T","R","M","?","M","E","R","BOSS"],"build_version":"2018-07-26","purchased_purges":0,"victory":false,"max_hp_per_floor":[75,75,75,75,75,75,75,75,75,75,75,75,75,75,75,75],"card_choices":[{"not_picked":["Leap","Sweeping Beam"],"picked":"Conserve Battery","floor":1},{"not_picked":["Barrage","Compile Driver"],"picked":"Coolheaded","floor":2},{"not_picked":["Steam","Force Field"],"picked":"Compile Driver","floor":3},{"not_picked":["Amplify","Conserve Battery"],"picked":"Sweeping Beam","floor":4},{"not_picked":["Darkness","Leap"],"picked":"Capacitor","floor":5},{"not_picked":["Streamline","Chaos","Rebound"],"picked":"SKIP","floor":7},{"not_picked":["Turbo","Steam","Rebound"],"picked":"SKIP","floor":11},{"not_picked":["Coolheaded","Rebound"],"picked":"White Noise","floor":13},{"not_picked":["Streamline","Redo"],"picked":"Self Repair","floor":14}],"player_experience":354039,"relics_obtained":[{"floor":7,"key":"Bottled Tornado"},{"floor":9,"key":"Matryoshka"},{"floor":14,"key":"Art of War"}],"event_choices":[{"event_name":"Golden Shrine","player_choice":"Pray","floor":12,"damage_taken":0}],"is_beta":true,"boss_relics":[],"items_purged_floors":[],"is_endless":false,"potions_floor_spawned":[3,5,14],"killed_by":"Hexaghost","ascension_level":6}