{"gold_per_floor":[114,128,141,68,79,107,107,107,107,107,117,142,156,167,167,240,240,250,264,32,47,65,65,65,93,175,175,375,375,389,118,118,197,197,215,215,215,215,215,215,234,234,261,93,109,126,126,48,48,48,48,48,10,10],"floor_reached":54,"playtime":2762,"items_purged":["Regret","Pain"],"score":1192,"play_id":"0bd26235-f9d6-40af-bcf5-0beb8f28dbd7","local_time":"20190415104858","is_ascension_mode":true,"campfire_choices":[{"floor":7.0,"key":"REST"},{"data":"Zap","floor":10.0,"key":"SMITH"},{"data":"Coolheaded","floor":15.0,"key":"SMITH"},{"floor":23.0,"key":"REST"},{"data":"Go for the Eyes","floor":27.0,"key":"SMITH"},{"data":"Blizzard","floor":29.0,"key":"SMITH"},{"floor":32.0,"key":"REST"},{"floor":40.0,"key":"RECALL"},{"data":"Rainbow","floor":42.0,"key":"SMITH"},{"floor":49.0,"key":"REST"},{"data":"Hologram","floor":52,"key":"SMITH"}],"neow_cost":"TEN_PERCENT_HP_LOSS","seed_source_timestamp":631647394861612,"circlet_count":0,"master_deck":["AscendersBane","Strike_B","Strike_B","Strike_B","Strike_B","Defend_B","Defend_B","Defend_B","Defend_B","Zap+1","Dualcast","Ball Lightning","Ball Lightning","Capacitor+1","Skim","Cold Snap","Hologram+1","Go for the Eyes+1","Coolheaded+1","Self Repair","Core Surge","Chill","Barrage+1","Compile Driver","Stack","Blizzard+1","Capacitor+1","RitualDagger","Static Discharge","Coolheaded+1","Darkness","Rainbow+1","Blizzard","Writhe","Redo","Parasite","Defragment+1","Stack+1","Magnetism+1","Loop+1","Coolheaded+1","Heatsinks+1"],"special_seed":0,"relics":["Cracked Core","Calipers","Potion Belt","Centennial Puzzle","Blue Candle","Cursed Key","PreservedInsect","Dream Catcher","Frozen Egg 2","Anchor","Sozu","WarpedTongs"],"potions_floor_usage":[],"damage_taken":[{"damage":1.0,"enemies":"2 Louse","floor":1.0,"turns":4.0},{"damage":0.0,"enemies":"Cultist","floor":2.0,"turns":2.0},{"damage":2.0,"enemies":"Jaw Worm","floor":3.0,"turns":2.0},{"damage":3.0,"enemies":"Blue Slaver","floor":5.0,"turns":3.0},{"damage":30.0,"enemies":"Lagavulin","floor":6.0,"turns":5.0},{"damage":4.0,"enemies":"Red Slaver","floor":11.0,"turns":4.0},{"damage":16.0,"enemies":"3 Sentries","floor":12.0,"turns":6.0},{"damage":5.0,"enemies":"3 Louse","floor":13.0,"turns":3.0},{"damage":0.0,"enemies":"Large Slime","floor":14.0,"turns":4.0},{"damage":14.0,"enemies":"Hexaghost","floor":16.0,"turns":10.0},{"damage":21.0,"enemies":"Shell Parasite","floor":18.0,"turns":8.0},{"damage":22.0,"enemies":"2 Thieves","floor":19.0,"turns":4.0},{"damage":7.0,"enemies":"Sentry and Sphere","floor":21.0,"turns":5.0},{"damage":2.0,"enemies":"Cultist and Chosen","floor":22.0,"turns":5.0},{"damage":4.0,"enemies":"Slavers","floor":25.0,"turns":6.0},{"damage":10.0,"enemies":"3 Cultists","floor":30.0,"turns":5.0},{"damage":43.0,"enemies":"Champ","floor":33.0,"turns":21.0},{"damage":6.0,"enemies":"3 Shapes","floor":35.0,"turns":5.0},{"damage":1.0,"enemies":"Orb Walker","floor":41.0,"turns":2.0},{"damage":22.0,"enemies":"Sphere and 2 Shapes","floor":45.0,"turns":9.0},{"damage":1.0,"enemies":"Spire Growth","floor":46.0,"turns":4.0},{"damage":42,"enemies":"Awakened One","floor":50,"turns":24},{"damage":65,"enemies":"Shield and Spear","floor":54,"turns":3}],"seed_played":"6344975698660339977","potions_obtained":[{"floor":3.0,"key":"Energy Potion"},{"floor":6.0,"key":"Poison Potion"},{"floor":11.0,"key":"EssenceOfSteel"},{"floor":12.0,"key":"Strength Potion"},{"floor":16.0,"key":"FearPotion"},{"floor":21.0,"key":"EssenceOfSteel"},{"floor":25.0,"key":"FearPotion"},{"floor":33.0,"key":"Poison Potion"}],"is_trial":false,"path_per_floor":["M","M","M","$","M","E","R","?","T","R","M","E","M","M","R","B",null,"M","M","$","M","M","R","?","E","T","R","?","R","M","$","R","B",null,"M","?","?","?","?","R","M","R","T","$","M","M","?","$","R","B",null,"R","$","E"],"character_chosen":"DEFECT","items_purchased":["Capacitor","PreservedInsect","Compile Driver","Stack","Anchor","PowerPotion","Defragment+1","Loop+1","Heatsinks+1"],"campfire_rested":4,"item_purchase_floors":[4,20,20,20,31,31,44,48,53],"current_hp_per_floor":[63,63,61,61,58,28,47,47,47,47,43,27,22,22,22,15,52,38,16,16,16,21,40,34,37,37,37,37,37,34,34,53,17,52,53,64,64,64,64,64,63,63,63,63,48,47,47,47,64,32,56,56,56,0],"gold":10,"neow_bonus":"ONE_RARE_RELIC","is_prod":false,"is_daily":false,"chose_seed":false,"campfire_upgraded":6,"win_rate":0,"timestamp":1555339738,"path_taken":["M","M","M","$","M","E","R","?","T","R","?","E","M","M","R","BOSS","M","?","$","M","M","R","?","E","T","R","?","R","M","$","R","BOSS","M","?","?","?","?","R","M","R","T","$","M","?","?","?","R","BOSS","R","$","E"],"build_version":"2019-04-04","purchased_purges":2,"victory":false,"max_hp_per_floor":[64,64,64,64,64,64,64,64,64,64,64,64,64,64,64,64,64,64,64,64,64,64,64,64,64,64,64,64,64,64,64,64,64,64,64,64,64,64,64,64,64,64,64,64,64,64,64,64,64,64,64,64,64,64],"card_choices":[{"not_picked":["Gash","Conserve Battery"],"picked":"Ball Lightning","floor":1.0},{"not_picked":["Auto Shields","Steam Power","Redo"],"picked":"SKIP","floor":2.0},{"not_picked":["Stack","Sunder"],"picked":"Ball Lightning","floor":3.0},{"not_picked":["Streamline","Aggregate"],"picked":"Skim","floor":5.0},{"not_picked":["Stack","Ball Lightning"],"picked":"Cold Snap","floor":6.0},{"not_picked":["Rebound","Meteor Strike"],"picked":"Hologram","floor":11.0},{"not_picked":["Rebound","Sweeping Beam"],"picked":"Go for the Eyes","floor":12.0},{"not_picked":["Cold Snap","Steam"],"picked":"Coolheaded","floor":13.0},{"not_picked":["FTL","Gash"],"picked":"Self Repair","floor":14.0},{"not_picked":["Multi-Cast","Machine Learning"],"picked":"Core Surge","floor":16.0},{"not_picked":["Capacitor","Sweeping Beam"],"picked":"Chill","floor":18.0},{"not_picked":["Streamline","Gash"],"picked":"Barrage+1","floor":19.0},{"not_picked":["Lockon","Rebound"],"picked":"Blizzard","floor":21.0},{"not_picked":["Darkness","Coolheaded"],"picked":"Capacitor+1","floor":22.0},{"not_picked":["Turbo","Sweeping Beam+1"],"picked":"Static Discharge","floor":25.0},{"not_picked":["Redo","Barrage"],"picked":"Coolheaded+1","floor":30.0},{"not_picked":["Tempest","Turbo"],"picked":"Darkness","floor":32.0},{"not_picked":["Multi-Cast","Seek"],"picked":"Rainbow","floor":33.0},{"not_picked":["Leap+1","Scrape","Blizzard"],"picked":"SKIP","floor":35.0},{"not_picked":["Leap+1","Scrape"],"picked":"Blizzard","floor":35.0},{"not_picked":["Tempest","Coolheaded"],"picked":"Redo","floor":41.0},{"not_picked":["Ball Lightning","Steam+1"],"picked":"Stack+1","floor":45.0},{"not_picked":["Stack","Ball Lightning","Leap+1"],"picked":"SKIP","floor":46.0},{"not_picked":["Secret Weapon","Panacea"],"picked":"Magnetism+1","floor":47.0},{"not_picked":["Sweeping Beam","Steam"],"picked":"Coolheaded+1","floor":49.0}],"player_experience":949388,"relics_obtained":[{"floor":6.0,"key":"Potion Belt"},{"floor":9.0,"key":"Centennial Puzzle"},{"floor":12.0,"key":"Blue Candle"},{"floor":25.0,"key":"Dream Catcher"},{"floor":26.0,"key":"Frozen Egg 2"}],"event_choices":[{"damage_healed":0.0,"max_hp_gain":0.0,"max_hp_loss":0.0,"gold_gain":0.0,"event_name":"Upgrade Shrine","player_choice":"Upgraded","floor":8.0,"gold_loss":0.0,"damage_taken":0.0,"cards_upgraded":["Capacitor"]},{"damage_healed":0.0,"max_hp_gain":0.0,"max_hp_loss":0.0,"gold_gain":0.0,"event_name":"Nest","player_choice":"Joined the Cult","floor":24.0,"gold_loss":0.0,"damage_taken":6.0,"cards_obtained":["RitualDagger"]},{"damage_healed":0.0,"max_hp_gain":0.0,"max_hp_loss":0.0,"gold_gain":250.0,"event_name":"The Joust","player_choice":"Bet on Owner","floor":28.0,"gold_loss":50.0,"damage_taken":0.0},{"damage_healed":13.0,"max_hp_gain":0.0,"max_hp_loss":0.0,"gold_gain":0.0,"event_name":"Winding Halls","player_choice":"Writhe","floor":36.0,"gold_loss":0.0,"damage_taken":0.0,"cards_obtained":["Writhe"]},{"damage_healed":0.0,"max_hp_gain":0.0,"max_hp_loss":0.0,"gold_gain":0.0,"event_name":"Tomb of Lord Red Mask","player_choice":"Ignored","floor":37.0,"gold_loss":0.0,"damage_taken":0.0},{"damage_healed":0.0,"max_hp_gain":0.0,"max_hp_loss":0.0,"gold_gain":0.0,"event_name":"Mysterious Sphere","player_choice":"Ignored","floor":38.0,"gold_loss":0.0,"damage_taken":0.0},{"damage_healed":0.0,"max_hp_gain":0.0,"max_hp_loss":0.0,"gold_gain":0.0,"event_name":"Accursed Blacksmith","player_choice":"Rummage","floor":39.0,"gold_loss":0.0,"damage_taken":0.0,"relics_obtained":["WarpedTongs"],"cards_obtained":["Pain"]},{"damage_healed":0.0,"max_hp_gain":0.0,"max_hp_loss":0.0,"gold_gain":0.0,"event_name":"SensoryStone","player_choice":"Memory 1","floor":47.0,"gold_loss":0.0,"damage_taken":0.0}],"is_beta":true,"boss_relics":[{"not_picked":["Astrolabe","Empty Cage"],"picked":"Cursed Key"},{"not_picked":["Inserter","Eternal Feather"],"picked":"Sozu"}],"items_purged_floors":[31,44],"is_endless":false,"potions_floor_spawned":[3,6,11,12,16,21,25,33,41,46],"killed_by":"Shield and Spear","ascension_level":15}