{"gold_per_floor":[216,25,40,54,54,54,84,84,139,155,168,168,180,208,208,310,310,321,335,2,2,15,15,15,15,15,27,38,58,58,77,77,178,178,197,177,177,194,209,209,280,306,306,306,53,53,64,82,82,82],"floor_reached":50,"playtime":2674,"items_purged":["Strike_B","Shame"],"score":608,"play_id":"de3ed5cc-74ae-47d1-8d41-78cfd4c4bd4b","local_time":"20180718134149","is_ascension_mode":true,"campfire_choices":[{"data":"Zap","floor":6,"key":"SMITH"},{"data":"Rip and Tear","floor":8,"key":"SMITH"},{"data":"Ball Lightning","floor":12,"key":"SMITH"},{"data":"Rainbow","floor":15,"key":"SMITH"},{"data":"Thunder Strike","floor":23,"key":"SMITH"},{"floor":25,"key":"REST"},{"data":"Echo Form","floor":30,"key":"SMITH"},{"data":"Stack","floor":32,"key":"SMITH"},{"floor":40,"key":"REST"},{"floor":44,"key":"REST"},{"data":"Metamorphosis","floor":46,"key":"SMITH"},{"floor":49,"key":"REST"}],"neow_cost":"NONE","seed_source_timestamp":10592050581063,"circlet_count":0,"master_deck":["Strike_B","Strike_B","Defend_B","Defend_B","Defend_B","Defend_B","Zap+1","Dualcast","Rip and Tear+1","Ball Lightning+1","Rainbow+1","Undo","Leap","Thunder Strike+1","Stack+1","Hologram+1","Stack+1","Turbo","Echo Form+1","White Noise","Consume+1","Metamorphosis+1","White Noise","Steam+1","Stack+1"],"relics":["Cracked Core","Runic Capacitor","Ancient Tea Set","Mercury Hourglass","Tiny Chest","Happy Flower","Cursed Key","Cables","White Beast Statue","Bottled Tornado","Thread and Needle","Bronze Scales"],"potions_floor_usage":[7,22,33,33,33,33,35,38,39,50,50,50],"damage_taken":[{"damage":3,"enemies":"2 Louse","floor":1,"turns":3},{"damage":7,"enemies":"Jaw Worm","floor":3,"turns":2},{"damage":0,"enemies":"Cultist","floor":4,"turns":2},{"damage":24,"enemies":"Gremlin Nob","floor":7,"turns":4},{"damage":2,"enemies":"Lots of Slimes","floor":10,"turns":2},{"damage":4,"enemies":"Red Slaver","floor":11,"turns":3},{"damage":0,"enemies":"Blue Slaver","floor":13,"turns":2},{"damage":19,"enemies":"3 Sentries","floor":14,"turns":5},{"damage":8,"enemies":"Hexaghost","floor":16,"turns":8},{"damage":9,"enemies":"Spheric Guardian","floor":18,"turns":4},{"damage":10,"enemies":"2 Thieves","floor":19,"turns":3},{"damage":2,"enemies":"Snake Plant","floor":22,"turns":4},{"damage":6,"enemies":"Chosen and Byrds","floor":27,"turns":4},{"damage":0,"enemies":"Centurion and Healer","floor":28,"turns":6},{"damage":3,"enemies":"Snake Plant","floor":29,"turns":4},{"damage":20,"enemies":"Snecko","floor":31,"turns":4},{"damage":21,"enemies":"Collector","floor":33,"turns":9},{"damage":6,"enemies":"Orb Walker","floor":35,"turns":3},{"damage":9,"enemies":"Flame Bruiser 1 Orb","floor":38,"turns":5},{"damage":23,"enemies":"Transient","floor":39,"turns":5},{"damage":5,"enemies":"Giant Head","floor":42,"turns":7},{"damage":0,"enemies":"Spire Growth","floor":47,"turns":4},{"damage":17,"enemies":"Sphere and 2 Shapes","floor":48,"turns":4},{"damage":66,"enemies":"Time Eater","floor":50,"turns":6}],"seed_played":"-5439646722527099929","potions_obtained":[{"floor":1,"key":"Weak Potion"},{"floor":11,"key":"Energy Potion"},{"floor":13,"key":"EssenceOfSteel"},{"floor":14,"key":"GamblersBrew"},{"floor":27,"key":"LiquidBronze"},{"floor":29,"key":"Swift Potion"},{"floor":31,"key":"EntropicBrew"},{"floor":35,"key":"SkillPotion"},{"floor":36,"key":"Swift Potion"},{"floor":38,"key":"LiquidBronze"},{"floor":39,"key":"FearPotion"},{"floor":42,"key":"EssenceOfSteel"}],"is_trial":false,"path_per_floor":["M","$","M","M","?","R","E","R","T","M","M","R","M","E","R","B",null,"M","M","$","$","M","R","?","R","T","M","M","M","R","M","R","B",null,"M","?","?","M","M","R","T","E","T","R","$","R","M","M","R"],"character_chosen":"DEFECT","items_purchased":["Runic Capacitor","Cables","Bronze Scales"],"campfire_rested":4,"item_purchase_floors":[2,20,45],"current_hp_per_floor":[72,72,65,65,62,62,38,38,38,36,32,32,32,13,13,5,58,49,39,39,39,37,37,37,59,59,53,53,50,50,30,30,9,59,53,53,48,39,16,38,38,33,33,55,55,55,55,38,60,0],"gold":82,"neow_bonus":"HUNDRED_GOLD","is_prod":false,"is_daily":false,"chose_seed":false,"campfire_upgraded":8,"win_rate":0,"timestamp":1531901509,"path_taken":["M","$","M","M","?","R","E","R","T","M","?","R","M","E","R","BOSS","M","M","?","$","?","R","?","R","T","M","M","?","R","?","R","BOSS","M","?","?","M","M","R","?","E","T","R","?","R","M","M","R","BOSS"],"build_version":"2018-07-16","purchased_purges":2,"victory":false,"max_hp_per_floor":[75,75,75,75,75,75,75,75,75,75,75,75,75,75,75,75,75,75,75,75,75,75,75,75,75,75,75,75,75,75,75,75,75,75,75,75,75,75,75,75,75,75,75,75,75,75,75,75,75,75],"card_choices":[{"not_picked":["Barrage","Self Repair"],"picked":"Rip and Tear","floor":1},{"not_picked":["Conserve Battery","Defragment"],"picked":"Ball Lightning","floor":3},{"not_picked":["Steam","Turbo","Rebound"],"picked":"SKIP","floor":4},{"not_picked":["Self Repair","Genetic Algorithm"],"picked":"Rainbow","floor":7},{"not_picked":["Compile Driver","Sunder"],"picked":"Undo","floor":10},{"not_picked":["Scrape","Beam Cell","Double Energy"],"picked":"SKIP","floor":11},{"not_picked":["Beam Cell","Go for the Eyes"],"picked":"Leap","floor":13},{"not_picked":["Capacitor","Steam","Streamline"],"picked":"SKIP","floor":14},{"not_picked":["Core Surge","Echo Form"],"picked":"Thunder Strike","floor":16},{"not_picked":["Beam Cell","Gash"],"picked":"Stack+1","floor":18},{"not_picked":["Sweeping Beam","Sunder+1","Barrage+1"],"picked":"SKIP","floor":19},{"not_picked":["Leap","Turbo"],"picked":"Hologram+1","floor":22},{"not_picked":["Ball Lightning+1","Chaos"],"picked":"Turbo","floor":27},{"not_picked":["Sweeping Beam","Fusion"],"picked":"Echo Form","floor":28},{"not_picked":["Go for the Eyes","Barrage","Beam Cell"],"picked":"SKIP","floor":29},{"not_picked":["Rebound","Sweeping Beam+1"],"picked":"White Noise","floor":31},{"not_picked":["Gash","Genetic Algorithm"],"picked":"Consume+1","floor":35},{"not_picked":["Finesse","Forethought"],"picked":"Metamorphosis","floor":37},{"not_picked":["Turbo+1","Hologram"],"picked":"White Noise","floor":38},{"not_picked":["Redo+1","Sweeping Beam"],"picked":"Steam+1","floor":39},{"not_picked":["Recycle+1","Genetic Algorithm+1","Stack"],"picked":"SKIP","floor":42},{"not_picked":["Coolheaded+1","Go for the Eyes+1","Hello World+1"],"picked":"SKIP","floor":47},{"not_picked":["Storm+1","Reprogram"],"picked":"Stack+1","floor":48}],"player_experience":261845,"relics_obtained":[{"floor":7,"key":"Mercury Hourglass"},{"floor":9,"key":"Tiny Chest"},{"floor":14,"key":"Happy Flower"},{"floor":41,"key":"Bottled Tornado"},{"floor":42,"key":"Thread and Needle"}],"event_choices":[{"event_name":"Scrap Ooze","player_choice":"success","floor":5,"damage_taken":3},{"event_name":"Transmorgrifier","player_choice":"Transform","floor":24,"damage_taken":0},{"event_name":"The Woman in Blue","player_choice":"Bought 1 Potion","floor":36,"damage_taken":0},{"event_name":"SensoryStone","player_choice":"Memory 2","floor":37,"damage_taken":0}],"boss_relics":[{"not_picked":["FrozenCore","Snecko Eye"],"picked":"Cursed Key"},{"not_picked":["Calling Bell","Runic Pyramid"],"picked":"White Beast Statue"}],"items_purged_floors":[20,45],"is_endless":false,"potions_floor_spawned":[1,11,13,14,16,18,27,29,31,35,38,39,42,47,48],"killed_by":"Time Eater","ascension_level":5}