{"gold_per_floor":[114,189,201,151,162,192,205,205,205,205,205,205,233,213,213,316,316,335,157,176,176,196,196,225,241,241,241,251,267,192,38,38,134,134,144,197,96,114,130,165,183,196,196,196,221,237,272,283,283,283,283,283,60,88,88],"floor_reached":55,"playtime":23904,"items_purged":["Clumsy","Defend_B"],"score":857,"play_id":"b22039a2-c989-4f2a-bc5b-4b2e66452115","local_time":"20190310214330","is_ascension_mode":true,"campfire_choices":[{"floor":8.0,"key":"REST"},{"floor":12.0,"key":"REST"},{"floor":15.0,"key":"REST"},{"floor":23.0,"key":"REST"},{"floor":27.0,"key":"REST"},{"floor":32.0,"key":"REST"},{"floor":44.0,"key":"REST"},{"floor":49.0,"key":"RECALL"},{"data":"Echo Form","floor":52.0,"key":"SMITH"}],"neow_cost":"NONE","seed_source_timestamp":0,"circlet_count":0,"master_deck":["Strike_B","Defend_B","Defend_B","Zap","Dualcast","Conserve Battery","Tempest","Cold Snap","Chill","Echo Form+1","Barrage+1","Genetic Algorithm+1","Stack+1","Redo+1","Blizzard","FTL","Chill+1","Barrage+1","Coolheaded+1","Conserve Battery+1","Electrodynamics","Tempest+1","Chill+1","Self Repair","Hologram+1","Reprogram+1","FTL","Sweeping Beam+1","Seek+1","Undo+1","Parasite","Loop+1","Conserve Battery+1","Fusion+1","Cold Snap+1","Buffer","Secret Technique+1"],"special_seed":0,"relics":["Cracked Core","Bag of Marbles","Kunai","FossilizedHelix","Omamori","Calling Bell","Regal Pillow","Toxic Egg 2","Girya","Incense Burner","Black Star","StoneCalendar","Prayer Wheel","Torii","Ornamental Fan","Letter Opener","Pear","Gremlin Horn","Darkstone Periapt","Calipers","Mango"],"potions_floor_usage":[55,55,55],"damage_taken":[{"damage":0.0,"enemies":"Small Slimes","floor":1.0,"turns":3.0},{"damage":0.0,"enemies":"2 Louse","floor":3.0,"turns":2.0},{"damage":6.0,"enemies":"Cultist","floor":5.0,"turns":4.0},{"damage":49.0,"enemies":"Gremlin Nob","floor":6.0,"turns":6.0},{"damage":0.0,"enemies":"Looter","floor":7.0,"turns":4.0},{"damage":2.0,"enemies":"3 Sentries","floor":13.0,"turns":8.0},{"damage":67.0,"enemies":"Hexaghost","floor":16.0,"turns":16.0},{"damage":12.0,"enemies":"3 Byrds","floor":18.0,"turns":7.0},{"damage":1.0,"enemies":"Shell Parasite","floor":20.0,"turns":6.0},{"damage":32.0,"enemies":"Chosen and Byrds","floor":22.0,"turns":7.0},{"damage":29.0,"enemies":"Slavers","floor":24.0,"turns":8.0},{"damage":16.0,"enemies":"3 Cultists","floor":25.0,"turns":7.0},{"damage":7.0,"enemies":"Snake Plant","floor":28.0,"turns":5.0},{"damage":6.0,"enemies":"Chosen and Byrds","floor":29.0,"turns":6.0},{"damage":11.0,"enemies":"Automaton","floor":33.0,"turns":11.0},{"damage":13.0,"enemies":"3 Darklings","floor":35.0,"turns":8.0},{"damage":38.0,"enemies":"2 Orb Walkers","floor":36.0,"turns":5.0},{"damage":0.0,"enemies":"Orb Walker","floor":38.0,"turns":3.0},{"damage":0.0,"enemies":"Sphere and 2 Shapes","floor":39.0,"turns":4.0},{"damage":23.0,"enemies":"Nemesis","floor":40.0,"turns":5.0},{"damage":1.0,"enemies":"Spire Growth","floor":41.0,"turns":6.0},{"damage":0.0,"enemies":"Writhing Mass","floor":42.0,"turns":11.0},{"damage":11.0,"enemies":"Reptomancer","floor":45.0,"turns":11.0},{"damage":0.0,"enemies":"Jaw Worm Horde","floor":46.0,"turns":3.0},{"damage":42.0,"enemies":"Nemesis","floor":47.0,"turns":9.0},{"damage":0.0,"enemies":"Transient","floor":48.0,"turns":5.0},{"damage":11.0,"enemies":"Awakened One","floor":50.0,"turns":18.0},{"damage":14.0,"enemies":"Shield and Spear","floor":54.0,"turns":8.0},{"damage":95,"enemies":"The Heart","floor":55,"turns":12}],"seed_played":"3835083749881445489","potions_obtained":[{"floor":6.0,"key":"FocusPotion"},{"floor":13.0,"key":"Dexterity Potion"},{"floor":14.0,"key":"Energy Potion"},{"floor":22.0,"key":"FocusPotion"},{"floor":24.0,"key":"FearPotion"},{"floor":29.0,"key":"LiquidBronze"},{"floor":36.0,"key":"AttackPotion"},{"floor":38.0,"key":"Weak Potion"},{"floor":45.0,"key":"FearPotion"},{"floor":46.0,"key":"LiquidBronze"}],"is_trial":false,"path_per_floor":["M","?","M","?","M","E","M","R","T","?","?","R","E","?","R","B",null,"M","$","M","?","M","R","E","M","T","R","M","M","?","$","R","B",null,"M","?","$","M","M","E","M","M","T","R","E","M","E","M","R","B",null,"R","$","E","B"],"character_chosen":"DEFECT","items_purchased":["Genetic Algorithm+1","Stack+1","Conserve Battery+1","Self Repair","Hologram+1","Secret Technique+1","Block Potion"],"campfire_rested":7,"item_purchase_floors":[19,19,31,37,37,53,53],"current_hp_per_floor":[75,64,64,64,58,9,9,31,31,31,28,50,48,48,70,3,75,63,63,62,62,30,67,38,22,22,59,52,46,46,46,75,64,75,62,24,24,24,24,8,14,28,28,65,71,78,50,50,50,53,85,85,85,92,0],"gold":88,"neow_bonus":"REMOVE_CARD","is_prod":false,"is_daily":false,"chose_seed":false,"campfire_upgraded":1,"win_rate":0,"timestamp":1552268610,"path_taken":["M","?","M","?","M","E","M","R","T","?","?","R","E","?","R","BOSS","M","$","?","?","?","R","E","M","T","R","M","M","?","?","R","BOSS","M","?","?","M","M","E","M","M","T","R","E","M","E","M","R","BOSS","R","$","E","BOSS"],"build_version":"2018-11-15","purchased_purges":2,"victory":false,"max_hp_per_floor":[75,75,75,75,75,75,75,75,75,75,75,75,75,75,75,75,75,75,75,75,75,75,75,75,75,75,75,75,75,75,75,75,75,75,75,75,75,75,75,75,75,75,75,75,85,85,85,85,85,85,85,85,85,99,99],"card_choices":[{"not_picked":["Coolheaded","Steam"],"picked":"Conserve Battery","floor":1.0},{"not_picked":["Redo","Streamline","Doom and Gloom"],"picked":"SKIP","floor":3.0},{"not_picked":["Redo","Streamline","Scrape"],"picked":"SKIP","floor":5.0},{"not_picked":["Scrape","Rebound"],"picked":"Tempest","floor":6.0},{"not_picked":["Aggregate","Conserve Battery"],"picked":"Cold Snap","floor":7.0},{"not_picked":["Turbo","Hello World"],"picked":"Chill","floor":13.0},{"not_picked":["Seek","Amplify"],"picked":"Echo Form","floor":16.0},{"not_picked":["Sweeping Beam","Steam+1"],"picked":"Barrage+1","floor":18.0},{"not_picked":["Turbo+1","Beam Cell+1"],"picked":"Redo+1","floor":20.0},{"not_picked":["Scrape","Multi-Cast+1"],"picked":"Blizzard","floor":22.0},{"not_picked":["All For One","Go for the Eyes"],"picked":"FTL","floor":24.0},{"not_picked":["Hello World","Rebound"],"picked":"Chill+1","floor":25.0},{"not_picked":["Redo+1","Force Field+1"],"picked":"Barrage+1","floor":28.0},{"not_picked":["Sweeping Beam","Hologram+1"],"picked":"Coolheaded+1","floor":29.0},{"not_picked":["Multi-Cast+1","Reboot+1"],"picked":"Electrodynamics","floor":33.0},{"not_picked":["Steam Power+1","Conserve Battery+1"],"picked":"Tempest+1","floor":35.0},{"not_picked":["Auto Shields+1","Ball Lightning"],"picked":"Chill+1","floor":36.0},{"not_picked":["Leap+1","Turbo+1"],"picked":"Reprogram+1","floor":38.0},{"not_picked":["Force Field+1","Compile Driver+1"],"picked":"FTL","floor":39.0},{"not_picked":["Aggregate+1","FTL"],"picked":"Sweeping Beam+1","floor":40.0},{"not_picked":["Sunder","Chill+1"],"picked":"Seek+1","floor":41.0},{"not_picked":["Leap+1","Beam Cell+1"],"picked":"Undo+1","floor":41.0},{"not_picked":["Sweeping Beam","Hologram+1"],"picked":"Loop+1","floor":42.0},{"not_picked":["Sweeping Beam+1","Stack+1"],"picked":"Conserve Battery+1","floor":42.0},{"not_picked":["Rip and Tear+1","Leap+1","Steam+1"],"picked":"SKIP","floor":45.0},{"not_picked":["Turbo+1","Cold Snap"],"picked":"Fusion+1","floor":46.0},{"not_picked":["Undo+1","Echo Form","Stack+1"],"picked":"SKIP","floor":46.0},{"not_picked":["Sweeping Beam","Stack+1"],"picked":"Cold Snap+1","floor":47.0},{"not_picked":["Consume+1","Steam+1"],"picked":"Buffer","floor":48.0},{"not_picked":["Ball Lightning+1","Sweeping Beam+1","Genetic Algorithm+1"],"picked":"SKIP","floor":48.0},{"not_picked":["Turbo+1","Compile Driver","Consume+1"],"picked":"SKIP","floor":54.0}],"player_experience":190588,"relics_obtained":[{"floor":6.0,"key":"Bag of Marbles"},{"floor":9.0,"key":"Kunai"},{"floor":13.0,"key":"Omamori"},{"floor":17.0,"key":"Regal Pillow"},{"floor":17.0,"key":"Toxic Egg 2"},{"floor":17.0,"key":"Girya"},{"floor":24.0,"key":"Incense Burner"},{"floor":36.0,"key":"StoneCalendar"},{"floor":40.0,"key":"Prayer Wheel"},{"floor":40.0,"key":"Torii"},{"floor":43.0,"key":"Ornamental Fan"},{"floor":45.0,"key":"Letter Opener"},{"floor":45.0,"key":"Pear"},{"floor":47.0,"key":"Gremlin Horn"},{"floor":47.0,"key":"Darkstone Periapt"},{"floor":54.0,"key":"Calipers"},{"floor":54.0,"key":"Mango"}],"event_choices":[{"damage_healed":0.0,"max_hp_gain":0.0,"max_hp_loss":0.0,"gold_gain":75.0,"event_name":"World of Goop","player_choice":"Gather Gold","floor":2.0,"gold_loss":0.0,"damage_taken":11.0},{"cards_removed":["Defend_B"],"damage_healed":0.0,"max_hp_gain":0.0,"max_hp_loss":0.0,"gold_gain":0.0,"event_name":"The Cleric","player_choice":"Card Removal","floor":4.0,"gold_loss":50.0,"damage_taken":0.0},{"cards_removed":["Strike_B"],"damage_healed":0.0,"max_hp_gain":0.0,"max_hp_loss":0.0,"gold_gain":0.0,"event_name":"Living Wall","player_choice":"Forget","floor":10.0,"gold_loss":0.0,"damage_taken":0.0},{"damage_healed":0.0,"max_hp_gain":0.0,"max_hp_loss":0.0,"gold_gain":0.0,"event_name":"Scrap Ooze","player_choice":"Success","floor":11.0,"gold_loss":0.0,"damage_taken":3.0,"relics_obtained":["FossilizedHelix"]},{"damage_healed":0.0,"max_hp_gain":0.0,"max_hp_loss":0.0,"gold_gain":0.0,"event_name":"The Woman in Blue","player_choice":"Bought 1 Potion","floor":14.0,"gold_loss":0.0,"damage_taken":0.0},{"damage_healed":0.0,"max_hp_gain":0.0,"max_hp_loss":0.0,"gold_gain":0.0,"event_name":"Match and Keep!","player_choice":"0 cards matched","floor":21.0,"gold_loss":0.0,"damage_taken":0.0,"cards_obtained":[]},{"cards_removed":["Strike_B"],"damage_healed":0.0,"max_hp_gain":0.0,"max_hp_loss":0.0,"gold_gain":0.0,"event_name":"Beggar","player_choice":"Gave Gold","floor":30.0,"gold_loss":75.0,"damage_taken":0.0},{"damage_healed":0.0,"max_hp_gain":0.0,"max_hp_loss":0.0,"gold_gain":0.0,"event_name":"Mysterious Sphere","player_choice":"Fight","floor":36.0,"gold_loss":0.0,"damage_taken":0.0}],"is_beta":false,"boss_relics":[{"not_picked":["Coffee Dripper","Tiny House"],"picked":"Calling Bell"},{"not_picked":["Runic Pyramid","Busted Crown"],"picked":"Black Star"}],"items_purged_floors":[19,31],"is_endless":false,"potions_floor_spawned":[6,13,22,24,29,36,38,45,46],"killed_by":"The Heart","ascension_level":1}