{"gold_per_floor":[112,112,129,140,152,185,185,185,233,233,247,247,277,287,287,287],"floor_reached":16,"playtime":479,"items_purged":[],"score":174,"play_id":"62609333-bc3e-47c3-83f9-8287a957ac8d","local_time":"20181208184715","is_ascension_mode":true,"campfire_choices":[{"data":"Sunder","floor":8,"key":"SMITH"},{"data":"Coolheaded","floor":10,"key":"SMITH"},{"data":"Defragment","floor":15,"key":"SMITH"}],"neow_cost":"NONE","seed_source_timestamp":200167334732423,"circlet_count":0,"master_deck":["AscendersBane","Strike_B","Strike_B","Strike_B","Strike_B","Defend_B","Defend_B","Defend_B+1","Defend_B","Zap+1","Dualcast","Sunder+1","FTL","Sweeping Beam","Stack","Coolheaded+1","Leap","Cold Snap","Defragment+1"],"relics":["Cracked Core","NeowsBlessing","Gremlin Horn","Question Card","Ancient Tea Set","Unceasing Top"],"potions_floor_usage":[13,13],"damage_taken":[{"damage":0,"enemies":"Jaw Worm","floor":1,"turns":1},{"damage":0,"enemies":"Cultist","floor":3,"turns":1},{"damage":0,"enemies":"Small Slimes","floor":4,"turns":1},{"damage":7,"enemies":"3 Louse","floor":5,"turns":3},{"damage":10,"enemies":"3 Sentries","floor":6,"turns":6},{"damage":0,"enemies":"2 Fungi Beasts","floor":11,"turns":2},{"damage":6,"enemies":"Gremlin Nob","floor":13,"turns":4},{"damage":1,"enemies":"Large Slime","floor":14,"turns":6},{"damage":37,"enemies":"Slime Boss","floor":16,"turns":7}],"seed_played":"-1933313146239008355","potions_obtained":[{"floor":1,"key":"EssenceOfSteel"},{"floor":3,"key":"EssenceOfSteel"}],"is_trial":false,"path_per_floor":["M","?","M","M","M","E","T","R","T","R","M","?","E","M","R","B"],"character_chosen":"DEFECT","items_purchased":[],"campfire_rested":0,"item_purchase_floors":[],"current_hp_per_floor":[68,53,53,53,46,36,36,36,36,36,36,41,35,34,34,0],"gold":287,"neow_bonus":"THREE_ENEMY_KILL","is_prod":false,"is_daily":false,"chose_seed":false,"campfire_upgraded":3,"win_rate":0,"timestamp":1544275035,"path_taken":["M","?","M","M","M","E","?","R","T","R","?","?","E","M","R","BOSS"],"build_version":"2018-12-06","purchased_purges":0,"victory":false,"max_hp_per_floor":[75,75,75,75,75,75,75,75,75,75,75,80,80,80,80,80],"card_choices":[{"not_picked":["Coolheaded","Force Field"],"picked":"Sunder","floor":1},{"not_picked":["Go for the Eyes","Compile Driver"],"picked":"FTL","floor":3},{"not_picked":["Storm","Reinforced Body"],"picked":"Sweeping Beam","floor":4},{"not_picked":["Sweeping Beam","Steam Power"],"picked":"Stack","floor":5},{"not_picked":["Heatsinks","Beam Cell"],"picked":"Coolheaded","floor":6},{"not_picked":["Turbo","Coolheaded","Skim"],"picked":"Leap","floor":11},{"not_picked":["Creative AI","Undo","Sweeping Beam"],"picked":"Cold Snap","floor":13},{"not_picked":["Turbo","Consume","Go for the Eyes"],"picked":"Defragment","floor":14}],"player_experience":863859,"relics_obtained":[{"floor":6,"key":"Gremlin Horn"},{"floor":7,"key":"Question Card"},{"floor":9,"key":"Ancient Tea Set"},{"floor":13,"key":"Unceasing Top"}],"event_choices":[{"damage_healed":0,"gold_gain":0,"player_choice":"Entered Light","damage_taken":15,"max_hp_gain":0,"max_hp_loss":0,"event_name":"Shining Light","floor":2,"gold_loss":0,"cards_upgraded":["Zap","Defend_B"]},{"damage_healed":0,"gold_gain":0,"player_choice":"Donut","damage_taken":0,"max_hp_gain":5,"max_hp_loss":0,"event_name":"Big Fish","floor":12,"gold_loss":0}],"is_beta":true,"boss_relics":[],"items_purged_floors":[],"is_endless":false,"potions_floor_spawned":[1,3,5,6],"killed_by":"Slime Boss","ascension_level":11}