{"gold_per_floor":[111,126,93,112,112,140,168,168,168,199,120,133,167,197,197,296,296,312,324,119,136,136,169,202,229,229,263,293,293,293,326,326,423,423,433,450,795,431,444,472,65,96,96,130,162,193,223,258,258,258],"floor_reached":51,"playtime":1804,"items_purged":[],"score":1580,"play_id":"71a3c1b5-ce2c-4739-a03e-d700319432d1","local_time":"20190415155442","daily_mods":["SealedDeck","Red Cards","Green Cards","Blue Cards","Heirloom","Flight","DeadlyEvents","Binary","Elite Swarm","Lethality"],"is_ascension_mode":false,"campfire_choices":[{"data":"Whirlwind","floor":8,"key":"SMITH"},{"floor":15,"key":"DIG"},{"data":"Exhume","floor":29,"key":"SMITH"},{"data":"Machine Learning","floor":30,"key":"SMITH"},{"data":"Hologram","floor":32,"key":"SMITH"},{"floor":49,"key":"DIG"}],"neow_cost":"","seed_source_timestamp":0,"circlet_count":0,"master_deck":["Metallicize","Skewer","Go for the Eyes","Beam Cell","Conserve Battery","Cloak And Dagger","Power Through+1","Whirlwind+1","Spot Weakness+1","Backstab","Sucker Punch","Leg Sweep","Hologram+1","Reaper","Machine Learning+1","Exhume+1","Backstab","Sword Boomerang","Impervious","Feed","Reaper","Corruption","Shrug It Off"],"relics":["Burning Blood","Dead Branch","CultistMask","Bag of Preparation","Shovel","PreservedInsect","Nunchaku","Strawberry","Meat on the Bone","War Paint","Busted Crown","Brimstone","Ice Cream","Kunai","Turnip","Art of War","Bird Faced Urn","Sundial","Torii","Orrery","Old Coin","Singing Bowl","Anchor","Bottled Flame","Oddly Smooth Stone","Toxic Egg 2","The Courier","Magic Flower","Ancient Tea Set","Bag of Marbles","Pear","Lantern","Bottled Tornado"],"potions_floor_usage":[50,50],"damage_taken":[{"damage":0,"enemies":"Cultist","floor":1,"turns":1},{"damage":0,"enemies":"2 Louse","floor":2,"turns":1},{"damage":0,"enemies":"Small Slimes","floor":4,"turns":1},{"damage":5,"enemies":"Lagavulin","floor":6,"turns":5},{"damage":0,"enemies":"Gremlin Nob","floor":7,"turns":2},{"damage":0,"enemies":"3 Sentries","floor":10,"turns":2},{"damage":0,"enemies":"Exordium Wildlife","floor":12,"turns":1},{"damage":0,"enemies":"Gremlin Nob","floor":13,"turns":1},{"damage":0,"enemies":"Lagavulin","floor":14,"turns":2},{"damage":21,"enemies":"Hexaghost","floor":16,"turns":7},{"damage":0,"enemies":"Spheric Guardian","floor":18,"turns":1},{"damage":0,"enemies":"Chosen","floor":19,"turns":2},{"damage":0,"enemies":"3 Cultists","floor":21,"turns":2},{"damage":0,"enemies":"Slavers","floor":23,"turns":2},{"damage":0,"enemies":"Book of Stabbing","floor":24,"turns":2},{"damage":0,"enemies":"Gremlin Leader","floor":25,"turns":3},{"damage":2,"enemies":"Book of Stabbing","floor":27,"turns":2},{"damage":0,"enemies":"Slavers","floor":28,"turns":1},{"damage":0,"enemies":"Book of Stabbing","floor":31,"turns":2},{"damage":7,"enemies":"Collector","floor":33,"turns":4},{"damage":0,"enemies":"Orb Walker","floor":35,"turns":1},{"damage":0,"enemies":"3 Darklings","floor":36,"turns":4},{"damage":6,"enemies":"2 Orb Walkers","floor":37,"turns":2},{"damage":0,"enemies":"Transient","floor":39,"turns":5},{"damage":0,"enemies":"Nemesis","floor":40,"turns":1},{"damage":0,"enemies":"Giant Head","floor":42,"turns":2},{"damage":0,"enemies":"Nemesis","floor":44,"turns":3},{"damage":0,"enemies":"Giant Head","floor":45,"turns":3},{"damage":0,"enemies":"Nemesis","floor":46,"turns":3},{"damage":0,"enemies":"Giant Head","floor":47,"turns":3},{"damage":0,"enemies":"Reptomancer","floor":48,"turns":2},{"damage":0,"enemies":"Time Eater","floor":50,"turns":4}],"seed_played":"-2746031247036067848","potions_obtained":[{"floor":1,"key":"Block Potion"},{"floor":2,"key":"SkillPotion"},{"floor":4,"key":"Explosive Potion"},{"floor":19,"key":"GamblersBrew"},{"floor":36,"key":"FearPotion"},{"floor":40,"key":"Swift Potion"},{"floor":46,"key":"PowerPotion"}],"is_trial":true,"path_per_floor":["M","M","$","M","?","E","E","R","T","E","$","M","E","E","R","B",null,"M","M","$","M","$","E","E","E","T","E","E","R","R","E","R","B",null,"M","M","?","$","M","E","$","E","T","E","E","E","E","E","R","B",null],"character_chosen":"IRONCLAD","items_purchased":["Leg Sweep","Backstab","Brimstone","Corruption","Shrug It Off","Singing Bowl","Bottled Flame","Oddly Smooth Stone"],"campfire_rested":0,"item_purchase_floors":[3,11,20,38,38,38,41,41],"current_hp_per_floor":[80,80,80,80,80,80,80,80,80,80,80,80,87,87,87,75,90,90,90,90,90,90,90,90,90,90,93,96,96,96,96,96,98,99,99,102,105,105,105,108,108,111,111,114,117,117,130,133,133,133],"gold":258,"neow_bonus":"","is_prod":false,"is_daily":false,"chose_seed":false,"campfire_upgraded":4,"win_rate":0,"timestamp":1555358082,"path_taken":["M","M","$","?","?","E","E","R","T","E","$","M","E","E","R","BOSS","M","M","$","?","$","E","E","E","T","E","E","R","R","E","R","BOSS","M","M","?","$","?","E","$","E","T","E","E","E","E","E","R","BOSS"],"build_version":"2019-04-04","purchased_purges":0,"victory":true,"max_hp_per_floor":[80,80,80,80,80,80,80,80,80,80,80,80,87,87,87,90,90,90,90,90,90,90,90,90,90,90,93,96,96,96,96,96,99,99,99,102,105,105,105,108,108,111,111,114,117,117,130,133,133,133],"card_choices":[{"not_picked":["Twin Strike"],"picked":"Sucker Punch","floor":1},{"not_picked":["Bouncing Flask","Clothesline"],"picked":"SKIP","floor":2},{"not_picked":["Prepared"],"picked":"Hologram","floor":4},{"not_picked":["Die Die Die"],"picked":"Reaper","floor":6},{"not_picked":["Burst"],"picked":"Machine Learning","floor":7},{"not_picked":["Phantasmal Killer"],"picked":"Exhume","floor":10},{"not_picked":["Poisoned Stab"],"picked":"Sword Boomerang","floor":12},{"not_picked":["Berserk"],"picked":"Impervious","floor":13},{"not_picked":["Malaise"],"picked":"Feed","floor":14},{"not_picked":["Bullet Time"],"picked":"Reaper","floor":16}],"player_experience":954113,"relics_obtained":[{"floor":6,"key":"Bag of Preparation"},{"floor":7,"key":"Shovel"},{"floor":9,"key":"PreservedInsect"},{"floor":10,"key":"Nunchaku"},{"floor":13,"key":"Strawberry"},{"floor":14,"key":"Meat on the Bone"},{"floor":15,"key":"War Paint"},{"floor":23,"key":"Ice Cream"},{"floor":24,"key":"Kunai"},{"floor":25,"key":"Turnip"},{"floor":26,"key":"Art of War"},{"floor":27,"key":"Bird Faced Urn"},{"floor":28,"key":"Sundial"},{"floor":31,"key":"Torii"},{"floor":37,"key":"Old Coin"},{"floor":40,"key":"Anchor"},{"floor":42,"key":"Toxic Egg 2"},{"floor":43,"key":"The Courier"},{"floor":44,"key":"Magic Flower"},{"floor":45,"key":"Ancient Tea Set"},{"floor":46,"key":"Bag of Marbles"},{"floor":47,"key":"Pear"},{"floor":48,"key":"Lantern"},{"floor":49,"key":"Bottled Tornado"}],"event_choices":[{"damage_healed":0,"gold_gain":0,"player_choice":"Trade","damage_taken":0,"relics_obtained":["CultistMask"],"max_hp_gain":0,"max_hp_loss":0,"event_name":"FaceTrader","floor":5,"gold_loss":0},{"damage_healed":0,"gold_gain":0,"player_choice":"Fight","damage_taken":0,"max_hp_gain":0,"max_hp_loss":0,"event_name":"Mysterious Sphere","floor":37,"gold_loss":0}],"is_beta":true,"boss_relics":[{"not_picked":["Tiny House","Velvet Choker"],"picked":"Busted Crown"},{"not_picked":["Empty Cage","Astrolabe"],"picked":"Orrery"}],"items_purged_floors":[],"is_endless":false,"potions_floor_spawned":[1,2,4,7,18,19,21,28,36,37,39,40,46,47],"ascension_level":0}