{"path_per_floor":["M","M","?","$","M","M","E","R","T","$","?","M","R","M","R","B",null,"M","?","$","M","M","R","M"],"character_chosen":"DEFECT","items_purchased":["Scrape","Hologram","Gash","Skim","Madness"],"gold_per_floor":[116,131,206,206,219,233,264,264,289,84,84,102,102,119,119,190,190,208,208,16,35,54,54,54,54],"floor_reached":25,"campfire_rested":3,"playtime":779,"current_hp_per_floor":[60,60,49,49,49,17,16,37,37,37,37,37,37,16,37,25,60,40,40,40,31,24,45,45,0],"items_purged":["Strike_B"],"gold":54,"score":359,"play_id":"0f989067-a9c2-4f59-a967-6e0f0b01ae2a","local_time":"20180515222822","is_prod":false,"is_daily":false,"chose_seed":false,"is_ascension_mode":true,"campfire_upgraded":1,"timestamp":1526394502,"path_taken":["M","M","?","$","?","M","E","R","T","$","?","M","R","M","R","BOSS","M","?","$","M","M","R","M","E"],"build_version":"2018-05-14v2","seed_source_timestamp":467958867792069,"purchased_purges":3,"victory":false,"master_deck":["Strike_B","Strike_B","Defend_B","Defend_B","Defend_B","Defend_B","Zap","Dualcast","AscendersBane","Cold Snap","Auto Shields","Seek","White Noise","Gash+1","Scrape","Hologram+1","Storm","Hologram","All For One","Rebound","Gash","Skim","Madness","Hologram"],"max_hp_per_floor":[71,71,71,71,71,71,71,71,71,71,71,71,71,71,71,71,71,71,71,71,71,71,71,71,71],"relics":["Cracked Core","Bag of Preparation","Potion Belt","Nuclear Battery"],"card_choices":[{"not_picked":["Turbo","Undo"],"picked":"Cold Snap","floor":1.0},{"not_picked":["Rebound","Leap"],"picked":"Auto Shields","floor":2.0},{"not_picked":["Axe Kick","Ball Lightning"],"picked":"Seek","floor":5.0},{"not_picked":["Cold Snap","Capacitor"],"picked":"White Noise","floor":6.0},{"not_picked":["Ball Lightning","Axe Kick"],"picked":"Gash","floor":7.0},{"not_picked":["Coolheaded","Turbo"],"picked":"Storm","floor":12.0},{"not_picked":["Conserve Battery","Beam Cell"],"picked":"Hologram","floor":14.0},{"not_picked":["Fusion","Hyperbeam"],"picked":"All For One","floor":16.0},{"not_picked":["Turbo","Go for the Eyes+1"],"picked":"Rebound","floor":18.0},{"not_picked":["Sweeping Beam","Go for the Eyes"],"picked":"Hologram","floor":21.0},{"not_picked":["Capacitor","Auto Shields","Loop+1"],"picked":"SKIP","floor":22.0}],"player_experience":995493,"potions_floor_usage":[25],"damage_taken":[{"damage":4.0,"enemies":"Small Slimes","floor":1.0,"turns":3.0},{"damage":0.0,"enemies":"Jaw Worm","floor":2.0,"turns":4.0},{"damage":0.0,"enemies":"Cultist","floor":5.0,"turns":3.0},{"damage":32.0,"enemies":"Exordium Thugs","floor":6.0,"turns":6.0},{"damage":1.0,"enemies":"Lagavulin","floor":7.0,"turns":8.0},{"damage":0.0,"enemies":"Large Slime","floor":12.0,"turns":5.0},{"damage":21.0,"enemies":"Lots of Slimes","floor":14.0,"turns":4.0},{"damage":12.0,"enemies":"Hexaghost","floor":16.0,"turns":9.0},{"damage":20.0,"enemies":"Spheric Guardian","floor":18.0,"turns":4.0},{"damage":9.0,"enemies":"3 Byrds","floor":21.0,"turns":5.0},{"damage":7.0,"enemies":"3 Cultists","floor":22.0,"turns":4.0},{"damage":0.0,"enemies":"Chosen and Byrds","floor":24.0,"turns":1.0},{"damage":57,"enemies":"Book of Stabbing","floor":25,"turns":4}],"relics_obtained":[{"floor":7.0,"key":"Bag of Preparation"},{"floor":9.0,"key":"Potion Belt"}],"event_choices":[{"event_name":"World of Goop","player_choice":"Gather Gold","floor":3.0,"damage_taken":0.0},{"event_name":"Accursed Blacksmith","player_choice":"Forge","floor":11.0,"damage_taken":0.0},{"event_name":"Purifier","player_choice":"One Purge","floor":19.0,"damage_taken":0.0}],"boss_relics":[],"potions_floor_spawned":[5,7,12,16,21,24],"seed_played":"-8868289491429790686","killed_by":"Book of Stabbing","ascension_level":15,"potions_obtained":[{"floor":5.0,"key":"PowerPotion"},{"floor":7.0,"key":"SneckoOil"},{"floor":12.0,"key":"Dexterity Potion"},{"floor":16.0,"key":"SmokeBomb"},{"floor":21.0,"key":"LiquidBronze"}],"is_trial":false}