{"gold_per_floor":[109,109,109,57,71,104,115,143,170,185,260,260,260,278,278,355,355,365,382,82,82,98,98,129,52,78,89,89,119,119,146,146,220,220,236,136,146,163,181,181,209,225,225,258,18,18,18,18,18,18,18,18,18,47,47],"floor_reached":56,"playtime":2246,"items_purged":["Strike_R","Shame"],"score":2062,"play_id":"435022fe-7b8e-45b2-96ad-094b3381bf0f","local_time":"20190418013735","is_ascension_mode":true,"campfire_choices":[{"data":"Armaments","floor":12.0,"key":"SMITH"},{"data":"Shrug It Off","floor":15.0,"key":"SMITH"},{"floor":23.0,"key":"REST"},{"floor":28.0,"key":"REST"},{"floor":32.0,"key":"REST"},{"floor":40.0,"key":"RECALL"},{"floor":46.0,"key":"REST"},{"floor":49.0,"key":"REST"},{"data":"Juggernaut","floor":52.0,"key":"SMITH"}],"neow_cost":"TEN_PERCENT_HP_LOSS","seed_source_timestamp":858428394299742,"circlet_count":0,"master_deck":["AscendersBane","Strike_R","Strike_R","Strike_R+1","Defend_R","Defend_R","Defend_R","Bash","Shrug It Off+1","Shrug It Off+1","Carnage","Heavy Blade","Armaments+1","Disarm","Combust","Inflame","Offering","Sword Boomerang","Inflame","Hemokinesis","Shrug It Off","Disarm","Corruption","True Grit","Entrench","Ghostly","Ghostly","Ghostly","Barricade","Spot Weakness","Juggernaut+1","Injury","Shrug It Off","Madness","Madness"],"special_seed":0,"relics":["Burning Blood","Turnip","Ancient Tea Set","Bag of Marbles","Anchor","Question Card","Cursed Key","Vajra","Happy Flower","Lantern","Singing Bowl","Red Mask","Snecko Eye","Red Skull","Meat on the Bone","Strange Spoon","Oddly Smooth Stone"],"potions_floor_usage":[55],"damage_taken":[{"damage":8.0,"enemies":"2 Louse","floor":1.0,"turns":3.0},{"damage":0.0,"enemies":"Cultist","floor":5.0,"turns":4.0},{"damage":17.0,"enemies":"Lagavulin","floor":6.0,"turns":6.0},{"damage":7.0,"enemies":"Small Slimes","floor":7.0,"turns":3.0},{"damage":29.0,"enemies":"Gremlin Nob","floor":8.0,"turns":6.0},{"damage":1.0,"enemies":"2 Fungi Beasts","floor":10.0,"turns":4.0},{"damage":0.0,"enemies":"Looter","floor":14.0,"turns":3.0},{"damage":25.0,"enemies":"The Guardian","floor":16.0,"turns":13.0},{"damage":20.0,"enemies":"2 Thieves","floor":18.0,"turns":3.0},{"damage":30.0,"enemies":"Spheric Guardian","floor":19.0,"turns":4.0},{"damage":19.0,"enemies":"Snake Plant","floor":22.0,"turns":4.0},{"damage":19.0,"enemies":"Slavers","floor":24.0,"turns":5.0},{"damage":9.0,"enemies":"Sentry and Sphere","floor":27.0,"turns":3.0},{"damage":20.0,"enemies":"Book of Stabbing","floor":29.0,"turns":4.0},{"damage":21.0,"enemies":"Masked Bandits","floor":31.0,"turns":6.0},{"damage":18.0,"enemies":"Automaton","floor":33.0,"turns":11.0},{"damage":7.0,"enemies":"Orb Walker","floor":35.0,"turns":5.0},{"damage":0.0,"enemies":"3 Shapes","floor":37.0,"turns":2.0},{"damage":1.0,"enemies":"3 Darklings","floor":38.0,"turns":4.0},{"damage":0.0,"enemies":"Spire Growth","floor":39.0,"turns":4.0},{"damage":14.0,"enemies":"Nemesis","floor":41.0,"turns":7.0},{"damage":0.0,"enemies":"Jaw Worm Horde","floor":42.0,"turns":6.0},{"damage":32.0,"enemies":"Giant Head","floor":44.0,"turns":8.0},{"damage":12.0,"enemies":"Time Eater","floor":50.0,"turns":13.0},{"damage":5.0,"enemies":"Shield and Spear","floor":54.0,"turns":10.0},{"damage":46,"enemies":"The Heart","floor":55,"turns":11}],"seed_played":"-425456643222645948","potions_obtained":[{"floor":1.0,"key":"PowerPotion"},{"floor":6.0,"key":"Regen Potion"},{"floor":7.0,"key":"SpeedPotion"},{"floor":14.0,"key":"Regen Potion"},{"floor":22.0,"key":"Swift Potion"},{"floor":24.0,"key":"Strength Potion"},{"floor":33.0,"key":"Energy Potion"},{"floor":38.0,"key":"PowerPotion"},{"floor":41.0,"key":"GamblersBrew"},{"floor":44.0,"key":"SmokeBomb"}],"is_trial":false,"path_per_floor":["M","?","?","$","M","E","M","E","T","M","?","R","T","M","R","B",null,"M","M","$","?","M","R","E","$","T","M","R","E","?","?","R","B",null,"M","$","M","M","M","R","E","M","T","E","$","R","?","?","R","B",null,"R","$","E","B",null],"character_chosen":"IRONCLAD","items_purchased":["Shrug It Off","Vajra","Inflame","Corruption","Strange Spoon","Shrug It Off"],"campfire_rested":5,"item_purchase_floors":[4,20,20,25,45,45],"current_hp_per_floor":[66,46,46,46,52,41,40,32,32,37,26,26,26,32,32,13,54,40,16,16,16,15,35,22,22,22,19,39,25,25,12,22,10,30,29,29,37,40,42,42,34,42,42,18,18,31,23,25,39,33,44,44,44,47,19],"gold":47,"neow_bonus":"ONE_RARE_RELIC","is_prod":false,"is_daily":false,"chose_seed":false,"campfire_upgraded":3,"win_rate":0,"timestamp":1555565855,"path_taken":["M","?","?","$","M","E","M","E","T","M","?","R","?","?","R","BOSS","M","M","$","?","M","R","E","$","T","M","R","E","?","?","R","BOSS","M","$","M","M","M","R","E","M","T","E","$","R","?","?","R","BOSS","R","$","E","BOSS"],"build_version":"2019-04-04","purchased_purges":2,"victory":true,"max_hp_per_floor":[68,68,68,68,68,68,68,68,68,68,68,68,68,68,68,68,68,68,68,68,68,68,68,68,68,68,68,68,68,34,36,36,36,36,36,36,38,40,42,42,42,44,44,46,46,46,46,48,48,48,48,48,48,50,50],"card_choices":[{"not_picked":["Reckless Charge","Flex"],"picked":"Shrug It Off","floor":1.0},{"not_picked":["Warcry","Havoc"],"picked":"Carnage","floor":5.0},{"not_picked":["Body Slam","Sever Soul"],"picked":"Heavy Blade","floor":6.0},{"not_picked":["True Grit","Perfected Strike"],"picked":"Armaments","floor":7.0},{"not_picked":["Sword Boomerang","Evolve"],"picked":"Disarm","floor":8.0},{"not_picked":["Sever Soul","Reckless Charge"],"picked":"Combust","floor":10.0},{"not_picked":["Bloodletting","Headbutt","Perfected Strike"],"picked":"Inflame","floor":14.0},{"not_picked":["Fiend Fire","Limit Break","Demon Form"],"picked":"Offering","floor":16.0},{"not_picked":["Havoc","Evolve","Warcry"],"picked":"Sword Boomerang","floor":18.0},{"not_picked":["Perfected Strike","Havoc","Clothesline","Heavy Blade"],"picked":"SKIP","floor":19.0},{"not_picked":["Reckless Charge","Fiend Fire","Hemokinesis","Iron Wave"],"picked":"SKIP","floor":22.0},{"not_picked":["Warcry","Havoc","Iron Wave"],"picked":"Disarm","floor":24.0},{"not_picked":["Armaments","Anger","Offering"],"picked":"True Grit","floor":27.0},{"not_picked":["Headbutt","Hemokinesis","Dark Embrace"],"picked":"Entrench","floor":29.0},{"not_picked":["Clothesline","Body Slam","Wild Strike","Warcry"],"picked":"Singing Bowl","floor":31.0},{"not_picked":["Offering","Exhume","Feed"],"picked":"Barricade","floor":33.0},{"not_picked":["Corruption+1","Dual Wield","Intimidate"],"picked":"Spot Weakness","floor":35.0},{"not_picked":["Perfected Strike","Uppercut","Iron Wave","Headbutt"],"picked":"Singing Bowl","floor":37.0},{"not_picked":["Cleave","Inflame+1","Shrug It Off","Havoc"],"picked":"Singing Bowl","floor":38.0},{"not_picked":["Sword Boomerang","Thunderclap+1","Flex+1","Fiend Fire"],"picked":"Singing Bowl","floor":39.0},{"not_picked":["Rampage","Pommel Strike","Searing Blow"],"picked":"Juggernaut","floor":41.0},{"not_picked":["Searing Blow","Disarm","Iron Wave","Dropkick"],"picked":"Singing Bowl","floor":42.0},{"not_picked":["Intimidate","Seeing Red+1","Warcry","Barricade"],"picked":"Singing Bowl","floor":44.0},{"not_picked":["Bandage Up","Madness","Impatience","Dramatic Entrance"],"picked":"Singing Bowl","floor":48.0},{"not_picked":["Fiend Fire","True Grit","Pummel","Warcry"],"picked":"Singing Bowl","floor":54.0}],"player_experience":966451,"relics_obtained":[{"floor":6.0,"key":"Ancient Tea Set"},{"floor":8.0,"key":"Bag of Marbles"},{"floor":9.0,"key":"Anchor"},{"floor":13.0,"key":"Question Card"},{"floor":24.0,"key":"Happy Flower"},{"floor":26.0,"key":"Lantern"},{"floor":29.0,"key":"Singing Bowl"},{"floor":31.0,"key":"Red Mask"},{"floor":41.0,"key":"Red Skull"},{"floor":44.0,"key":"Meat on the Bone"},{"floor":54.0,"key":"Oddly Smooth Stone"}],"event_choices":[{"damage_healed":0.0,"max_hp_gain":0.0,"max_hp_loss":0.0,"gold_gain":0.0,"event_name":"Shining Light","player_choice":"Entered Light","floor":2.0,"gold_loss":0.0,"damage_taken":20.0,"cards_upgraded":["Shrug It Off","Strike_R"]},{"damage_healed":0.0,"max_hp_gain":0.0,"max_hp_loss":0.0,"gold_gain":0.0,"event_name":"Golden Wing","player_choice":"Ignored","floor":3.0,"gold_loss":0.0,"damage_taken":0.0},{"damage_healed":0.0,"max_hp_gain":0.0,"max_hp_loss":0.0,"gold_gain":75.0,"event_name":"World of Goop","player_choice":"Gather Gold","floor":11.0,"gold_loss":0.0,"damage_taken":11.0},{"damage_healed":0.0,"max_hp_gain":0.0,"max_hp_loss":0.0,"gold_gain":0.0,"cards_transformed":["Strike_R","Defend_R"],"event_name":"Drug Dealer","player_choice":"Became Test Subject","floor":21.0,"gold_loss":0.0,"damage_taken":0.0,"cards_obtained":["Hemokinesis","Shrug It Off"]},{"damage_healed":0.0,"max_hp_gain":0.0,"max_hp_loss":34.0,"gold_gain":0.0,"event_name":"Ghosts","player_choice":"Became a Ghost","floor":30.0,"gold_loss":0.0,"damage_taken":0.0,"cards_obtained":["Ghostly","Ghostly","Ghostly"]},{"damage_healed":0.0,"max_hp_gain":0.0,"max_hp_loss":0.0,"gold_gain":0.0,"event_name":"Masked Bandits","player_choice":"Fought Bandits","floor":31.0,"gold_loss":0.0,"damage_taken":0.0},{"damage_healed":0.0,"max_hp_gain":0.0,"max_hp_loss":0.0,"gold_gain":0.0,"event_name":"Winding Halls","player_choice":"Embrace Madness","floor":47.0,"gold_loss":0.0,"damage_taken":8.0,"cards_obtained":["Madness","Madness"]},{"damage_healed":0.0,"max_hp_gain":0.0,"max_hp_loss":0.0,"gold_gain":0.0,"event_name":"SensoryStone","player_choice":"Memory 1","floor":48.0,"gold_loss":0.0,"damage_taken":0.0}],"is_beta":true,"boss_relics":[{"not_picked":["Coffee Dripper","Philosopher\u0027s Stone"],"picked":"Cursed Key"},{"not_picked":["Mark of Pain","Fusion Hammer"],"picked":"Snecko Eye"}],"items_purged_floors":[20,36],"is_endless":false,"potions_floor_spawned":[1,6,7,14,19,22,24,33,38,41,44],"ascension_level":15}