{"path_per_floor":["M","?","M","M","?","R","?","E","T","M","$","R","E","M","R","B",null,"M","?","M","?","?","R","E","R","T","$","M","M","?","E","R","B",null,"M","M","$","M","$","E","?","E","T","M","R","M","M","E","R","B"],"character_chosen":"DEFECT","items_purchased":["Capacitor","Beam Cell","Ornamental Fan","Go for the Eyes","Double Energy","Finesse"],"gold_per_floor":[112,112,129,143,318,318,318,343,368,387,5,5,39,49,49,154,154,165,165,185,110,110,110,143,143,143,32,43,60,0,26,26,122,122,133,144,144,155,49,84,84,119,119,131,131,147,166,197,197,197],"floor_reached":51,"campfire_rested":5,"playtime":2357,"current_hp_per_floor":[68,61,54,49,49,71,71,45,45,36,36,58,33,32,32,16,60,53,37,20,20,16,28,27,39,39,39,23,22,22,22,34,42,42,42,41,41,41,41,43,43,43,43,43,43,41,41,43,43,38],"items_purged":["Strike_B"],"gold":197,"score":1243,"play_id":"57cfb109-398a-42d5-a1a1-2d3ded9a9824","local_time":"20180504234146","is_prod":false,"is_daily":false,"chose_seed":false,"is_ascension_mode":true,"campfire_upgraded":3,"timestamp":1525448506,"path_taken":["M","?","M","?","?","R","?","E","T","M","$","R","E","M","R","BOSS","M","?","M","?","?","R","E","R","T","$","M","?","?","E","R","BOSS","M","M","$","M","$","E","?","E","T","M","R","?","?","E","R","BOSS"],"build_version":"2018-05-03","seed_source_timestamp":815545532164290,"purchased_purges":2,"victory":true,"master_deck":["Zap","Dualcast","Cold Snap","Heatsinks","Hello World+1","Chill","Capacitor","Beam Cell","Go for the Eyes","Lockon","Impulse","Go for the Eyes","Echo Form","Storm","Ghostly","Ghostly","Ghostly","Ghostly","Ghostly","Defragment+1","Rainbow","Capacitor","Buffer+1","Double Energy","Glacier+1","Defragment+1","Creative AI","Turbo","Leap","Melter+1","Beam Cell+1","Undo","Capacitor+1","Force Field","Capacitor+1","Finesse","Skim","Storm"],"max_hp_per_floor":[75,75,75,75,75,75,75,75,75,75,75,75,75,75,75,75,75,75,37,37,37,42,42,42,42,42,42,42,42,42,42,42,42,42,42,42,42,42,42,44,44,46,46,48,48,48,48,50,50,50],"relics":["Cracked Core","Pen Nib","Art of War","Dream Catcher","Ornamental Fan","Bronze Scales","Sozu","Molten Egg 2","Matryoshka","Toolbox","Pandora\u0027s Box","Singing Bowl","Bag of Marbles","Cables","Dodecahedron","Oddly Smooth Stone"],"card_choices":[{"not_picked":["Go for the Eyes","Skim"],"picked":"Cold Snap","floor":1.0},{"not_picked":["BootSequence","Turbo"],"picked":"Rip and Tear","floor":3.0},{"not_picked":["Rip and Tear","FTL"],"picked":"Heatsinks","floor":4.0},{"not_picked":["Axe Kick","Turbo"],"picked":"Hello World","floor":8.0},{"not_picked":["Hologram","Cold Snap"],"picked":"Chill","floor":10.0},{"not_picked":["Cold Snap","Ball Lightning"],"picked":"Lockon","floor":12.0},{"not_picked":["Hologram","Axe Kick"],"picked":"Impulse","floor":13.0},{"not_picked":["Blizzard","Steam Power"],"picked":"Go for the Eyes","floor":14.0},{"not_picked":["Multi-Cast","Redo"],"picked":"Echo Form","floor":16.0},{"not_picked":["Barrage","Consume"],"picked":"Storm","floor":18.0},{"not_picked":["Barrage","Rebound"],"picked":"Defragment","floor":20.0},{"not_picked":["Beam Cell","Sunder"],"picked":"Rainbow","floor":23.0},{"not_picked":["Go for the Eyes","Barrage"],"picked":"Capacitor","floor":24.0},{"not_picked":["Sweeping Beam","Lockon"],"picked":"Buffer","floor":25.0},{"not_picked":["Streamline","Sweeping Beam"],"picked":"Glacier","floor":31.0},{"not_picked":["Skim","Streamline"],"picked":"Defragment","floor":32.0},{"not_picked":["Hyperbeam","Echo Form"],"picked":"Creative AI","floor":33.0},{"not_picked":["Streamline","Cold Snap"],"picked":"Capacitor","floor":35.0},{"not_picked":["Ball Lightning","Leap"],"picked":"Force Field","floor":36.0},{"not_picked":["Conserve Battery","Nova"],"picked":"Capacitor","floor":38.0},{"not_picked":["Axe Kick","Turbo"],"picked":"Skim","floor":46.0},{"not_picked":["Axe Kick","Barrage"],"picked":"Storm","floor":47.0}],"player_experience":939928,"potions_floor_usage":[],"damage_taken":[{"damage":0.0,"enemies":"Small Slimes","floor":1.0,"turns":3.0},{"damage":7.0,"enemies":"Jaw Worm","floor":3.0,"turns":3.0},{"damage":5.0,"enemies":"2 Louse","floor":4.0,"turns":3.0},{"damage":26.0,"enemies":"Lagavulin","floor":8.0,"turns":7.0},{"damage":9.0,"enemies":"Red Slaver","floor":10.0,"turns":3.0},{"damage":25.0,"enemies":"Gremlin Nob","floor":13.0,"turns":4.0},{"damage":1.0,"enemies":"3 Louse","floor":14.0,"turns":2.0},{"damage":31.0,"enemies":"The Guardian","floor":16.0,"turns":12.0},{"damage":7.0,"enemies":"Spheric Guardian","floor":18.0,"turns":5.0},{"damage":17.0,"enemies":"Shell Parasite","floor":20.0,"turns":6.0},{"damage":1.0,"enemies":"Gremlin Leader","floor":24.0,"turns":8.0},{"damage":16.0,"enemies":"Cultist and Chosen","floor":28.0,"turns":7.0},{"damage":1.0,"enemies":"Centurion and Healer","floor":29.0,"turns":7.0},{"damage":0.0,"enemies":"Book of Stabbing","floor":31.0,"turns":6.0},{"damage":0.0,"enemies":"Champ","floor":33.0,"turns":10.0},{"damage":0.0,"enemies":"3 Shapes","floor":35.0,"turns":4.0},{"damage":1.0,"enemies":"Flame Bruiser 1 Orb","floor":36.0,"turns":8.0},{"damage":0.0,"enemies":"Maw","floor":38.0,"turns":6.0},{"damage":0.0,"enemies":"Giant Head","floor":40.0,"turns":8.0},{"damage":2.0,"enemies":"2 Orb Walkers","floor":42.0,"turns":7.0},{"damage":2.0,"enemies":"Sphere and 2 Shapes","floor":44.0,"turns":8.0},{"damage":2.0,"enemies":"3 Darklings","floor":46.0,"turns":6.0},{"damage":0.0,"enemies":"4 Shapes","floor":47.0,"turns":5.0},{"damage":0.0,"enemies":"Giant Head","floor":48.0,"turns":7.0},{"damage":5,"enemies":"Awakened One","floor":50,"turns":8}],"event_choices":[{"event_name":"Golden Wing","player_choice":"Card Removal","floor":2.0,"damage_taken":0.0},{"event_name":"Liars Game","player_choice":"agreed","floor":5.0,"damage_taken":0.0},{"event_name":"Living Wall","player_choice":"Forget","floor":7.0,"damage_taken":0.0},{"event_name":"Ghosts","player_choice":"Became a Ghost","floor":19.0,"damage_taken":0.0},{"event_name":"Beggar","player_choice":"Gave Gold","floor":21.0,"damage_taken":0.0},{"event_name":"Forgotten Altar","player_choice":"Shed Blood","floor":22.0,"damage_taken":0.0},{"event_name":"Masked Bandits","player_choice":"Paid Bandits 60 gold","floor":30.0,"damage_taken":0.0}],"boss_relics":[],"potions_floor_spawned":[10,13,14,20,24,29,40,44,47,48],"seed_played":"1057988875221129943","ascension_level":6,"is_trial":false}