{"path_per_floor":["M","M","M","M","M","R","?","R","T","E","$","E","R","?","R","B",null,"M","?","M","?","?","R","M","R","T","E","M","M","$","T","R","B",null,"M","M","?","M","M","R","E","?","T","$","R","$","E","?","R","B"],"character_chosen":"IRONCLAD","items_purchased":["Mercury Hourglass","Mummified Hand"],"gold_per_floor":[117,133,151,161,175,175,204,204,204,234,159,185,185,278,278,373,373,387,387,398,398,398,398,415,415,415,450,462,479,130,180,180,279,279,291,308,308,322,332,332,357,357,382,1,1,1,35,86,86,86],"floor_reached":51,"campfire_rested":0,"playtime":4316,"current_hp_per_floor":[74,74,80,77,80,80,58,58,58,60,60,54,54,75,75,81,87,78,78,84,68,68,68,71,71,71,68,74,80,80,80,80,86,87,84,87,87,87,80,80,74,74,74,74,74,74,66,78,78,75],"items_purged":["Strike_R","Injury","Strike_R"],"gold":86,"play_id":"e0d8e6b2-73fa-4a17-9e32-e6c251d8dcd8","is_prod":false,"is_daily":false,"is_ascension_mode":false,"campfire_upgraded":10,"path_taken":["M","M","?","M","M","R","?","R","T","E","$","E","R","?","R","BOSS","M","?","M","?","?","R","M","R","T","E","M","M","$","?","R","BOSS","M","M","?","M","M","R","E","?","T","$","R","?","E","?","R","BOSS"],"build_version":"2018-01-25-PROD3","purchased_purges":3,"victory":true,"master_deck":["Strike_R","Strike_R","Strike_R","Defend_R+1","Defend_R+1","Defend_R","Defend_R","Bash+1","Shrug It Off+1","Flame Barrier+1","Whirlwind+1","Body Slam+1","Pommel Strike+1","Barricade+1","Seeing Red+1","Demon Form+1","Iron Wave+1","Necronomicurse","Entrench+1","Immolate","Juggernaut+1","Body Slam+1","Body Slam+1"],"max_hp_per_floor":[80,80,80,80,80,80,80,80,80,87,87,87,87,87,87,87,87,87,87,87,87,87,87,87,87,87,87,87,87,87,87,87,87,87,87,87,87,87,87,87,87,87,87,87,87,87,87,87,87,87],"relics":["Black Blood","Lantern","Odd Mushroom","Thread and Needle","Strawberry","Anchor","Tiny Chest","Velvet Choker","Necronomicon","Champion Belt","War Paint","Mercury Hourglass","Juzu Bracelet","Pen Nib","Singing Bowl","Mummified Hand","Blood Vial","Red Skull"],"card_choices":[{"not_picked":["Searing Blow","Body Slam"],"picked":"Shrug It Off"},{"not_picked":["Corruption","Reckless Charge"],"picked":"Flame Barrier"},{"not_picked":["Thunderclap","Fire Breathing"],"picked":"Whirlwind"},{"not_picked":["Whirlwind","Perfected Strike"],"picked":"Body Slam"},{"not_picked":["Dropkick","Searing Blow"],"picked":"Pommel Strike"},{"not_picked":["Dropkick","Wild Strike"],"picked":"Barricade"},{"not_picked":["Pommel Strike","Ghostly Armor"],"picked":"Seeing Red"},{"not_picked":["Dark Embrace","Barricade"],"picked":"Demon Form"},{"not_picked":["Headbutt","Flex"],"picked":"Iron Wave"},{"not_picked":["Wild Strike","Reckless Charge"],"picked":"Entrench"},{"not_picked":["Exhume","Limit Break"],"picked":"Immolate"},{"not_picked":["Shrug It Off","Second Wind"],"picked":"Juggernaut"},{"not_picked":["Armaments","Exhume"],"picked":"Body Slam"},{"not_picked":["Second Wind","Power Through"],"picked":"Body Slam"}],"player_experience":164576,"potions_floor_usage":[10,10,14,14,20,28,29,47,50,50],"damage_taken":[{"damage":12,"enemies":"Blue Slaver","floor":1,"turns":2},{"damage":6,"enemies":"Cultist","floor":2,"turns":3},{"damage":0,"enemies":"Small Slimes","floor":3,"turns":3},{"damage":9,"enemies":"2 Fungi Beasts","floor":4,"turns":4},{"damage":0,"enemies":"3 Louse","floor":5,"turns":1},{"damage":28,"enemies":"The Mushroom Lair","floor":7,"turns":4},{"damage":11,"enemies":"Lagavulin","floor":10,"turns":6},{"damage":12,"enemies":"Gremlin Nob","floor":12,"turns":5},{"damage":0,"enemies":"3 Sentries","floor":14,"turns":6},{"damage":0,"enemies":"Slime Boss","floor":16,"turns":30},{"damage":15,"enemies":"2 Thieves","floor":18,"turns":3},{"damage":0,"enemies":"3 Byrds","floor":20,"turns":4},{"damage":3,"enemies":"Snecko","floor":24,"turns":5},{"damage":9,"enemies":"Book of Stabbing","floor":27,"turns":6},{"damage":0,"enemies":"3 Cultists","floor":28,"turns":3},{"damage":0,"enemies":"Centurion and Healer","floor":29,"turns":5},{"damage":0,"enemies":"Champ","floor":33,"turns":7},{"damage":13,"enemies":"3 Shapes","floor":35,"turns":6},{"damage":0,"enemies":"Orb Walker","floor":36,"turns":3},{"damage":0,"enemies":"Maw","floor":38,"turns":6},{"damage":17,"enemies":"Sphere and 2 Shapes","floor":39,"turns":3},{"damage":16,"enemies":"2 Orb Walkers","floor":41,"turns":4},{"damage":18,"enemies":"Nemesis","floor":47,"turns":7},{"damage":0,"enemies":"Mysterious Sphere","floor":48,"turns":2},{"damage":15,"enemies":"Awakened One","floor":50,"turns":9}],"event_choices":[{"event_name":"Mushrooms","player_choice":"Fought Mushrooms","floor":7,"damage_taken":0},{"event_name":"Dead Adventurer","player_choice":"Searched \u00272\u0027 times","floor":14,"damage_taken":0},{"event_name":"Accursed Blacksmith","player_choice":"Forge","floor":19,"damage_taken":0},{"event_name":"Cursed Tome","player_choice":"Obtained Book","floor":21,"damage_taken":0},{"event_name":"Drug Dealer","player_choice":"Ignored","floor":22,"damage_taken":0},{"event_name":"Tomb of Lord Red Mask","player_choice":"Ignored","floor":37,"damage_taken":0},{"event_name":"The Lab","player_choice":"Got Potions","floor":42,"damage_taken":0},{"event_name":"Mysterious Sphere","player_choice":"Fight","floor":48,"damage_taken":0}],"boss_relics":[{"not_picked":["Eternal Feather","Runic Cube"],"picked":"Velvet Choker"},{"not_picked":["Pandora\u0027s Box","Philosopher\u0027s Stone"],"picked":"Black Blood"}],"potions_floor_spawned":[1,5,7,10,18,20,24,28,35,36,39,47],"seed_played":"-5615032390357905802","ascension_level":0,"is_trial":false}