{"gold_per_floor":[112,112,122,142,156,185,185,216,264,264],"floor_reached":10,"playtime":418,"items_purged":[],"score":121,"play_id":"734b45a6-efef-4d0e-9ffe-c0d158839c9c","local_time":"20181209115617","is_ascension_mode":true,"campfire_choices":[{"data":"Biased Cognition","floor":7,"key":"SMITH"}],"neow_cost":"PERCENT_DAMAGE","seed_source_timestamp":261996499743485,"circlet_count":0,"master_deck":["AscendersBane","Strike_B","Strike_B","Strike_B","Strike_B","Defend_B","Defend_B","Defend_B","Defend_B","Zap","Dualcast","Biased Cognition+1","Hologram","Coolheaded","Ball Lightning","Go for the Eyes","Compile Driver","Leap"],"relics":["Cracked Core","Centennial Puzzle","Cables","Smiling Mask"],"potions_floor_usage":[],"damage_taken":[{"damage":11,"enemies":"Jaw Worm","floor":1,"turns":4},{"damage":0,"enemies":"Small Slimes","floor":3,"turns":3},{"damage":0,"enemies":"Cultist","floor":4,"turns":3},{"damage":11,"enemies":"3 Louse","floor":5,"turns":3},{"damage":27,"enemies":"3 Sentries","floor":6,"turns":8},{"damage":20,"enemies":"Lagavulin","floor":8,"turns":7},{"damage":9,"enemies":"3 Sentries","floor":10,"turns":2}],"seed_played":"2813312691838941100","potions_obtained":[{"floor":5,"key":"Dexterity Potion"},{"floor":8,"key":"GamblersBrew"}],"is_trial":false,"path_per_floor":["M","?","M","M","M","E","R","E","T","?"],"character_chosen":"DEFECT","items_purchased":[],"campfire_rested":0,"item_purchase_floors":[],"current_hp_per_floor":[39,64,64,64,53,26,26,6,6,0],"gold":264,"neow_bonus":"THREE_RARE_CARDS","is_prod":false,"is_daily":false,"chose_seed":false,"campfire_upgraded":1,"win_rate":0,"timestamp":1544336777,"path_taken":["M","?","M","M","M","E","R","E","T","?"],"build_version":"2018-12-06","purchased_purges":0,"victory":false,"max_hp_per_floor":[75,75,75,75,75,75,75,75,75,75],"card_choices":[{"not_picked":["Seek","Reboot"],"picked":"Biased Cognition","floor":0},{"not_picked":["Redo","Lockon"],"picked":"Hologram","floor":1},{"not_picked":["Rebound","Hologram"],"picked":"Coolheaded","floor":3},{"not_picked":["Genetic Algorithm","Gash"],"picked":"Ball Lightning","floor":4},{"not_picked":["Blizzard","Gash"],"picked":"Go for the Eyes","floor":5},{"not_picked":["Turbo","Chaos"],"picked":"Compile Driver","floor":6},{"not_picked":["Static Discharge","Compile Driver"],"picked":"Leap","floor":8}],"player_experience":879563,"relics_obtained":[{"floor":6,"key":"Centennial Puzzle"},{"floor":8,"key":"Cables"},{"floor":9,"key":"Smiling Mask"}],"event_choices":[{"damage_healed":25,"gold_gain":0,"player_choice":"Banana","damage_taken":0,"max_hp_gain":0,"max_hp_loss":0,"event_name":"Big Fish","floor":2,"gold_loss":0},{"damage_healed":0,"gold_gain":0,"player_choice":"Searched \u00272\u0027 times","damage_taken":0,"max_hp_gain":0,"max_hp_loss":0,"event_name":"Dead Adventurer","floor":10,"gold_loss":0}],"is_beta":true,"boss_relics":[],"items_purged_floors":[],"is_endless":false,"potions_floor_spawned":[5,8],"killed_by":"3 Sentries","ascension_level":11}