{"path_per_floor":["M","?","M","M","?","E","M","M","T","R","$","R","E","M","R","B",null,"M","M","$","M","?","R","?","R","T","T","R","E","M","E","R","B",null,"M","$","?","?","?","M","E","M","T","R","?","R","M","M","R","B"],"character_chosen":"DEFECT","items_purchased":["Double Energy","Oddly Smooth Stone","Flux Capacitor","Panacea","Blaster","Dexterity Potion"],"gold_per_floor":[113,113,126,137,137,177,201,216,216,216,33,33,77,95,95,223,223,238,263,20,36,0,0,0,0,53,80,80,124,142,182,182,182,182,205,12,12,12,68,86,120,143,166,166,166,166,181,201,201,201],"floor_reached":51,"campfire_rested":4,"playtime":2796,"current_hp_per_floor":[68,61,61,61,44,56,56,53,53,53,53,53,48,48,48,35,68,57,56,56,17,17,37,37,57,57,57,57,52,52,47,67,20,68,68,68,68,68,62,62,54,43,43,63,63,63,63,63,63,36],"items_purged":["Strike_B","Strike_B"],"gold":201,"score":760,"play_id":"3fab88bf-32f6-4325-893b-1e4bd0c567a3","local_time":"20180427221348","is_prod":false,"is_daily":false,"chose_seed":false,"is_ascension_mode":true,"campfire_upgraded":6,"timestamp":1524838428,"path_taken":["M","?","M","M","?","E","M","M","T","R","$","R","E","M","R","BOSS","M","M","$","M","?","R","?","R","T","?","R","E","M","E","R","BOSS","M","$","?","?","?","M","E","M","T","R","?","R","M","M","R","BOSS"],"build_version":"2018-04-26v2","seed_source_timestamp":205023296271552,"purchased_purges":2,"victory":true,"master_deck":["Strike_B","Defend_B","Defend_B","Defend_B","Defend_B","Zap+1","Dualcast","Defragment+1","Doom and Gloom","Ball Lightning","Hologram","Reboot","Capacitor","Double Energy","Impulse+1","Go for the Eyes","Seek+1","Coolheaded+1","Double Energy+1","Flux Capacitor","Panacea","Darkness+1","Conserve Battery","Chaos+1","Loop+1","Blaster","Master of Strategy","Rebound","Double Energy","Coolheaded+1","Capacitor+1","Master of Strategy","Reboot+1","Go for the Eyes+1"],"max_hp_per_floor":[68,68,68,68,68,68,68,68,68,68,68,68,68,68,68,68,68,68,68,68,68,68,68,68,68,68,68,68,68,68,68,68,68,68,68,68,68,68,68,68,68,68,68,68,68,68,68,68,68,68],"relics":["Cracked Core","Thread and Needle","Golden Idol","Juzu Bracelet","Mercury Hourglass","Oddly Smooth Stone","Letter Opener","Runic Dome","Art of War","Prayer Wheel","Matryoshka","Kunai","Lizard Tail","Dead Branch","Vajra","Bag of Marbles","Pen Nib"],"card_choices":[{"not_picked":["Hologram","Leap"],"picked":"Defragment","floor":1},{"not_picked":["Rebound","Streamline"],"picked":"Doom and Gloom","floor":3},{"not_picked":["Nova","Doom and Gloom"],"picked":"Ball Lightning","floor":4},{"not_picked":["Stack","Sweeping Beam"],"picked":"Hologram","floor":6},{"not_picked":["Sweeping Beam","Stack"],"picked":"Reboot","floor":7},{"not_picked":["Force Field","Axe Kick"],"picked":"Capacitor","floor":8},{"not_picked":["Hello World","Coolheaded"],"picked":"Impulse","floor":13},{"not_picked":["Skim","Rip and Tear"],"picked":"Go for the Eyes","floor":14},{"not_picked":["Fission","Multi-Cast"],"picked":"Seek","floor":16},{"not_picked":["Stack","Blaster"],"picked":"Coolheaded","floor":18},{"not_picked":["Leap","Hologram"],"picked":"Double Energy","floor":19},{"not_picked":["Blizzard","Leap"],"picked":"Darkness","floor":21},{"not_picked":["Sweeping Beam","Loop"],"picked":"Conserve Battery","floor":29},{"not_picked":["Sweeping Beam","Doom and Gloom"],"picked":"Rebound","floor":30},{"not_picked":["Hello World","Genetic Algorithm"],"picked":"Chaos","floor":31},{"not_picked":["Flux Capacitor","Rip and Tear"],"picked":"Loop","floor":35},{"not_picked":["Enlightenment","Secret Technique"],"picked":"Master of Strategy","floor":37},{"not_picked":["Impulse","Conserve Battery"],"picked":"Rebound","floor":40},{"not_picked":["Blizzard","Streamline"],"picked":"Double Energy","floor":41},{"not_picked":["Storm","Hologram"],"picked":"Coolheaded","floor":42},{"not_picked":["Ball Lightning","Impulse"],"picked":"Capacitor","floor":43},{"not_picked":["Hello World","Streamline"],"picked":"Reboot","floor":47},{"not_picked":["Capacitor","Coolheaded"],"picked":"Go for the Eyes","floor":48}],"player_experience":907888,"potions_floor_usage":[6,18,29,31,31,50,50,50],"damage_taken":[{"damage":0,"enemies":"2 Louse","floor":1,"turns":3},{"damage":0,"enemies":"Jaw Worm","floor":3,"turns":4},{"damage":0,"enemies":"Small Slimes","floor":4,"turns":3},{"damage":3,"enemies":"3 Sentries","floor":6,"turns":6},{"damage":0,"enemies":"Blue Slaver","floor":7,"turns":4},{"damage":3,"enemies":"Exordium Thugs","floor":8,"turns":5},{"damage":5,"enemies":"Lagavulin","floor":13,"turns":6},{"damage":0,"enemies":"Red Slaver","floor":14,"turns":3},{"damage":13,"enemies":"Hexaghost","floor":16,"turns":8},{"damage":11,"enemies":"3 Byrds","floor":18,"turns":3},{"damage":1,"enemies":"Spheric Guardian","floor":19,"turns":3},{"damage":39,"enemies":"Cultist and Chosen","floor":21,"turns":5},{"damage":5,"enemies":"Book of Stabbing","floor":29,"turns":5},{"damage":0,"enemies":"Sentry and Sphere","floor":30,"turns":3},{"damage":5,"enemies":"Slavers","floor":31,"turns":3},{"damage":47,"enemies":"Collector","floor":33,"turns":8},{"damage":0,"enemies":"3 Shapes","floor":35,"turns":4},{"damage":6,"enemies":"Mysterious Sphere","floor":39,"turns":4},{"damage":0,"enemies":"3 Darklings","floor":40,"turns":3},{"damage":8,"enemies":"2 Orb Walkers","floor":41,"turns":4},{"damage":11,"enemies":"Sphere and 2 Shapes","floor":42,"turns":3},{"damage":2,"enemies":"4 Shapes","floor":47,"turns":2},{"damage":0,"enemies":"Flame Bruiser 2 Orb","floor":48,"turns":2},{"damage":42,"enemies":"Awakened One","floor":50,"turns":11}],"event_choices":[{"event_name":"Golden Wing","player_choice":"Card Removal","floor":2,"damage_taken":0},{"event_name":"Golden Idol","player_choice":"Take Damage","floor":5,"damage_taken":0},{"event_name":"Masked Bandits","player_choice":"Paid Bandits 36 gold","floor":22,"damage_taken":0},{"event_name":"N\u0027loth","player_choice":"Ignored","floor":24,"damage_taken":0},{"event_name":"SensoryStone","player_choice":"Memory 1","floor":37,"damage_taken":0},{"event_name":"Mysterious Sphere","player_choice":"Fight","floor":39,"damage_taken":0},{"event_name":"Duplicator","player_choice":"One dupe","floor":45,"damage_taken":0}],"boss_relics":[{"not_picked":["White Beast Statue","Inserter"],"picked":"Runic Dome"},{"not_picked":["Eternal Feather","Orrery"],"picked":"Lizard Tail"}],"potions_floor_spawned":[4,7,16,19,29,30,33,35,42,47],"seed_played":"3689706831199210508","ascension_level":1,"is_trial":false}