{"gold_per_floor":[109,119,135,145,145,164,195,225,249,265,265,265,277,307,307,307],"floor_reached":16,"playtime":2119,"items_purged":[],"score":131,"play_id":"92a1be2d-fd6f-4197-b38b-0353403c97c1","local_time":"20190406021306","is_ascension_mode":true,"campfire_choices":[{"floor":12,"key":"REST"},{"floor":15,"key":"REST"}],"neow_cost":"NONE","seed_source_timestamp":11266144936275,"circlet_count":0,"master_deck":["Strike_R","Strike_R","Strike_R","Strike_R","Strike_R","Defend_R","Defend_R","Defend_R","Bash","True Grit","Shrug It Off","Armaments","Reaper"],"relics":["Burning Blood","Anchor","Lantern","Tiny Chest","Smiling Mask","Pen Nib"],"potions_floor_usage":[7,14],"damage_taken":[{"damage":2,"enemies":"Jaw Worm","floor":1,"turns":4},{"damage":4,"enemies":"Cultist","floor":2,"turns":5},{"damage":1,"enemies":"2 Louse","floor":3,"turns":4},{"damage":21,"enemies":"Exordium Wildlife","floor":4,"turns":9},{"damage":1,"enemies":"2 Fungi Beasts","floor":6,"turns":6},{"damage":36,"enemies":"Gremlin Nob","floor":7,"turns":6},{"damage":0,"enemies":"Looter","floor":10,"turns":3},{"damage":12,"enemies":"Exordium Thugs","floor":13,"turns":7},{"damage":43,"enemies":"Lagavulin","floor":14,"turns":14},{"damage":49,"enemies":"Slime Boss","floor":16,"turns":8}],"seed_played":"-8151188749278039199","potions_obtained":[{"floor":2,"key":"SmokeBomb"},{"floor":4,"key":"Block Potion"},{"floor":13,"key":"BloodPotion"}],"is_trial":false,"path_per_floor":["M","M","M","M","?","M","E","?","T","M","?","R","M","E","R","B"],"character_chosen":"IRONCLAD","items_purchased":[],"campfire_rested":2,"item_purchase_floors":[],"current_hp_per_floor":[80,80,80,65,65,70,40,15,15,21,26,51,45,16,41,0],"gold":307,"neow_bonus":"RANDOM_COMMON_RELIC","is_prod":false,"is_daily":false,"chose_seed":false,"campfire_upgraded":0,"win_rate":0,"timestamp":1554531186,"path_taken":["M","M","M","M","?","?","E","?","T","M","?","R","M","E","R","BOSS"],"build_version":"2018-11-15","purchased_purges":0,"victory":false,"max_hp_per_floor":[80,80,80,80,80,80,80,80,80,80,85,85,85,85,85,85],"card_choices":[{"not_picked":["Pommel Strike","Anger"],"picked":"True Grit","floor":1},{"not_picked":["Reckless Charge","Anger","Thunderclap"],"picked":"SKIP","floor":2},{"not_picked":["Evolve","Clothesline"],"picked":"Shrug It Off","floor":3},{"not_picked":["Anger","Shrug It Off"],"picked":"Armaments","floor":4},{"not_picked":["Perfected Strike","Warcry","Flex"],"picked":"SKIP","floor":6},{"not_picked":["Entrench","Pummel","Armaments"],"picked":"SKIP","floor":7},{"not_picked":["Power Through","Body Slam","Sever Soul"],"picked":"SKIP","floor":10},{"not_picked":["Armaments","Power Through","Burning Pact"],"picked":"SKIP","floor":13},{"not_picked":["Twin Strike","Cleave"],"picked":"Reaper","floor":14}],"player_experience":261925,"relics_obtained":[{"floor":7,"key":"Lantern"},{"floor":9,"key":"Smiling Mask"},{"floor":14,"key":"Pen Nib"}],"event_choices":[{"cards_removed":["Defend_R"],"damage_healed":0,"gold_gain":0,"player_choice":"Offered Basic","damage_taken":0,"max_hp_gain":0,"max_hp_loss":0,"event_name":"Bonfire Elementals","floor":5,"gold_loss":0},{"damage_healed":0,"gold_gain":0,"player_choice":"Success","damage_taken":25,"relics_obtained":["Tiny Chest"],"max_hp_gain":0,"max_hp_loss":0,"event_name":"Scrap Ooze","floor":8,"gold_loss":0},{"damage_healed":0,"gold_gain":0,"player_choice":"Donut","damage_taken":0,"max_hp_gain":5,"max_hp_loss":0,"event_name":"Big Fish","floor":11,"gold_loss":0}],"is_beta":false,"boss_relics":[],"items_purged_floors":[],"is_endless":false,"potions_floor_spawned":[2,4,13],"killed_by":"Slime Boss","ascension_level":3}