{"gold_per_floor":[19,19,45,120,140,140,170,170,195,228,193,193,193,225,225,327,327,337,337,10,10,34,34,34,68,142,153,170,196,207,234,234,234],"floor_reached":33,"playtime":5907,"items_purged":["Defend_R"],"score":358,"play_id":"c7548a7b-fc43-4379-ae50-73917b31ae55","local_time":"20181222234817","is_ascension_mode":true,"campfire_choices":[{"floor":6,"key":"RECALL"},{"data":"Clothesline","floor":8,"key":"SMITH"},{"data":"Limit Break","floor":15,"key":"SMITH"},{"data":"Barricade","floor":23,"key":"SMITH"},{"data":"Feed","floor":32,"key":"SMITH"}],"neow_cost":"NO_GOLD","seed_source_timestamp":674659161342249,"circlet_count":0,"master_deck":["Strike_R+1","Defend_R+1","Defend_R","Defend_R+1","Bash","Warcry+1","Clothesline+1","Headbutt","Limit Break+1","Spot Weakness","Barricade+1","Anger","Bloodletting+1","Flame Barrier+1","Shame","Pommel Strike","Metallicize","Metallicize+1","Shrug It Off+1","Feed+1"],"relics":["Burning Blood","Magic Flower","Pantograph","Oddly Smooth Stone","War Paint","Orichalcum","Velvet Choker","Toxic Egg 2","Bag of Preparation","Meat on the Bone","Vajra","Pear","Paper Frog","Darkstone Periapt"],"potions_floor_usage":[7,16,16,25],"damage_taken":[{"damage":1,"enemies":"2 Louse","floor":1,"turns":3},{"damage":0,"enemies":"Jaw Worm","floor":5,"turns":6},{"damage":22,"enemies":"Gremlin Nob","floor":7,"turns":4},{"damage":27,"enemies":"3 Sentries","floor":10,"turns":10},{"damage":19,"enemies":"Gremlin Nob","floor":14,"turns":5},{"damage":26,"enemies":"Hexaghost","floor":16,"turns":8},{"damage":16,"enemies":"Shell Parasite","floor":18,"turns":6},{"damage":17,"enemies":"Book of Stabbing","floor":25,"turns":5},{"damage":5,"enemies":"Chosen","floor":27,"turns":5},{"damage":12,"enemies":"Snake Plant","floor":28,"turns":3},{"damage":25,"enemies":"Gremlin Leader","floor":29,"turns":5},{"damage":0,"enemies":"Snecko","floor":30,"turns":6},{"damage":15,"enemies":"Slavers","floor":31,"turns":4},{"damage":99,"enemies":"Automaton","floor":33,"turns":12}],"seed_played":"2589408477332164157","potions_obtained":[{"floor":1,"key":"PowerPotion"},{"floor":5,"key":"SkillPotion"},{"floor":10,"key":"Block Potion"},{"floor":16,"key":"SkillPotion"},{"floor":25,"key":"Energy Potion"},{"floor":30,"key":"FearPotion"}],"is_trial":false,"path_per_floor":["M","?","T","?","M","R","E","R","T","E","?","?","?","E","R","B",null,"M","?","$","?","T","R","?","E","T","M","M","E","M","E","R","B"],"character_chosen":"IRONCLAD","items_purchased":["Toxic Egg 2"],"campfire_rested":0,"item_purchase_floors":[20],"current_hp_per_floor":[80,64,64,53,62,62,49,49,49,31,51,56,56,46,46,67,85,78,78,78,78,78,78,78,70,80,84,81,65,74,68,68,0],"gold":234,"neow_bonus":"ONE_RARE_RELIC","is_prod":false,"is_daily":false,"chose_seed":false,"campfire_upgraded":4,"win_rate":1,"timestamp":1545540497,"path_taken":["M","?","?","?","M","R","E","R","T","E","?","?","?","E","R","BOSS","M","?","$","?","?","R","?","E","T","M","M","E","?","E","R","BOSS"],"build_version":"2018-11-15","purchased_purges":1,"victory":false,"max_hp_per_floor":[80,80,80,80,80,80,80,80,80,80,80,85,85,85,85,85,85,85,85,85,85,85,85,85,85,95,95,95,95,95,95,95,95],"card_choices":[{"not_picked":["Fire Breathing","Cleave"],"picked":"Warcry","floor":1},{"not_picked":["Burning Pact","Rampage"],"picked":"Clothesline","floor":5},{"not_picked":["Power Through","Entrench"],"picked":"Headbutt","floor":7},{"not_picked":["Inflame","Sword Boomerang"],"picked":"Limit Break","floor":10},{"not_picked":["Perfected Strike","Bloodletting"],"picked":"Spot Weakness","floor":14},{"not_picked":["Berserk","Limit Break"],"picked":"Barricade","floor":16},{"not_picked":["Clash+1","Thunderclap+1"],"picked":"Anger","floor":18},{"not_picked":["Twin Strike","Bloodletting+1"],"picked":"Pommel Strike","floor":25},{"not_picked":["Burning Pact+1","Perfected Strike"],"picked":"Metallicize","floor":27},{"not_picked":["Pommel Strike","Iron Wave","Thunderclap+1"],"picked":"SKIP","floor":28},{"not_picked":["Headbutt","Clash+1"],"picked":"Metallicize+1","floor":29},{"not_picked":["Cleave","Flex+1"],"picked":"Shrug It Off+1","floor":30},{"not_picked":["Perfected Strike","Anger+1"],"picked":"Feed","floor":31}],"player_experience":170910,"relics_obtained":[{"floor":7,"key":"Pantograph"},{"floor":9,"key":"Oddly Smooth Stone"},{"floor":10,"key":"War Paint"},{"floor":14,"key":"Orichalcum"},{"floor":22,"key":"Bag of Preparation"},{"floor":25,"key":"Vajra"},{"floor":26,"key":"Pear"},{"floor":29,"key":"Paper Frog"},{"floor":31,"key":"Darkstone Periapt"}],"event_choices":[{"damage_healed":0,"gold_gain":0,"player_choice":"Entered Light","damage_taken":16,"max_hp_gain":0,"max_hp_loss":0,"event_name":"Shining Light","floor":2,"gold_loss":0,"cards_upgraded":["Defend_R","Strike_R"]},{"damage_healed":0,"gold_gain":75,"player_choice":"Gather Gold","damage_taken":11,"max_hp_gain":0,"max_hp_loss":0,"event_name":"World of Goop","floor":4,"gold_loss":0},{"damage_healed":20,"gold_gain":0,"player_choice":"Healed","damage_taken":0,"max_hp_gain":0,"max_hp_loss":0,"event_name":"The Cleric","floor":11,"gold_loss":35},{"damage_healed":0,"gold_gain":0,"player_choice":"Donut","damage_taken":0,"max_hp_gain":5,"max_hp_loss":0,"event_name":"Big Fish","floor":12,"gold_loss":0},{"cards_removed":["Strike_R"],"damage_healed":0,"gold_gain":0,"player_choice":"Forget","damage_taken":0,"max_hp_gain":0,"max_hp_loss":0,"event_name":"Living Wall","floor":13,"gold_loss":0},{"cards_removed":["Strike_R"],"damage_healed":0,"gold_gain":0,"player_choice":"Elegance","damage_taken":0,"max_hp_gain":0,"max_hp_loss":0,"event_name":"Back to Basics","floor":19,"gold_loss":0},{"damage_healed":0,"gold_gain":0,"cards_transformed":["Strike_R","Strike_R"],"player_choice":"Became Test Subject","damage_taken":0,"max_hp_gain":0,"max_hp_loss":0,"event_name":"Drug Dealer","floor":21,"gold_loss":0,"cards_obtained":["Bloodletting","Flame Barrier"]},{"damage_healed":0,"gold_gain":0,"player_choice":"Stole Relic","damage_taken":0,"relics_obtained":["Meat on the Bone"],"max_hp_gain":0,"max_hp_loss":0,"event_name":"Addict","floor":24,"gold_loss":0,"cards_obtained":["Shame"]}],"is_beta":false,"boss_relics":[{"not_picked":["Runic Pyramid","Black Blood"],"picked":"Velvet Choker"}],"items_purged_floors":[20],"is_endless":false,"potions_floor_spawned":[1,5,10,16,25,30],"killed_by":"Automaton","ascension_level":1}