{"path_per_floor":["M","M","?","?","?","E","R","M","T","M","$","?","R","M","R","B",null,"M"],"character_chosen":"IRONCLAD","items_purchased":[],"gold_per_floor":[14,26,26,26,26,54,54,65,117,128,53,53,53,68,68,163,163,181],"floor_reached":19,"campfire_rested":1,"playtime":1411,"current_hp_per_floor":[77,80,80,64,64,32,32,37,37,33,33,33,72,78,78,11,63,41],"items_purged":["Strike_R"],"gold":181,"score":234,"play_id":"ab041109-5d35-4350-b6a7-81e69f32b92f","is_prod":false,"is_daily":false,"is_ascension_mode":true,"campfire_upgraded":2,"path_taken":["M","M","?","?","?","E","R","M","T","?","$","?","R","M","R","BOSS","M","M"],"build_version":"2018-02-08-PROD1","purchased_purges":2,"victory":false,"master_deck":["Strike_R+1","Strike_R+1","Strike_R","Strike_R","Defend_R","Defend_R","Defend_R","Defend_R","Bash+1","Barricade+1","True Grit+1","Intimidate+1","Body Slam+1","Entrench+1","Injury","Whirlwind","Exhume","Iron Wave","Pommel Strike","Flex","Clothesline","Warcry+1"],"max_hp_per_floor":[80,80,80,80,80,80,80,80,80,80,80,80,80,80,80,80,80,80],"relics":["Burning Blood","Whetstone","Regal Pillow","Orrery"],"card_choices":[{"not_picked":["Dark Embrace","Impervious"],"picked":"Barricade"},{"not_picked":["Anger","Sword Boomerang"],"picked":"True Grit"},{"not_picked":["Perfected Strike","Havoc"],"picked":"Intimidate"},{"not_picked":["Flex","Second Wind"],"picked":"Body Slam"},{"not_picked":["Clothesline","Headbutt"],"picked":"Entrench"},{"not_picked":["Anger","Cleave"],"picked":"Whirlwind"},{"not_picked":["Double Tap","Barricade"],"picked":"Exhume"},{"not_picked":["Anger","Whirlwind"],"picked":"Iron Wave"},{"not_picked":["Thunderclap","Carnage"],"picked":"Pommel Strike"},{"not_picked":["Clothesline","Inflame"],"picked":"Flex"},{"not_picked":["Pommel Strike","Combust"],"picked":"Clothesline"},{"not_picked":["Burning Pact","Headbutt"],"picked":"Warcry"}],"player_experience":309634,"potions_floor_usage":[],"damage_taken":[{"damage":1.0,"enemies":"Cultist","floor":1.0,"turns":3.0},{"damage":1.0,"enemies":"2 Louse","floor":2.0,"turns":3.0},{"damage":38.0,"enemies":"Gremlin Nob","floor":6.0,"turns":5.0},{"damage":1.0,"enemies":"Jaw Worm","floor":8.0,"turns":4.0},{"damage":10.0,"enemies":"Exordium Thugs","floor":10.0,"turns":6.0},{"damage":0.0,"enemies":"Large Slime","floor":14.0,"turns":6.0},{"damage":73.0,"enemies":"Hexaghost","floor":16.0,"turns":16.0},{"damage":28.0,"enemies":"Chosen","floor":18.0,"turns":9.0},{"damage":42,"enemies":"Shell Parasite","floor":19,"turns":5}],"event_choices":[{"event_name":"The Cleric","player_choice":"Leave","floor":3.0,"damage_taken":0.0},{"event_name":"Shining Light","player_choice":"Entered Light","floor":4.0,"damage_taken":0.0},{"event_name":"Upgrade Shrine","player_choice":"Upgraded","floor":5.0,"damage_taken":0.0},{"event_name":"Accursed Blacksmith","player_choice":"Forge","floor":12.0,"damage_taken":0.0}],"boss_relics":[],"potions_floor_spawned":[2,6,8,18],"seed_played":"-4484007285199061271","killed_by":"Shell Parasite","ascension_level":8,"is_trial":false}