{"gold_per_floor":[115,134,134,152,170,170,204,204,230,250,141,157,174,209,209,305,305,322,339,339,369,37,63,63,77,77,77,97,97,109,127,127,229,229,244,255,255,267,23,56,56,56,56,56,106,106],"floor_reached":46,"playtime":4652,"items_purged":[],"score":579,"play_id":"9b0883ea-1b3b-42cc-9ab7-35377fbe7ce1","local_time":"20190204212410","is_ascension_mode":true,"campfire_choices":[{"data":"Neutralize","floor":6.0,"key":"SMITH"},{"data":"Dagger Spray","floor":8.0,"key":"SMITH"},{"data":"Infinite Blades","floor":15.0,"key":"SMITH"},{"floor":27,"key":"REST"},{"floor":32,"key":"REST"},{"data":"Crippling Poison","floor":42,"key":"SMITH"},{"data":"Tools of the Trade","floor":44,"key":"SMITH"}],"neow_cost":"NONE","seed_source_timestamp":0,"circlet_count":0,"master_deck":["Defend_G+1","Defend_G","Defend_G","Defend_G","Defend_G","Strike_G","Survivor","Neutralize+1","Dagger Throw","Dodge and Roll+1","PiercingWail","Dagger Spray+1","Prepared","Deflect","Heel Hook","Infinite Blades+1","Quick Slash","PiercingWail","PiercingWail","Tools of the Trade+1","Dagger Spray","Crippling Poison+1","Skewer","Noxious Fumes","Flying Knee+1","Cloak And Dagger","Calculated Gamble+1","Deflect","Wraith Form v2","Prepared","Flying Knee+1","Adrenaline","Bouncing Flask","Slice+1","Crippling Poison+1","Setup+1"],"special_seed":0,"relics":["Ring of the Serpent","Strawberry","Bronze Scales","War Paint","Red Mask","Molten Egg 2","Dodecahedron","Potion Belt","Bird Faced Urn","Busted Crown","Letter Opener","Meat on the Bone","Gremlin Horn","Blood Vial"],"potions_floor_usage":[28,30,33,38,38,40],"damage_taken":[{"damage":4.0,"enemies":"2 Louse","floor":1.0,"turns":4.0},{"damage":2.0,"enemies":"Small Slimes","floor":2.0,"turns":4.0},{"damage":0.0,"enemies":"Jaw Worm","floor":4.0,"turns":5.0},{"damage":0.0,"enemies":"Blue Slaver","floor":5.0,"turns":5.0},{"damage":18.0,"enemies":"Gremlin Nob","floor":7.0,"turns":5.0},{"damage":0.0,"enemies":"2 Fungi Beasts","floor":10.0,"turns":2.0},{"damage":12.0,"enemies":"Large Slime","floor":12.0,"turns":4.0},{"damage":2.0,"enemies":"Blue Slaver","floor":13.0,"turns":3.0},{"damage":13.0,"enemies":"3 Sentries","floor":14.0,"turns":7.0},{"damage":23.0,"enemies":"The Guardian","floor":16.0,"turns":14.0},{"damage":7.0,"enemies":"Spheric Guardian","floor":18.0,"turns":4.0},{"damage":2.0,"enemies":"Chosen","floor":19.0,"turns":5.0},{"damage":23.0,"enemies":"Masked Bandits","floor":21.0,"turns":4.0},{"damage":47.0,"enemies":"Gremlin Leader","floor":23.0,"turns":10.0},{"damage":1.0,"enemies":"3 Cultists","floor":25.0,"turns":5.0},{"damage":8,"enemies":"Shelled Parasite and Fungi","floor":28,"turns":5},{"damage":3,"enemies":"Snecko","floor":30,"turns":6},{"damage":2,"enemies":"Chosen and Byrds","floor":31,"turns":6},{"damage":55,"enemies":"Automaton","floor":33,"turns":10},{"damage":50,"enemies":"3 Shapes","floor":35,"turns":8},{"damage":0,"enemies":"Orb Walker","floor":36,"turns":5},{"damage":2,"enemies":"Spire Growth","floor":38,"turns":5},{"damage":31,"enemies":"Nemesis","floor":40,"turns":7},{"damage":89,"enemies":"Giant Head","floor":46,"turns":8}],"seed_played":"6013921470766837756","potions_obtained":[{"floor":4.0,"key":"Swift Potion"},{"floor":5.0,"key":"Block Potion"},{"floor":13.0,"key":"Energy Potion"},{"floor":14.0,"key":"Ancient Potion"},{"floor":16.0,"key":"AttackPotion"},{"floor":23.0,"key":"PowerPotion"},{"floor":25.0,"key":"Swift Potion"},{"floor":28,"key":"Poison Potion"},{"floor":33,"key":"Fire Potion"},{"floor":38,"key":"EssenceOfSteel"}],"is_trial":false,"path_per_floor":["M","M","?","M","M","R","E","R","T","M","$","M","M","E","R","B",null,"M","M","?","?","$","E","?","M","T","R","M","?","M","M","R","B",null,"M","M","?","M","$","E","?","R","T","R","T","E"],"character_chosen":"THE_SILENT","items_purchased":["Heel Hook","Infinite Blades","Noxious Fumes","Molten Egg 2","Flying Knee+1","Letter Opener"],"campfire_rested":2,"item_purchase_floors":[11,11,22,22,22,39],"current_hp_per_floor":[73,71,64,64,64,64,53,53,53,53,53,41,39,26,26,3,84,77,75,75,52,52,5,5,4,4,29,27,27,30,36,61,12,84,34,42,73,73,73,46,46,46,46,46,46,0],"gold":106,"neow_bonus":"TEN_PERCENT_HP_BONUS","is_prod":false,"is_daily":false,"chose_seed":false,"campfire_upgraded":5,"win_rate":0,"timestamp":1549311850,"path_taken":["M","M","?","M","M","R","E","R","T","M","$","M","M","E","R","BOSS","M","M","?","?","$","E","?","M","T","R","?","?","M","M","R","BOSS","M","M","?","M","$","E","?","R","T","R","?","E"],"build_version":"2019-01-23","purchased_purges":0,"victory":false,"max_hp_per_floor":[77,77,77,77,77,77,84,84,84,84,84,84,84,84,84,84,84,84,84,84,84,84,84,84,84,84,84,84,84,84,84,84,84,84,84,84,73,73,73,73,73,73,73,73,73,73],"card_choices":[{"not_picked":["Prepared","Infinite Blades"],"picked":"Dagger Throw","floor":1.0},{"not_picked":["Bane","Deadly Poison"],"picked":"Dodge and Roll","floor":2.0},{"not_picked":["Flying Knee","Underhanded Strike"],"picked":"PiercingWail","floor":4.0},{"not_picked":["Bullet Time","Cloak And Dagger"],"picked":"Dagger Spray","floor":5.0},{"not_picked":["Masterful Stab","Setup"],"picked":"Prepared","floor":7.0},{"not_picked":["Eviscerate","Outmaneuver"],"picked":"Deflect","floor":10.0},{"not_picked":["Eviscerate","Dagger Throw"],"picked":"Quick Slash","floor":12.0},{"not_picked":["Dodge and Roll","Quick Slash"],"picked":"PiercingWail","floor":13.0},{"not_picked":["Dagger Spray","Sucker Punch"],"picked":"PiercingWail","floor":14.0},{"not_picked":["Storm of Steel","Grand Finale"],"picked":"Tools of the Trade","floor":16.0},{"not_picked":["Dodge and Roll","Slice"],"picked":"Dagger Spray","floor":18.0},{"not_picked":["Finisher","Deflect+1"],"picked":"Crippling Poison","floor":19.0},{"not_picked":["Riddle With Holes","Quick Slash"],"picked":"Skewer","floor":21.0},{"not_picked":["Accuracy","Dagger Throw+1"],"picked":"Cloak And Dagger","floor":23.0},{"not_picked":["Dagger Throw+1","Distraction"],"picked":"Calculated Gamble+1","floor":25.0},{"not_picked":["Blade Dance","Dagger Throw+1","Reflex+1"],"picked":"SKIP","floor":28},{"not_picked":["Dash+1","Outmaneuver"],"picked":"Prepared","floor":30},{"not_picked":["Deflect","Unload+1"],"picked":"Flying Knee+1","floor":31},{"not_picked":["Storm of Steel","Die Die Die+1"],"picked":"Adrenaline","floor":33},{"not_picked":[],"picked":"Bouncing Flask","floor":35},{"not_picked":[],"picked":"Slice+1","floor":36},{"not_picked":[],"picked":"Crippling Poison+1","floor":38},{"not_picked":[],"picked":"Setup+1","floor":40}],"player_experience":112440,"relics_obtained":[{"floor":7.0,"key":"Strawberry"},{"floor":9.0,"key":"Bronze Scales"},{"floor":14.0,"key":"War Paint"},{"floor":21.0,"key":"Red Mask"},{"floor":23.0,"key":"Dodecahedron"},{"floor":26.0,"key":"Bird Faced Urn"},{"floor":40,"key":"Meat on the Bone"},{"floor":43,"key":"Gremlin Horn"},{"floor":45,"key":"Blood Vial"}],"event_choices":[{"cards_removed":["Strike_G"],"damage_healed":0.0,"max_hp_gain":0.0,"max_hp_loss":0.0,"gold_gain":0.0,"event_name":"Golden Wing","player_choice":"Card Removal","floor":3.0,"gold_loss":0.0,"damage_taken":7.0},{"damage_healed":0.0,"max_hp_gain":0.0,"max_hp_loss":0.0,"gold_gain":0.0,"event_name":"Ghosts","player_choice":"Ignored","floor":20.0,"gold_loss":0.0,"damage_taken":0.0},{"damage_healed":0.0,"max_hp_gain":0.0,"max_hp_loss":0.0,"gold_gain":0.0,"event_name":"Masked Bandits","player_choice":"Fought Bandits","floor":21.0,"gold_loss":0.0,"damage_taken":0.0},{"damage_healed":0.0,"max_hp_gain":0.0,"max_hp_loss":0.0,"gold_gain":0.0,"event_name":"The Mausoleum","player_choice":"Opened","floor":24.0,"gold_loss":0.0,"damage_taken":0.0,"relics_obtained":["Potion Belt"]},{"damage_healed":0,"gold_gain":0,"cards_transformed":["Strike_G","Strike_G"],"player_choice":"Became Test Subject","damage_taken":0,"max_hp_gain":0,"max_hp_loss":0,"event_name":"Drug Dealer","floor":29,"gold_loss":0,"cards_obtained":["Deflect","Wraith Form v2"]},{"damage_healed":73,"gold_gain":0,"player_choice":"Heal","damage_taken":0,"max_hp_gain":0,"max_hp_loss":11,"event_name":"The Moai Head","floor":37,"gold_loss":0},{"cards_removed":["Strike_G"],"damage_healed":0,"gold_gain":0,"player_choice":"Removed Attack","damage_taken":0,"max_hp_gain":0,"max_hp_loss":0,"event_name":"Falling","floor":41,"gold_loss":0}],"is_beta":false,"boss_relics":[{"not_picked":["Velvet Choker","Cursed Key"],"picked":"Ring of the Serpent"},{"not_picked":["WristBlade","Snecko Eye"],"picked":"Busted Crown"}],"items_purged_floors":[],"is_endless":false,"potions_floor_spawned":[4,5,13,14,16,23,25,28,33,38],"killed_by":"Giant Head","ascension_level":3}