{"gold_per_floor":[214,225,240,257,270,302,302,302,328,328,345,407,407,134,134,230,230,249,263,263,263,280,307,307,307],"floor_reached":25,"playtime":1547,"items_purged":["Strike_R"],"score":256,"play_id":"7ab54ed6-b91e-48e2-9689-5acc417c6ef1","local_time":"20190301120920","is_ascension_mode":true,"campfire_choices":[{"floor":8,"key":"REST"},{"data":"Bash","floor":10,"key":"SMITH"},{"floor":13,"key":"REST"},{"data":"Hemokinesis","floor":15,"key":"SMITH"}],"neow_cost":"NONE","seed_source_timestamp":44511203880347,"circlet_count":0,"master_deck":["Strike_R","Strike_R","Strike_R","Defend_R","Defend_R","Defend_R","Defend_R","Bash+1","Corruption","Shockwave","Hemokinesis+1","Battle Trance","Shockwave","Dropkick","Thunderclap","Rupture","Hemokinesis+1","Brutality","Spot Weakness+1","Metallicize","Demon Form"],"relics":["Black Blood","Calipers","Bronze Scales","Orichalcum","Art of War","Pocketwatch"],"potions_floor_usage":[5,6,12,16,18,22],"damage_taken":[{"damage":1,"enemies":"Cultist","floor":1,"turns":3},{"damage":18,"enemies":"Small Slimes","floor":2,"turns":4},{"damage":4,"enemies":"Jaw Worm","floor":3,"turns":3},{"damage":16,"enemies":"Blue Slaver","floor":4,"turns":3},{"damage":8,"enemies":"2 Fungi Beasts","floor":5,"turns":3},{"damage":50,"enemies":"3 Sentries","floor":6,"turns":9},{"damage":6,"enemies":"Large Slime","floor":11,"turns":5},{"damage":22,"enemies":"Lagavulin Event","floor":12,"turns":4},{"damage":52,"enemies":"The Guardian","floor":16,"turns":12},{"damage":9,"enemies":"Spheric Guardian","floor":18,"turns":3},{"damage":28,"enemies":"3 Byrds","floor":19,"turns":4},{"damage":28,"enemies":"Snake Plant","floor":22,"turns":3},{"damage":37,"enemies":"Slavers","floor":23,"turns":5},{"damage":20,"enemies":"Book of Stabbing","floor":25,"turns":3}],"seed_played":"4289846207192459284","potions_obtained":[{"floor":1,"key":"BloodPotion"},{"floor":3,"key":"Swift Potion"},{"floor":4,"key":"EssenceOfSteel"},{"floor":11,"key":"Poison Potion"},{"floor":16,"key":"AttackPotion"},{"floor":18,"key":"Weak Potion"},{"floor":23,"key":"Explosive Potion"}],"is_trial":false,"path_per_floor":["M","M","M","M","M","E","?","R","T","R","M","?","R","$","R","B",null,"M","M","?","?","M","E","T","E"],"character_chosen":"IRONCLAD","items_purchased":["Thunderclap","Rupture","Hemokinesis"],"campfire_rested":2,"item_purchase_floors":[14,14,14],"current_hp_per_floor":[80,68,70,60,58,14,14,38,38,38,38,22,46,46,46,8,80,80,62,62,62,44,17,17,0],"gold":307,"neow_bonus":"HUNDRED_GOLD","is_prod":false,"is_daily":false,"chose_seed":false,"campfire_upgraded":2,"win_rate":0,"timestamp":1551438560,"path_taken":["M","M","M","?","M","E","?","R","T","R","M","?","R","$","R","BOSS","M","M","?","?","M","E","?","E"],"build_version":"2019-01-23","purchased_purges":1,"victory":false,"max_hp_per_floor":[80,80,80,80,80,80,80,80,80,80,80,80,80,80,80,80,80,80,80,80,80,80,80,80,80],"card_choices":[{"not_picked":["Sentinel","Combust"],"picked":"Corruption","floor":1},{"not_picked":["Ghostly Armor","Anger"],"picked":"Shockwave","floor":2},{"not_picked":["Sentinel","Uppercut"],"picked":"Hemokinesis","floor":3},{"not_picked":["Bloodletting","Body Slam"],"picked":"Battle Trance","floor":4},{"not_picked":["Intimidate","Armaments","Clash"],"picked":"SKIP","floor":5},{"not_picked":["Anger","Flex","Berserk"],"picked":"SKIP","floor":6},{"not_picked":["Warcry","Iron Wave"],"picked":"Shockwave","floor":11},{"not_picked":["Warcry","Perfected Strike"],"picked":"Dropkick","floor":12},{"not_picked":["Impervious","Barricade"],"picked":"Brutality","floor":16},{"not_picked":["Clothesline+1","Bloodletting"],"picked":"Spot Weakness+1","floor":18},{"not_picked":["Flex","Clothesline+1"],"picked":"Metallicize","floor":19},{"not_picked":["Armaments","Body Slam","Rage"],"picked":"SKIP","floor":22},{"not_picked":["Body Slam+1","Searing Blow"],"picked":"Demon Form","floor":23}],"player_experience":166628,"relics_obtained":[{"floor":6,"key":"Calipers"},{"floor":9,"key":"Bronze Scales"},{"floor":23,"key":"Art of War"},{"floor":24,"key":"Pocketwatch"}],"event_choices":[{"damage_healed":0,"gold_gain":0,"player_choice":"Grow","damage_taken":0,"max_hp_gain":0,"max_hp_loss":0,"event_name":"Living Wall","floor":7,"gold_loss":0,"cards_upgraded":["Hemokinesis"]},{"damage_healed":0,"gold_gain":0,"player_choice":"Searched \u00273\u0027 times","damage_taken":0,"relics_obtained":["Orichalcum"],"max_hp_gain":0,"max_hp_loss":0,"event_name":"Dead Adventurer","floor":12,"gold_loss":0},{"cards_removed":["Strike_R"],"damage_healed":0,"gold_gain":0,"player_choice":"Elegance","damage_taken":0,"max_hp_gain":0,"max_hp_loss":0,"event_name":"Back to Basics","floor":20,"gold_loss":0},{"damage_healed":0,"gold_gain":0,"player_choice":"Ignored","damage_taken":0,"max_hp_gain":0,"max_hp_loss":0,"event_name":"Ghosts","floor":21,"gold_loss":0}],"is_beta":false,"boss_relics":[{"not_picked":["Lizard Tail","Black Star"],"picked":"Black Blood"}],"items_purged_floors":[14],"is_endless":false,"potions_floor_spawned":[1,3,4,11,16,18,23],"killed_by":"Book of Stabbing","ascension_level":3}