{"gold_per_floor":[12,22,22,22,22,56,69,89,89,108,11,25,25,52,52,52],"floor_reached":16,"playtime":753,"items_purged":[],"score":182,"play_id":"3b2c1ac2-8451-4ab2-9ef4-95e58ac37b00","local_time":"20190326175937","is_ascension_mode":true,"campfire_choices":[{"floor":13,"key":"REST"},{"data":"1","floor":15,"key":"LIFT"}],"neow_cost":"NO_GOLD","seed_source_timestamp":1116687000784347,"circlet_count":0,"master_deck":["Strike_R+1","Strike_R","Strike_R+1","Strike_R","Defend_R","Defend_R","Defend_R","Defend_R","Bash","Uppercut","Perfected Strike","Battle Trance","Impervious","Perfected Strike","Iron Wave","Pommel Strike","Armaments","Pommel Strike","Perfected Strike"],"relics":["Burning Blood","Calipers","Girya","Unceasing Top","Whetstone"],"potions_floor_usage":[8,16],"damage_taken":[{"damage":7,"enemies":"Jaw Worm","floor":1,"turns":3},{"damage":10,"enemies":"Small Slimes","floor":2,"turns":4},{"damage":38,"enemies":"Gremlin Nob","floor":6,"turns":5},{"damage":1,"enemies":"Cultist","floor":7,"turns":3},{"damage":21,"enemies":"Exordium Thugs","floor":8,"turns":7},{"damage":14,"enemies":"Looter","floor":10,"turns":3},{"damage":21,"enemies":"2 Fungi Beasts","floor":12,"turns":4},{"damage":30,"enemies":"Lagavulin","floor":14,"turns":5},{"damage":21,"enemies":"The Guardian","floor":16,"turns":9}],"seed_played":"-4415941553128945164","potions_obtained":[{"floor":1,"key":"PowerPotion"},{"floor":2,"key":"Block Potion"},{"floor":7,"key":"Swift Potion"}],"is_trial":false,"path_per_floor":["M","M","$","?","?","E","M","M","T","M","$","M","R","E","R","B"],"character_chosen":"IRONCLAD","items_purchased":["Pommel Strike","Armaments"],"campfire_rested":1,"item_purchase_floors":[11,11],"current_hp_per_floor":[87,83,83,80,80,48,53,38,38,30,30,15,43,19,19,0],"gold":52,"neow_bonus":"TWENTY_PERCENT_HP_BONUS","is_prod":false,"is_daily":false,"chose_seed":false,"campfire_upgraded":0,"win_rate":0,"timestamp":1553637577,"path_taken":["M","M","$","?","?","E","?","M","T","M","?","M","R","E","R","BOSS"],"build_version":"2019-01-23","purchased_purges":0,"victory":false,"max_hp_per_floor":[96,96,96,96,96,96,96,96,96,96,96,96,96,96,96,96],"card_choices":[{"not_picked":["Flex","Body Slam"],"picked":"Uppercut","floor":1},{"not_picked":["Intimidate","Bloodletting"],"picked":"Perfected Strike","floor":2},{"not_picked":["Wild Strike","Warcry"],"picked":"Battle Trance","floor":6},{"not_picked":["Sever Soul","Dropkick"],"picked":"Impervious","floor":7},{"not_picked":["Pummel","Twin Strike"],"picked":"Perfected Strike","floor":8},{"not_picked":["Thunderclap","Clash"],"picked":"Iron Wave","floor":10},{"not_picked":["Shrug It Off","Warcry"],"picked":"Pommel Strike","floor":12},{"not_picked":["Clash","Flex"],"picked":"Perfected Strike","floor":14}],"player_experience":184220,"relics_obtained":[{"floor":6,"key":"Girya"},{"floor":9,"key":"Unceasing Top"},{"floor":14,"key":"Whetstone"}],"event_choices":[{"damage_healed":0,"gold_gain":0,"player_choice":"Success","damage_taken":3,"relics_obtained":["Calipers"],"max_hp_gain":0,"max_hp_loss":0,"event_name":"Scrap Ooze","floor":4,"gold_loss":0},{"cards_removed":["Strike_R"],"damage_healed":0,"gold_gain":0,"player_choice":"Purged","damage_taken":0,"max_hp_gain":0,"max_hp_loss":0,"event_name":"Purifier","floor":5,"gold_loss":0}],"is_beta":false,"boss_relics":[],"items_purged_floors":[],"is_endless":false,"potions_floor_spawned":[1,2,7],"killed_by":"The Guardian","ascension_level":8}