{"gold_per_floor":[116,135,135,135,153,153,180,180,204,233,246,91,91,91,91,91],"floor_reached":16,"playtime":1011,"items_purged":["Strike_R"],"score":113,"play_id":"4953f79d-074e-4f7b-bc89-9e6ad28257af","local_time":"20190414164048","is_ascension_mode":true,"campfire_choices":[{"data":"Rage","floor":6,"key":"SMITH"},{"data":"Entrench","floor":8,"key":"SMITH"},{"data":"Flame Barrier","floor":13,"key":"SMITH"},{"floor":15,"key":"REST"}],"neow_cost":"NONE","seed_source_timestamp":102286929796786,"circlet_count":0,"master_deck":["Strike_R","Strike_R","Strike_R","Defend_R","Defend_R","Defend_R","Defend_R","Bash+1","Entrench+1","Rage+1","Body Slam","Shrug It Off","Pommel Strike","Flame Barrier+1","Injury"],"relics":["Burning Blood","Strawberry","Pocketwatch","Potion Belt","Bag of Preparation","Golden Idol"],"potions_floor_usage":[16,16],"damage_taken":[{"damage":3,"enemies":"Jaw Worm","floor":1,"turns":6},{"damage":0,"enemies":"Small Slimes","floor":2,"turns":6},{"damage":5,"enemies":"Cultist","floor":5,"turns":5},{"damage":57,"enemies":"3 Sentries","floor":7,"turns":16},{"damage":20,"enemies":"Gremlin Nob","floor":10,"turns":4},{"damage":0,"enemies":"Exordium Wildlife","floor":11,"turns":4},{"damage":56,"enemies":"Slime Boss","floor":16,"turns":17}],"seed_played":"-4228628510854163464","potions_obtained":[{"floor":5,"key":"Dexterity Potion"},{"floor":7,"key":"LiquidBronze"},{"floor":10,"key":"Swift Potion"}],"is_trial":false,"path_per_floor":["M","M","?","?","M","R","E","R","T","E","M","$","R","?","R","B"],"character_chosen":"IRONCLAD","items_purchased":["Flame Barrier"],"campfire_rested":1,"item_purchase_floors":[12],"current_hp_per_floor":[80,80,84,84,85,85,34,34,34,20,26,26,26,26,52,0],"gold":91,"neow_bonus":"TRANSFORM_CARD","is_prod":false,"is_daily":false,"chose_seed":false,"campfire_upgraded":3,"win_rate":0,"timestamp":1555274448,"path_taken":["M","M","?","?","M","R","E","R","T","E","M","$","R","?","R","BOSS"],"build_version":"2019-01-23","purchased_purges":1,"victory":false,"max_hp_per_floor":[80,80,87,87,87,87,87,87,87,87,87,87,87,87,87,87],"card_choices":[{"not_picked":["Clash","Fire Breathing"],"picked":"Rage","floor":1},{"not_picked":["Evolve","Wild Strike","Reckless Charge"],"picked":"SKIP","floor":2},{"not_picked":["Blood for Blood","Heavy Blade"],"picked":"Body Slam","floor":5},{"not_picked":["Fiend Fire","Heavy Blade","Clash"],"picked":"SKIP","floor":7},{"not_picked":["Ghostly Armor","Flex"],"picked":"Shrug It Off","floor":10},{"not_picked":["Havoc","Thunderclap"],"picked":"Pommel Strike","floor":11}],"player_experience":125345,"relics_obtained":[{"floor":7,"key":"Pocketwatch"},{"floor":9,"key":"Potion Belt"},{"floor":10,"key":"Bag of Preparation"}],"event_choices":[{"damage_healed":0,"gold_gain":0,"player_choice":"Success","damage_taken":3,"relics_obtained":["Strawberry"],"max_hp_gain":0,"max_hp_loss":0,"event_name":"Scrap Ooze","floor":3,"gold_loss":0},{"damage_healed":0,"gold_gain":0,"player_choice":"Grow","damage_taken":0,"max_hp_gain":0,"max_hp_loss":0,"event_name":"Living Wall","floor":4,"gold_loss":0,"cards_upgraded":["Bash"]},{"damage_healed":0,"gold_gain":0,"player_choice":"Take Wound","damage_taken":0,"relics_obtained":["Golden Idol"],"max_hp_gain":0,"max_hp_loss":0,"event_name":"Golden Idol","floor":14,"gold_loss":0,"cards_obtained":["Injury"]}],"is_beta":false,"boss_relics":[],"items_purged_floors":[12],"is_endless":false,"potions_floor_spawned":[5,7,10],"killed_by":"Slime Boss","ascension_level":1}