{"gold_per_floor":[115,132,149,149,168,199,199,99,174,205,219,238,238,268,268,370,370,280,195,195,195,195,195,195,195,195,195,195,195,195,195,195,195,195,195,195,21,21,21,21,21,21,21,21,21,21,21,0,0,0],"floor_reached":51,"playtime":3534,"items_purged":["Meteor Strike","Steam Power"],"score":950,"play_id":"2187c72c-7ff7-41dc-88e9-18218085ba91","local_time":"20190410075000","is_ascension_mode":true,"campfire_choices":[{"data":"Hologram","floor":7,"key":"SMITH"},{"floor":13,"key":"REST"},{"data":"Genetic Algorithm","floor":15,"key":"SMITH"},{"floor":24,"key":"REST"},{"data":"Buffer","floor":30,"key":"SMITH"},{"data":"Defragment","floor":32,"key":"SMITH"},{"floor":41,"key":"REST"},{"data":"Skim","floor":44,"key":"PURGE"},{"data":"Barrage","floor":49,"key":"PURGE"}],"neow_cost":"NONE","seed_source_timestamp":378103640351129,"circlet_count":0,"master_deck":["Zap","Dualcast","Glacier","Compile Driver","FTL","Hologram+1","Defragment+1","Coolheaded","Genetic Algorithm+1","BootSequence","Electrodynamics","Creative AI","Glacier","Buffer+1","Chill","Ball Lightning","Seek","Seek","Coolheaded","Doom and Gloom","Consume","Blizzard+1","Defragment","Glacier+1","Ball Lightning+1"],"relics":["Cracked Core","Turnip","Sundial","Art of War","Regal Pillow","Ectoplasm","Centennial Puzzle","Orichalcum","Bag of Marbles","Pandora\u0027s Box","Nunchaku","Emotion Chip","Gambling Chip","Peace Pipe","Red Mask"],"potions_floor_usage":[10,14,14,16,16,16,21,27,27,28,39,50,50,50],"damage_taken":[{"damage":1,"enemies":"2 Louse","floor":1,"turns":3},{"damage":2,"enemies":"Jaw Worm","floor":2,"turns":4},{"damage":0,"enemies":"Cultist","floor":3,"turns":5},{"damage":3,"enemies":"Red Slaver","floor":5,"turns":4},{"damage":16,"enemies":"Lagavulin","floor":6,"turns":8},{"damage":17,"enemies":"3 Sentries","floor":10,"turns":10},{"damage":0,"enemies":"Looter","floor":11,"turns":3},{"damage":0,"enemies":"Blue Slaver","floor":12,"turns":5},{"damage":8,"enemies":"Gremlin Nob","floor":14,"turns":3},{"damage":8,"enemies":"The Guardian","floor":16,"turns":16},{"damage":10,"enemies":"2 Thieves","floor":18,"turns":5},{"damage":0,"enemies":"3 Byrds","floor":21,"turns":3},{"damage":0,"enemies":"Sentry and Sphere","floor":22,"turns":7},{"damage":58,"enemies":"Book of Stabbing","floor":23,"turns":11},{"damage":4,"enemies":"Shelled Parasite and Fungi","floor":25,"turns":9},{"damage":21,"enemies":"Slavers","floor":27,"turns":6},{"damage":0,"enemies":"Snake Plant","floor":28,"turns":6},{"damage":16,"enemies":"Collector","floor":33,"turns":13},{"damage":0,"enemies":"3 Shapes","floor":35,"turns":3},{"damage":31,"enemies":"2 Orb Walkers","floor":36,"turns":6},{"damage":6,"enemies":"Mind Bloom Boss Battle","floor":39,"turns":10},{"damage":1,"enemies":"3 Darklings","floor":40,"turns":6},{"damage":14,"enemies":"Nemesis","floor":42,"turns":11},{"damage":0,"enemies":"Writhing Mass","floor":45,"turns":6},{"damage":0,"enemies":"Maw","floor":46,"turns":9},{"damage":18,"enemies":"Awakened One","floor":50,"turns":18}],"seed_played":"1264806179968798131","potions_obtained":[{"floor":0,"key":"AttackPotion"},{"floor":0,"key":"SteroidPotion"},{"floor":0,"key":"Poison Potion"},{"floor":1,"key":"EntropicBrew"},{"floor":11,"key":"Weak Potion"},{"floor":16,"key":"Regen Potion"},{"floor":18,"key":"Regen Potion"},{"floor":25,"key":"Weak Potion"},{"floor":27,"key":"Energy Potion"},{"floor":36,"key":"Poison Potion"},{"floor":40,"key":"Dexterity Potion"},{"floor":46,"key":"EssenceOfSteel"}],"is_trial":false,"path_per_floor":["M","M","M","?","M","E","R","$","T","E","M","M","R","E","R","B",null,"M","?","?","M","M","E","R","M","T","E","M","$","R","?","R","B",null,"M","?","$","?","?","M","R","E","T","R","M","M","?","?","R","B",null],"character_chosen":"DEFECT","items_purchased":["Coolheaded","Defragment"],"campfire_rested":3,"item_purchase_floors":[8,37],"current_hp_per_floor":[67,65,65,65,62,46,46,46,46,29,29,29,51,43,43,35,65,55,55,55,64,64,6,43,39,39,58,58,58,58,58,58,42,67,67,36,36,36,30,29,66,52,52,52,52,52,52,52,52,34],"gold":0,"neow_bonus":"THREE_SMALL_POTIONS","is_prod":false,"is_daily":false,"chose_seed":false,"campfire_upgraded":4,"win_rate":0,"timestamp":1554875400,"path_taken":["M","M","M","?","M","E","R","?","T","E","M","M","R","E","R","BOSS","M","?","?","?","M","E","R","M","T","E","M","?","R","?","R","BOSS","M","?","$","?","?","M","R","E","T","R","?","M","?","?","R","BOSS"],"build_version":"2019-01-23","purchased_purges":2,"victory":true,"max_hp_per_floor":[75,75,75,75,75,75,75,75,75,75,75,75,75,75,75,75,75,75,75,75,75,75,75,75,75,75,75,75,75,75,75,75,75,75,75,75,75,75,75,75,75,75,75,75,75,75,71,71,71,71],"card_choices":[{"not_picked":["Storm","Go for the Eyes"],"picked":"Glacier","floor":1},{"not_picked":["Lockon","Force Field"],"picked":"Compile Driver","floor":2},{"not_picked":["Redo","Blizzard"],"picked":"FTL","floor":3},{"not_picked":["Steam","Streamline"],"picked":"Hologram","floor":5},{"not_picked":["Cold Snap","Rebound"],"picked":"Defragment","floor":6},{"not_picked":["Fusion","Ball Lightning"],"picked":"Genetic Algorithm","floor":10},{"not_picked":["Compile Driver","Streamline"],"picked":"BootSequence","floor":11},{"not_picked":["Beam Cell","Turbo"],"picked":"Electrodynamics","floor":12},{"not_picked":["Hello World","Turbo"],"picked":"Cold Snap","floor":14},{"not_picked":["Rainbow","Fission"],"picked":"Creative AI","floor":16},{"not_picked":["Sweeping Beam","Stack"],"picked":"Glacier","floor":18},{"not_picked":["Steam","Genetic Algorithm"],"picked":"Buffer","floor":21},{"not_picked":["Genetic Algorithm+1","Compile Driver"],"picked":"Chill","floor":22},{"not_picked":["Skim","Chaos"],"picked":"Ball Lightning","floor":23},{"not_picked":["Steam","Streamline","Redo"],"picked":"SKIP","floor":25},{"not_picked":["Rip and Tear","Rebound"],"picked":"Seek","floor":27},{"not_picked":["Streamline+1","Leap","Barrage+1"],"picked":"SKIP","floor":28},{"not_picked":["Streamline+1","Leap","Barrage+1"],"picked":"SKIP","floor":28},{"not_picked":["Electrodynamics","Meteor Strike"],"picked":"Seek","floor":33},{"not_picked":["Go for the Eyes+1","Steam"],"picked":"Blizzard+1","floor":35},{"not_picked":["Sweeping Beam","Cold Snap"],"picked":"Glacier+1","floor":40},{"not_picked":["Beam Cell+1","Sunder"],"picked":"Ball Lightning+1","floor":42},{"not_picked":["Sunder+1","Melter+1","Consume+1"],"picked":"SKIP","floor":45},{"not_picked":["Coolheaded+1","Rebound+1","Creative AI"],"picked":"SKIP","floor":46}],"player_experience":502504,"relics_obtained":[{"floor":6,"key":"Turnip"},{"floor":9,"key":"Sundial"},{"floor":10,"key":"Art of War"},{"floor":14,"key":"Regal Pillow"},{"floor":23,"key":"Orichalcum"},{"floor":27,"key":"Bag of Marbles"},{"floor":36,"key":"Nunchaku"},{"floor":39,"key":"Emotion Chip"},{"floor":42,"key":"Gambling Chip"},{"floor":43,"key":"Peace Pipe"}],"event_choices":[{"damage_healed":0,"gold_gain":0,"cards_transformed":["Strike_B"],"player_choice":"Change","damage_taken":0,"max_hp_gain":0,"max_hp_loss":0,"event_name":"Living Wall","floor":4,"gold_loss":0,"cards_obtained":["Meteor Strike"]},{"damage_healed":0,"gold_gain":0,"player_choice":"Obtained Relic","damage_taken":0,"relics_obtained":["Centennial Puzzle"],"max_hp_gain":0,"max_hp_loss":0,"event_name":"Addict","floor":19,"gold_loss":85},{"cards_removed":["Strike_B"],"damage_healed":0,"gold_gain":0,"player_choice":"Offered Basic","damage_taken":0,"max_hp_gain":0,"max_hp_loss":0,"event_name":"Bonfire Elementals","floor":20,"gold_loss":0},{"damage_healed":0,"gold_gain":0,"player_choice":"Simplicity","damage_taken":0,"max_hp_gain":0,"max_hp_loss":0,"event_name":"Back to Basics","floor":31,"gold_loss":0,"cards_upgraded":["Strike_B","Strike_B","Defend_B","Defend_B","Defend_B","Defend_B"]},{"damage_healed":0,"gold_gain":0,"player_choice":"Fight","damage_taken":0,"max_hp_gain":0,"max_hp_loss":0,"event_name":"Mysterious Sphere","floor":36,"gold_loss":0},{"cards_removed":["Cold Snap"],"damage_healed":0,"gold_gain":0,"player_choice":"Removed Attack","damage_taken":0,"max_hp_gain":0,"max_hp_loss":0,"event_name":"Falling","floor":38,"gold_loss":0},{"damage_healed":0,"gold_gain":0,"player_choice":"Fight","damage_taken":0,"max_hp_gain":0,"max_hp_loss":0,"event_name":"MindBloom","floor":39,"gold_loss":0},{"damage_healed":0,"gold_gain":0,"player_choice":"Max HP","damage_taken":0,"max_hp_gain":0,"max_hp_loss":4,"event_name":"Winding Halls","floor":47,"gold_loss":0},{"damage_healed":0,"gold_gain":0,"player_choice":"Paid","damage_taken":0,"relics_obtained":["Red Mask"],"max_hp_gain":0,"max_hp_loss":0,"event_name":"Tomb of Lord Red Mask","floor":48,"gold_loss":21}],"is_beta":false,"boss_relics":[{"not_picked":["Astrolabe","White Beast Statue"],"picked":"Ectoplasm"},{"not_picked":["Black Star","Coffee Dripper"],"picked":"Pandora\u0027s Box"}],"items_purged_floors":[8,37],"is_endless":false,"potions_floor_spawned":[1,5,6,11,16,18,25,27,36,40,46],"ascension_level":7}