{"gold_per_floor":[112,62,9,22,32,32,32,52,52,64,64,64,64,80,80,184,184,195,212,12,22,22,22,51,51,51,51,3,3,15,115,115,210,210,224,76,76,176,186,186,42,42,95,95,95,110,10,26,26,26],"floor_reached":50,"playtime":1695,"items_purged":["Strike_R","Strike_R"],"score":598,"play_id":"1c8b8a94-883a-46b3-ba04-3b56ae7b68f5","local_time":"20181029224356","is_ascension_mode":true,"campfire_choices":[{"data":"Clothesline","floor":6,"key":"SMITH"},{"data":"Twin Strike","floor":11,"key":"SMITH"},{"data":"Iron Wave","floor":13,"key":"SMITH"},{"data":"Cleave","floor":15,"key":"SMITH"},{"data":"Juggernaut","floor":23,"key":"SMITH"},{"floor":32,"key":"REST"},{"floor":40,"key":"REST"},{"data":"Demon Form","floor":42,"key":"SMITH"},{"data":"Heavy Blade","floor":49,"key":"SMITH"}],"neow_cost":"NONE","seed_source_timestamp":783771689291566,"circlet_count":0,"master_deck":["Strike_R+1","Strike_R+1","Defend_R","Defend_R","Defend_R","Defend_R","Bash","Clothesline+1","Clash","Shrug It Off","Iron Wave+1","Twin Strike+1","Cleave+1","Juggernaut+1","Intimidate+1","Body Slam+1","Shrug It Off","Flex+1","Heavy Blade+1","Spot Weakness","Flame Barrier","Demon Form+1","Shrug It Off","Intimidate+1","Metallicize"],"relics":["Black Blood","Singing Bowl","Velvet Choker","PreservedInsect","Juzu Bracelet","Letter Opener","MutagenicStrength","Anchor","Boot"],"potions_floor_usage":[16,16,21,21,21,33,33,33,46,50],"damage_taken":[{"damage":8,"enemies":"2 Louse","floor":1,"turns":3},{"damage":3,"enemies":"Small Slimes","floor":4,"turns":3},{"damage":1,"enemies":"Cultist","floor":5,"turns":3},{"damage":11,"enemies":"2 Fungi Beasts","floor":8,"turns":4},{"damage":0,"enemies":"3 Louse","floor":10,"turns":2},{"damage":5,"enemies":"Exordium Wildlife","floor":14,"turns":3},{"damage":0,"enemies":"Slime Boss","floor":16,"turns":5},{"damage":6,"enemies":"Spheric Guardian","floor":18,"turns":3},{"damage":29,"enemies":"2 Thieves","floor":19,"turns":4},{"damage":7,"enemies":"Centurion and Healer","floor":21,"turns":4},{"damage":20,"enemies":"Slavers","floor":24,"turns":6},{"damage":12,"enemies":"Cultist and Chosen","floor":30,"turns":3},{"damage":77,"enemies":"Automaton","floor":33,"turns":8},{"damage":31,"enemies":"3 Shapes","floor":35,"turns":4},{"damage":31,"enemies":"3 Darklings","floor":39,"turns":5},{"damage":11,"enemies":"Jaw Worm Horde","floor":46,"turns":5},{"damage":36,"enemies":"Spire Growth","floor":48,"turns":5},{"damage":79,"enemies":"Donu and Deca","floor":50,"turns":6}],"seed_played":"-5507885847506224985","potions_obtained":[{"floor":4,"key":"Fire Potion"},{"floor":8,"key":"LiquidBronze"},{"floor":10,"key":"Energy Potion"},{"floor":16,"key":"Energy Potion"},{"floor":19,"key":"Weak Potion"},{"floor":21,"key":"Swift Potion"},{"floor":24,"key":"EssenceOfSteel"},{"floor":33,"key":"SpeedPotion"},{"floor":35,"key":"SneckoOil"},{"floor":48,"key":"SteroidPotion"}],"is_trial":false,"path_per_floor":["M","?","$","M","M","R","?","M","T","M","R","?","R","M","R","B",null,"M","M","$","M","?","R","E","?","T","?","$","?","M","?","R","B",null,"M","$","?","?","M","R","$","R","T","?","?","M","$","M","R"],"character_chosen":"IRONCLAD","items_purchased":["Clash","PreservedInsect","Shrug It Off","Fire Potion","Regen Potion","Anchor"],"campfire_rested":2,"item_purchase_floors":[3,20,20,28,36,41],"current_hp_per_floor":[86,86,86,88,88,88,88,83,83,88,88,70,70,71,71,77,88,88,65,65,64,88,88,74,57,57,57,57,57,51,51,78,7,93,74,74,74,74,53,80,80,80,80,80,80,81,81,55,55,0],"gold":26,"neow_bonus":"TEN_PERCENT_HP_BONUS","is_prod":false,"is_daily":false,"chose_seed":false,"campfire_upgraded":7,"win_rate":0,"timestamp":1540849436,"path_taken":["M","?","$","M","M","R","?","M","T","M","R","?","R","M","R","BOSS","M","M","$","M","?","R","E","?","T","?","$","?","M","?","R","BOSS","M","$","?","?","M","R","$","R","T","?","?","M","?","M","R","BOSS"],"build_version":"2018-10-25v2","purchased_purges":2,"victory":false,"max_hp_per_floor":[88,88,88,88,88,88,88,88,88,88,88,88,88,88,88,88,88,88,88,88,88,88,88,88,93,93,93,93,93,93,93,93,93,93,95,95,90,90,90,90,90,90,90,90,90,92,92,92,92,92],"card_choices":[{"not_picked":["Seeing Red","Perfected Strike"],"picked":"Clothesline","floor":1},{"not_picked":["Perfected Strike","Headbutt"],"picked":"Shrug It Off","floor":4},{"not_picked":["Searing Blow","Sentinel","Sever Soul"],"picked":"SKIP","floor":5},{"not_picked":["Havoc","Shrug It Off"],"picked":"Iron Wave","floor":8},{"not_picked":["Dropkick","Pommel Strike"],"picked":"Twin Strike","floor":10},{"not_picked":["Seeing Red","Bloodletting"],"picked":"Cleave","floor":14},{"not_picked":["Limit Break","Fiend Fire"],"picked":"Juggernaut","floor":16},{"not_picked":["Disarm","Iron Wave"],"picked":"Intimidate+1","floor":18},{"not_picked":["Shrug It Off","Intimidate"],"picked":"Body Slam+1","floor":19},{"not_picked":["Headbutt+1","Rupture"],"picked":"Flex+1","floor":21},{"not_picked":["Flex+1","Iron Wave"],"picked":"Heavy Blade","floor":24},{"not_picked":["Infernal Blade+1","Clothesline+1"],"picked":"Flame Barrier","floor":30},{"not_picked":["Bludgeon","Feed"],"picked":"Demon Form","floor":33},{"not_picked":["Inflame","Havoc+1","Uppercut+1"],"picked":"Singing Bowl","floor":35},{"not_picked":["Pummel+1","Dropkick+1"],"picked":"Shrug It Off","floor":39},{"not_picked":["Infernal Blade","Thunderclap","Intimidate+1"],"picked":"Singing Bowl","floor":46},{"not_picked":["Battle Trance","Heavy Blade"],"picked":"Metallicize","floor":48}],"player_experience":260489,"relics_obtained":[{"floor":9,"key":"Singing Bowl"},{"floor":24,"key":"Juzu Bracelet"},{"floor":26,"key":"Letter Opener"},{"floor":43,"key":"Boot"}],"event_choices":[{"cards_removed":["Strike_R"],"damage_healed":0,"gold_gain":0,"player_choice":"Card Removal","damage_taken":0,"max_hp_gain":0,"max_hp_loss":0,"event_name":"The Cleric","floor":2,"gold_loss":50},{"damage_healed":0,"gold_gain":0,"player_choice":"Ignored","damage_taken":0,"max_hp_gain":0,"max_hp_loss":0,"event_name":"Transmorgrifier","floor":7,"gold_loss":0},{"damage_healed":0,"gold_gain":0,"player_choice":"Entered Light","damage_taken":18,"max_hp_gain":0,"max_hp_loss":0,"event_name":"Shining Light","floor":12,"gold_loss":0,"cards_upgraded":["Strike_R","Strike_R"]},{"damage_healed":24,"gold_gain":0,"player_choice":"Full Heal","damage_taken":0,"max_hp_gain":0,"max_hp_loss":0,"event_name":"Wheel of Change","floor":22,"gold_loss":0},{"damage_healed":0,"gold_gain":0,"player_choice":"Shed Blood","damage_taken":22,"max_hp_gain":5,"max_hp_loss":0,"event_name":"Forgotten Altar","floor":25,"gold_loss":0},{"damage_healed":0,"gold_gain":0,"player_choice":"Read","damage_taken":0,"max_hp_gain":0,"max_hp_loss":0,"event_name":"The Library","floor":27,"gold_loss":0,"cards_obtained":["Spot Weakness"]},{"damage_healed":0,"gold_gain":0,"player_choice":"Inject Mutagens","damage_taken":0,"relics_obtained":["MutagenicStrength"],"max_hp_gain":0,"max_hp_loss":0,"event_name":"Drug Dealer","floor":29,"gold_loss":0},{"damage_healed":0,"gold_gain":100,"player_choice":"Pray","damage_taken":0,"max_hp_gain":0,"max_hp_loss":0,"event_name":"Golden Shrine","floor":31,"gold_loss":0},{"damage_healed":0,"gold_gain":0,"player_choice":"Max HP","damage_taken":0,"max_hp_gain":0,"max_hp_loss":5,"event_name":"Winding Halls","floor":37,"gold_loss":0},{"damage_healed":0,"gold_gain":100,"player_choice":"Pray","damage_taken":0,"max_hp_gain":0,"max_hp_loss":0,"event_name":"Golden Shrine","floor":38,"gold_loss":0},{"damage_healed":0,"gold_gain":0,"player_choice":"Copied","damage_taken":0,"max_hp_gain":0,"max_hp_loss":0,"event_name":"Duplicator","floor":44,"gold_loss":0,"cards_obtained":["Intimidate"]},{"damage_healed":0,"gold_gain":0,"player_choice":"Bought 0 Potions","damage_taken":0,"max_hp_gain":0,"max_hp_loss":0,"event_name":"The Woman in Blue","floor":45,"gold_loss":0}],"is_beta":false,"boss_relics":[{"not_picked":["Runic Pyramid","Astrolabe"],"picked":"Velvet Choker"},{"not_picked":["Empty Cage","Fusion Hammer"],"picked":"Black Blood"}],"items_purged_floors":[36,47],"is_endless":false,"potions_floor_spawned":[4,8,10,16,19,21,24,33,35,48],"killed_by":"Donu and Deca","ascension_level":4}