{"gold_per_floor":[115,126,126,64,82,82,113,125,152,40,40,40,40,54,54,178,178,199,298,298],"floor_reached":20,"playtime":1642,"items_purged":["Strike_B"],"score":224,"play_id":"fa79d8fd-ee2b-4753-a6bc-1259b590939e","local_time":"20181107124950","is_ascension_mode":true,"campfire_choices":[{"data":"Zap","floor":6,"key":"SMITH"},{"floor":11,"key":"REST"},{"floor":15,"key":"REST"}],"neow_cost":"NONE","seed_source_timestamp":313129077403929,"circlet_count":0,"master_deck":["Strike_B","Strike_B","Strike_B","Defend_B","Defend_B","Defend_B","Defend_B","Zap+1","Dualcast+1","Conserve Battery","Darkness","Coolheaded","Steam","Static Discharge","Steam","Self Repair"],"relics":["Cracked Core","Potion Belt","Art of War","Omamori","Golden Idol","Ornamental Fan","Velvet Choker"],"potions_floor_usage":[14,14,20],"damage_taken":[{"damage":7,"enemies":"Small Slimes","floor":1,"turns":3},{"damage":0,"enemies":"Cultist","floor":2,"turns":3},{"damage":0,"enemies":"Jaw Worm","floor":5,"turns":3},{"damage":26,"enemies":"Gremlin Nob","floor":7,"turns":4},{"damage":11,"enemies":"Exordium Thugs","floor":8,"turns":4},{"damage":11,"enemies":"3 Louse","floor":14,"turns":3},{"damage":53,"enemies":"The Guardian","floor":16,"turns":11},{"damage":7,"enemies":"Spheric Guardian","floor":18,"turns":5},{"damage":53,"enemies":"Masked Bandits","floor":20,"turns":4}],"seed_played":"643745235777358584","potions_obtained":[{"floor":5,"key":"Explosive Potion"},{"floor":7,"key":"Regen Potion"},{"floor":8,"key":"Swift Potion"},{"floor":16,"key":"Energy Potion"}],"is_trial":false,"path_per_floor":["M","M","?","?","M","R","E","M","T","$","R","?","?","M","R","B",null,"M","?","?"],"character_chosen":"DEFECT","items_purchased":["Static Discharge"],"campfire_rested":2,"item_purchase_floors":[10],"current_hp_per_floor":[61,61,66,66,66,66,40,29,29,29,53,53,46,44,66,13,59,52,52,0],"gold":298,"neow_bonus":"UPGRADE_CARD","is_prod":false,"is_daily":false,"chose_seed":false,"campfire_upgraded":1,"win_rate":0,"timestamp":1541591390,"path_taken":["M","M","?","?","M","R","E","?","T","$","R","?","?","?","R","BOSS","M","?","?"],"build_version":"2018-11-01","purchased_purges":1,"victory":false,"max_hp_per_floor":[75,75,80,80,80,80,80,80,80,80,80,74,74,74,74,74,74,74,74,74],"card_choices":[{"not_picked":["Cold Snap","Streamline"],"picked":"Conserve Battery","floor":1},{"not_picked":["Fusion","Consume","Rip and Tear"],"picked":"SKIP","floor":2},{"not_picked":["Fusion","Rebound"],"picked":"Darkness","floor":5},{"not_picked":["Steam","Fission"],"picked":"Coolheaded","floor":7},{"not_picked":["Ball Lightning","Barrage"],"picked":"Steam","floor":8},{"not_picked":["Rebound","Gash"],"picked":"Steam","floor":14},{"not_picked":["Sunder+1","Go for the Eyes"],"picked":"Self Repair","floor":18}],"player_experience":300656,"relics_obtained":[{"floor":7,"key":"Art of War"},{"floor":9,"key":"Omamori"}],"event_choices":[{"damage_healed":0,"gold_gain":0,"player_choice":"Donut","damage_taken":0,"max_hp_gain":5,"max_hp_loss":0,"event_name":"Big Fish","floor":3,"gold_loss":0},{"damage_healed":0,"gold_gain":0,"player_choice":"Paid Gold","damage_taken":0,"relics_obtained":["Potion Belt"],"max_hp_gain":0,"max_hp_loss":0,"event_name":"WeMeetAgain","floor":4,"gold_loss":62},{"damage_healed":0,"gold_gain":0,"player_choice":"Lose Max HP","damage_taken":0,"relics_obtained":["Golden Idol"],"max_hp_gain":0,"max_hp_loss":6,"event_name":"Golden Idol","floor":12,"gold_loss":0},{"damage_healed":0,"gold_gain":0,"player_choice":"Success","damage_taken":7,"relics_obtained":["Ornamental Fan"],"max_hp_gain":0,"max_hp_loss":0,"event_name":"Scrap Ooze","floor":13,"gold_loss":0},{"damage_healed":0,"gold_gain":99,"player_choice":"Stole From Cult","damage_taken":0,"max_hp_gain":0,"max_hp_loss":0,"event_name":"Nest","floor":19,"gold_loss":0},{"damage_healed":0,"gold_gain":0,"player_choice":"Fought Bandits","damage_taken":0,"max_hp_gain":0,"max_hp_loss":0,"event_name":"Masked Bandits","floor":20,"gold_loss":0}],"is_beta":false,"boss_relics":[{"not_picked":["Orrery","Inserter"],"picked":"Velvet Choker"}],"items_purged_floors":[10],"is_endless":false,"potions_floor_spawned":[5,7,8,16],"killed_by":"Masked Bandits","ascension_level":6}