{"gold_per_floor":[118,128,128,143,163,163,31,31,31,31,31,47,47,67,67,162,162,187,211,246,246,246,246,269,287,341,374,386,419,456,488,500,512],"floor_reached":33,"playtime":1529,"items_purged":["Decay"],"score":462,"play_id":"425190eb-a76d-4d39-b4c7-e82f991a0671","local_time":"20190215134641","is_ascension_mode":true,"campfire_choices":[{"data":"Zap","floor":6,"key":"SMITH"},{"data":"Glacier","floor":10,"key":"SMITH"},{"data":"Go for the Eyes","floor":13,"key":"SMITH"},{"data":"Ball Lightning","floor":15,"key":"SMITH"},{"floor":23,"key":"REST"},{"floor":28,"key":"REST"},{"floor":32,"key":"REST"}],"neow_cost":"NONE","seed_source_timestamp":2000855909070384,"circlet_count":0,"master_deck":["AscendersBane","Strike_B","Strike_B","Strike_B","Defend_B","Defend_B","Defend_B","Defend_B","Zap+1","Dualcast","FTL","Glacier+1","Leap","Go for the Eyes+1","Ball Lightning+1","Seek","Conserve Battery","Streamline","Hologram","Reinforced Body","Double Energy"],"relics":["Cracked Core","Pen Nib","Blue Candle","Golden Idol","Inserter","Red Mask","MawBank"],"potions_floor_usage":[16,16,20,20,30,33],"damage_taken":[{"damage":0,"enemies":"2 Louse","floor":1,"turns":3},{"damage":1,"enemies":"Cultist","floor":2,"turns":3},{"damage":10,"enemies":"Small Slimes","floor":4,"turns":4},{"damage":13,"enemies":"Blue Slaver","floor":5,"turns":4},{"damage":0,"enemies":"Exordium Wildlife","floor":12,"turns":3},{"damage":7,"enemies":"3 Louse","floor":14,"turns":4},{"damage":16,"enemies":"The Guardian","floor":16,"turns":10},{"damage":11,"enemies":"Chosen","floor":18,"turns":5},{"damage":13,"enemies":"2 Thieves","floor":19,"turns":5},{"damage":20,"enemies":"Masked Bandits","floor":20,"turns":4},{"damage":12,"enemies":"Centurion and Healer","floor":24,"turns":9},{"damage":19,"enemies":"Snake Plant","floor":25,"turns":6},{"damage":0,"enemies":"Snecko","floor":27,"turns":8},{"damage":9,"enemies":"Centurion and Healer","floor":29,"turns":8},{"damage":6,"enemies":"3 Cultists","floor":30,"turns":5},{"damage":5,"enemies":"Shelled Parasite and Fungi","floor":31,"turns":8},{"damage":27,"enemies":"Champ","floor":33,"turns":13}],"seed_played":"-5069105085739322401","potions_obtained":[{"floor":4,"key":"Block Potion"},{"floor":12,"key":"PowerPotion"},{"floor":18,"key":"Strength Potion"},{"floor":19,"key":"Poison Potion"},{"floor":27,"key":"Ancient Potion"},{"floor":29,"key":"SteroidPotion"}],"is_trial":false,"path_per_floor":["M","M","?","M","M","R","$","?","T","R","?","M","R","M","R","B",null,"M","M","?","?","?","R","M","M","T","M","R","M","M","M","R","B"],"character_chosen":"DEFECT","items_purchased":["Strength Potion"],"campfire_rested":3,"item_purchase_floors":[7],"current_hp_per_floor":[64,63,63,53,40,40,40,40,40,40,40,40,40,33,33,17,52,41,28,8,21,21,40,28,9,9,9,28,19,13,8,27,0],"gold":512,"neow_bonus":"RANDOM_COMMON_RELIC","is_prod":false,"is_daily":false,"chose_seed":false,"campfire_upgraded":4,"win_rate":0,"timestamp":1550206001,"path_taken":["M","M","?","M","?","R","$","?","T","R","?","M","R","M","R","BOSS","M","M","?","?","?","R","?","M","T","?","R","M","?","M","R","BOSS"],"build_version":"2019-01-23","purchased_purges":1,"victory":false,"max_hp_per_floor":[71,71,71,71,71,71,71,71,71,71,64,64,64,64,64,64,64,64,64,64,64,64,64,64,64,64,64,64,64,64,64,64,64],"card_choices":[{"not_picked":["Rebound","Reprogram"],"picked":"FTL","floor":1},{"not_picked":["Beam Cell","Sweeping Beam"],"picked":"Glacier","floor":2},{"not_picked":["Skim","Loop"],"picked":"Leap","floor":4},{"not_picked":["Double Energy","Steam"],"picked":"Go for the Eyes","floor":5},{"not_picked":["Redo","Turbo","Reprogram"],"picked":"SKIP","floor":12},{"not_picked":["Conserve Battery","Creative AI"],"picked":"Ball Lightning","floor":14},{"not_picked":["Core Surge","Thunder Strike"],"picked":"Seek","floor":16},{"not_picked":["Rip and Tear","Melter"],"picked":"Conserve Battery","floor":18},{"not_picked":["BootSequence+1","Recycle"],"picked":"Streamline","floor":19},{"not_picked":["Consume","Compile Driver"],"picked":"Hologram","floor":20},{"not_picked":["Go for the Eyes","Streamline","Sweeping Beam"],"picked":"SKIP","floor":24},{"not_picked":["Conserve Battery","Stack"],"picked":"Reinforced Body","floor":25},{"not_picked":["Turbo","Force Field","Undo+1"],"picked":"SKIP","floor":27},{"not_picked":["Sunder","Auto Shields","Sweeping Beam"],"picked":"SKIP","floor":29},{"not_picked":["Rebound","Leap"],"picked":"Double Energy","floor":30},{"not_picked":["Ball Lightning","Rebound","Capacitor"],"picked":"SKIP","floor":31}],"player_experience":541231,"relics_obtained":[{"floor":9,"key":"Blue Candle"},{"floor":20,"key":"Red Mask"},{"floor":26,"key":"MawBank"}],"event_choices":[{"damage_healed":0,"gold_gain":0,"player_choice":"Cursed","damage_taken":0,"max_hp_gain":0,"max_hp_loss":0,"event_name":"Wheel of Change","floor":3,"gold_loss":0,"cards_obtained":["Decay"]},{"damage_healed":0,"gold_gain":0,"player_choice":"Ignored","damage_taken":0,"max_hp_gain":0,"max_hp_loss":0,"event_name":"Liars Game","floor":8,"gold_loss":0},{"damage_healed":0,"gold_gain":0,"player_choice":"Lose Max HP","damage_taken":0,"relics_obtained":["Golden Idol"],"max_hp_gain":0,"max_hp_loss":7,"event_name":"Golden Idol","floor":11,"gold_loss":0},{"damage_healed":0,"gold_gain":0,"player_choice":"Fought Bandits","damage_taken":0,"max_hp_gain":0,"max_hp_loss":0,"event_name":"Masked Bandits","floor":20,"gold_loss":0},{"damage_healed":13,"gold_gain":0,"player_choice":"Heal","damage_taken":0,"max_hp_gain":0,"max_hp_loss":0,"event_name":"The Library","floor":21,"gold_loss":0},{"cards_removed":["Strike_B"],"damage_healed":0,"gold_gain":0,"player_choice":"Offered Basic","damage_taken":0,"max_hp_gain":0,"max_hp_loss":0,"event_name":"Bonfire Elementals","floor":22,"gold_loss":0}],"is_beta":false,"boss_relics":[{"not_picked":["Black Star","Eternal Feather"],"picked":"Inserter"}],"items_purged_floors":[7],"is_endless":false,"potions_floor_spawned":[4,12,18,19,27,29],"killed_by":"Champ","ascension_level":18}