{"gold_per_floor":[112,112,128,28,178,178,205,282,282,301,301,301],"floor_reached":12,"playtime":228,"items_purged":["Strike_B"],"score":148,"play_id":"719b4ed5-fb35-4d45-b508-35eb895c4c85","local_time":"20190410223415","is_ascension_mode":true,"campfire_choices":[{"data":"Capacitor","floor":6,"key":"SMITH"}],"neow_cost":"NONE","seed_source_timestamp":6389439936100,"circlet_count":0,"master_deck":["AscendersBane","Strike_B","Strike_B","Strike_B","Defend_B","Defend_B","Defend_B","Defend_B","Zap","Dualcast","Rainbow+1","Sweeping Beam","Capacitor+1","Leap","Doubt","Leap","Echo Form"],"relics":["Cracked Core","Question Card","Symbiotic Virus","Darkstone Periapt","Shuriken"],"potions_floor_usage":[12],"damage_taken":[{"damage":5,"enemies":"Jaw Worm","floor":1,"turns":4},{"damage":1,"enemies":"Cultist","floor":3,"turns":3},{"damage":38,"enemies":"Lagavulin","floor":7,"turns":8},{"damage":3,"enemies":"2 Louse","floor":10,"turns":2},{"damage":13,"enemies":"Lagavulin Event","floor":12,"turns":5}],"seed_played":"-6478063628071048552","potions_obtained":[{"floor":7,"key":"Dexterity Potion"}],"is_trial":false,"path_per_floor":["M","?","M","$","?","R","E","T","T","M","?","?"],"character_chosen":"DEFECT","items_purchased":["Leap"],"campfire_rested":0,"item_purchase_floors":[4],"current_hp_per_floor":[59,59,58,58,58,58,20,20,20,17,12,0],"gold":301,"neow_bonus":"ONE_RANDOM_RARE_CARD","is_prod":false,"is_daily":false,"chose_seed":false,"campfire_upgraded":1,"win_rate":0,"timestamp":1554928455,"path_taken":["M","?","M","$","?","R","E","?","T","?","?","?"],"build_version":"2019-01-23","purchased_purges":1,"victory":false,"max_hp_per_floor":[71,71,71,71,71,71,71,71,71,71,71,71],"card_choices":[{"not_picked":["Cold Snap","Heatsinks"],"picked":"Sweeping Beam","floor":1},{"not_picked":["Steam","Go for the Eyes"],"picked":"Capacitor","floor":3},{"not_picked":["Go for the Eyes","Recycle"],"picked":"Leap","floor":7},{"not_picked":["Barrage","Auto Shields","Consume"],"picked":"Echo Form","floor":10}],"player_experience":529660,"relics_obtained":[{"floor":7,"key":"Question Card"},{"floor":8,"key":"Symbiotic Virus"},{"floor":9,"key":"Darkstone Periapt"}],"event_choices":[{"damage_healed":0,"gold_gain":0,"player_choice":"Grow","damage_taken":0,"max_hp_gain":0,"max_hp_loss":0,"event_name":"Living Wall","floor":2,"gold_loss":0,"cards_upgraded":["Rainbow"]},{"damage_healed":0,"gold_gain":150,"player_choice":"AGREE","damage_taken":0,"max_hp_gain":0,"max_hp_loss":0,"event_name":"Liars Game","floor":5,"gold_loss":0,"cards_obtained":["Doubt"]},{"damage_healed":0,"gold_gain":0,"player_choice":"Success","damage_taken":5,"relics_obtained":["Shuriken"],"max_hp_gain":0,"max_hp_loss":0,"event_name":"Scrap Ooze","floor":11,"gold_loss":0},{"damage_healed":0,"gold_gain":0,"player_choice":"Searched \u00271\u0027 times","damage_taken":0,"max_hp_gain":0,"max_hp_loss":0,"event_name":"Dead Adventurer","floor":12,"gold_loss":0}],"is_beta":false,"boss_relics":[],"items_purged_floors":[4],"is_endless":false,"potions_floor_spawned":[7],"killed_by":"Lagavulin Event","ascension_level":19}