{"gold_per_floor":[114,33,49,64,79,114,43,43,116,143,218,218,228,228,228,333,333,345,28,28,28,28,54,54,69,69,81,81,81,100,0,0,99,99,114,126,126,145,155,155,173,173,199,214,226,53,73,91,91,91],"floor_reached":51,"playtime":4223,"items_purged":["Strike_G","Shame"],"score":801,"play_id":"8704558f-b7e6-4423-931d-66c70ca446e2","local_time":"20181014204327","is_ascension_mode":true,"campfire_choices":[{"data":"Footwork","floor":8,"key":"SMITH"},{"floor":12,"key":"REST"},{"data":"Noxious Fumes","floor":15,"key":"SMITH"},{"data":"Noxious Fumes","floor":24,"key":"SMITH"},{"data":"Dodge and Roll","floor":28,"key":"SMITH"},{"floor":32,"key":"REST"},{"data":"Dodge and Roll","floor":40,"key":"SMITH"},{"floor":49,"key":"REST"}],"neow_cost":"NONE","seed_source_timestamp":189001366231456,"circlet_count":0,"master_deck":["Defend_G","Defend_G","Defend_G","Defend_G","Defend_G","Strike_G","Strike_G","Strike_G","Strike_G","Survivor","Neutralize","Venomology","Bouncing Flask","Blur","Footwork+1","Flying Knee","Dodge and Roll+1","Noxious Fumes+1","Dodge and Roll","Crippling Poison","Die Die Die","Dodge and Roll+1","Noxious Fumes+1","PiercingWail","Backstab+1","PiercingWail+1","Dodge and Roll+1","Blur+1","Noxious Fumes"],"relics":["Ring of the Snake","Singing Bowl","Boot","Cursed Key","Lantern","Potion Belt","Dodecahedron","Ancient Tea Set","Nloth\u0027s Gift","Empty Cage","Calipers","Strawberry"],"potions_floor_usage":[6,6,10,16,16,16,30,30,33,33,33,38,38,38,38,42,42,44,44,48,48,50,50,50,50,50],"damage_taken":[{"damage":6,"enemies":"Cultist","floor":1,"turns":4},{"damage":3,"enemies":"2 Louse","floor":3,"turns":2},{"damage":6,"enemies":"Jaw Worm","floor":4,"turns":5},{"damage":0,"enemies":"2 Fungi Beasts","floor":5,"turns":4},{"damage":17,"enemies":"Gremlin Nob","floor":6,"turns":5},{"damage":8,"enemies":"Lagavulin","floor":10,"turns":7},{"damage":5,"enemies":"Exordium Wildlife","floor":13,"turns":5},{"damage":21,"enemies":"Slime Boss","floor":16,"turns":11},{"damage":13,"enemies":"Spheric Guardian","floor":18,"turns":5},{"damage":17,"enemies":"Gremlin Leader","floor":23,"turns":7},{"damage":14,"enemies":"2 Thieves","floor":25,"turns":4},{"damage":17,"enemies":"Cultist and Chosen","floor":27,"turns":7},{"damage":0,"enemies":"Chosen and Byrds","floor":30,"turns":6},{"damage":55,"enemies":"Collector","floor":33,"turns":10},{"damage":7,"enemies":"Orb Walker","floor":35,"turns":4},{"damage":5,"enemies":"3 Darklings","floor":36,"turns":5},{"damage":12,"enemies":"Maw","floor":38,"turns":8},{"damage":15,"enemies":"4 Shapes","floor":39,"turns":4},{"damage":7,"enemies":"Sphere and 2 Shapes","floor":41,"turns":5},{"damage":2,"enemies":"Mind Bloom Boss Battle","floor":42,"turns":9},{"damage":12,"enemies":"Reptomancer","floor":44,"turns":8},{"damage":0,"enemies":"Maw","floor":45,"turns":8},{"damage":22,"enemies":"Sphere and 2 Shapes","floor":47,"turns":5},{"damage":25,"enemies":"Reptomancer","floor":48,"turns":9},{"damage":30,"enemies":"Awakened One","floor":50,"turns":20}],"seed_played":"8137910258065400846","potions_obtained":[{"floor":1,"key":"GamblersBrew"},{"floor":3,"key":"GhostInAJar"},{"floor":30,"key":"FairyPotion"},{"floor":36,"key":"Energy Potion"},{"floor":42,"key":"PowerPotion"},{"floor":44,"key":"Ancient Potion"},{"floor":45,"key":"Fire Potion"},{"floor":48,"key":"Energy Potion"}],"is_trial":false,"path_per_floor":["M","$","M","M","M","E","$","R","T","E","?","R","M","T","R","B",null,"M","$","?","$","?","E","R","M","T","M","R","?","M","?","R","B",null,"M","M","?","M","M","R","M","?","T","M","M","$","M","M","R","B"],"character_chosen":"THE_SILENT","items_purchased":["Blur","Noxious Fumes","Noxious Fumes","PiercingWail","Lantern","Noxious Fumes"],"campfire_rested":3,"item_purchase_floors":[2,7,19,19,19,46],"current_hp_per_floor":[64,64,61,55,55,38,38,38,38,30,19,40,35,49,49,28,84,71,71,71,71,71,54,54,42,42,27,27,27,29,29,56,3,92,85,82,82,72,57,57,52,52,59,47,49,49,29,6,38,8],"gold":91,"neow_bonus":"ONE_RANDOM_RARE_CARD","is_prod":false,"is_daily":false,"chose_seed":false,"campfire_upgraded":5,"win_rate":0,"timestamp":1539542607,"path_taken":["M","$","?","M","M","E","$","R","T","E","?","R","M","?","R","BOSS","M","$","?","?","?","E","R","?","T","M","R","?","M","?","R","BOSS","M","M","?","?","M","R","M","?","T","M","M","$","M","M","R","BOSS"],"build_version":"2018-10-11","purchased_purges":2,"victory":true,"max_hp_per_floor":[70,70,70,70,70,70,70,70,70,70,70,70,70,84,84,84,84,84,84,84,84,84,84,84,86,86,88,88,88,90,90,90,92,92,92,94,89,91,91,91,93,95,102,102,104,104,106,108,108,108],"card_choices":[{"not_picked":["Accuracy","Underhanded Strike"],"picked":"Bouncing Flask","floor":1},{"not_picked":["Skewer","Cloak And Dagger"],"picked":"Footwork","floor":3},{"not_picked":["Outmaneuver","Endless Agony"],"picked":"Flying Knee","floor":4},{"not_picked":["Flechettes","Prepared","Skewer"],"picked":"SKIP","floor":5},{"not_picked":["Underhanded Strike","Deflect"],"picked":"Dodge and Roll","floor":6},{"not_picked":["Backstab","Acrobatics"],"picked":"Dodge and Roll","floor":10},{"not_picked":["Distraction","Infinite Blades"],"picked":"Crippling Poison","floor":13},{"not_picked":["Venomology","Burst"],"picked":"Die Die Die","floor":16},{"not_picked":["Concentrate","Slice"],"picked":"Dodge and Roll","floor":18},{"not_picked":["Heel Hook","Setup"],"picked":"Backstab+1","floor":23},{"not_picked":["Slice","Flying Knee","Calculated Gamble"],"picked":"Singing Bowl","floor":25},{"not_picked":["Cloak And Dagger+1","Deadly Poison","Underhanded Strike+1"],"picked":"Singing Bowl","floor":27},{"not_picked":["Flying Knee+1","Terror+1","Dagger Throw"],"picked":"Singing Bowl","floor":30},{"not_picked":["Burst","Doppelganger","Glass Knife"],"picked":"Singing Bowl","floor":33},{"not_picked":["Poisoned Stab+1","Dagger Spray"],"picked":"PiercingWail+1","floor":35},{"not_picked":["Concentrate+1","Prepared+1","All Out Attack"],"picked":"Singing Bowl","floor":36},{"not_picked":["Quick Slash+1","Sucker Punch+1","Outmaneuver"],"picked":"Singing Bowl","floor":38},{"not_picked":["Deadly Poison+1","Predator"],"picked":"Dodge and Roll+1","floor":39},{"not_picked":["Dodge and Roll","Underhanded Strike+1","Escape Plan+1"],"picked":"Singing Bowl","floor":41},{"not_picked":["PiercingWail","Blade Dance","Masterful Stab"],"picked":"Singing Bowl","floor":42},{"not_picked":["Doppelganger","Acrobatics"],"picked":"Blur+1","floor":44},{"not_picked":["Poisoned Stab+1","Flying Knee","Malaise"],"picked":"Singing Bowl","floor":45},{"not_picked":["Cloak And Dagger+1","Escape Plan+1","Blur"],"picked":"Singing Bowl","floor":47},{"not_picked":["Sucker Punch","Prepared+1","Phantasmal Killer"],"picked":"Singing Bowl","floor":48}],"player_experience":185799,"relics_obtained":[{"floor":9,"key":"Singing Bowl"},{"floor":10,"key":"Boot"},{"floor":14,"key":"Mango"},{"floor":23,"key":"Dodecahedron"},{"floor":26,"key":"Ancient Tea Set"},{"floor":42,"key":"Calipers"},{"floor":43,"key":"Strawberry"}],"event_choices":[{"event_name":"World of Goop","player_choice":"Gather Gold","floor":11,"damage_taken":0},{"event_name":"Addict","player_choice":"Stole Relic","floor":20,"damage_taken":0},{"event_name":"Transmorgrifier","player_choice":"Skipped","floor":22,"damage_taken":0},{"event_name":"N\u0027loth","player_choice":"Traded a Mango","floor":29,"damage_taken":0},{"event_name":"Masked Bandits","player_choice":"Paid Fearfully","floor":31,"damage_taken":0},{"event_name":"Winding Halls","player_choice":"Max HP","floor":37,"damage_taken":0},{"event_name":"MindBloom","player_choice":"Fight","floor":42,"damage_taken":0}],"is_beta":false,"boss_relics":[{"not_picked":["Sozu","Ring of the Serpent"],"picked":"Cursed Key"},{"not_picked":["White Beast Statue","Runic Dome"],"picked":"Empty Cage"}],"items_purged_floors":[19,46],"is_endless":false,"potions_floor_spawned":[1,3,4,13,30,36,42,44,45,48],"ascension_level":3}