{"gold_per_floor":[117,117,117,127,140,140,167,25,49,68,98,98,123,58,58,133,133,148,148,198,209,222,248,248,248],"floor_reached":25,"playtime":951,"items_purged":[],"score":503,"play_id":"9e40d3c7-c3b9-4e80-ba26-0fa4dbfd99f5","local_time":"20190510120300","is_ascension_mode":true,"campfire_choices":[{"data":"Immolate","floor":6,"key":"SMITH"},{"data":"Flame Barrier","floor":12,"key":"SMITH"},{"floor":15,"key":"REST"},{"data":"True Grit","floor":24,"key":"SMITH"}],"neow_cost":"TEN_PERCENT_HP_LOSS","seed_source_timestamp":352472610635700,"circlet_count":0,"master_deck":["AscendersBane","Defend_R","Defend_R","Defend_R","Defend_R","Bash+1","Immolate+1","Headbutt","Flame Barrier+1","Limit Break","Feed","Pommel Strike","Armaments","Spot Weakness","Reaper","True Grit+1","Bite","Bite","Bite","Bite","Bite","Shrug It Off"],"relics":["Burning Blood","Red Skull","MawBank","PreservedInsect","The Courier","Meat on the Bone","Black Star","Dream Catcher","Boot"],"potions_floor_usage":[16,16],"damage_taken":[{"damage":4,"enemies":"Cultist","floor":1,"turns":4},{"damage":7,"enemies":"Small Slimes","floor":4,"turns":2},{"damage":7,"enemies":"Jaw Worm","floor":5,"turns":2},{"damage":10,"enemies":"3 Sentries","floor":7,"turns":4},{"damage":14,"enemies":"Exordium Thugs","floor":10,"turns":4},{"damage":8,"enemies":"Gremlin Nob","floor":11,"turns":3},{"damage":20,"enemies":"Lagavulin","floor":13,"turns":3},{"damage":43,"enemies":"The Guardian","floor":16,"turns":11},{"damage":33,"enemies":"3 Byrds","floor":18,"turns":3},{"damage":41,"enemies":"Chosen","floor":21,"turns":7},{"damage":14,"enemies":"Centurion and Healer","floor":22,"turns":8},{"damage":15,"enemies":"Slavers","floor":23,"turns":2},{"damage":66,"enemies":"Book of Stabbing","floor":25,"turns":4}],"seed_played":"2052587850806496722","potions_obtained":[{"floor":10,"key":"BloodPotion"},{"floor":11,"key":"GamblersBrew"},{"floor":13,"key":"Swift Potion"},{"floor":16,"key":"FairyPotion"},{"floor":18,"key":"Ancient Potion"}],"is_trial":false,"path_per_floor":["M","?","?","M","M","R","E","$","T","M","E","R","E","$","R","B",null,"M","?","?","M","M","E","R","E"],"character_chosen":"IRONCLAD","items_purchased":["Feed","Spot Weakness"],"campfire_rested":1,"item_purchase_floors":[8,14],"current_hp_per_floor":[68,68,42,41,40,40,36,36,36,31,32,32,21,21,44,26,64,49,49,49,38,49,40,40,0],"gold":248,"neow_bonus":"THREE_RARE_CARDS","is_prod":false,"is_daily":false,"chose_seed":false,"campfire_upgraded":3,"win_rate":0,"timestamp":1557457380,"path_taken":["M","?","?","?","M","R","E","$","T","M","E","R","E","?","R","BOSS","M","?","?","?","M","E","R","E"],"build_version":"2019-01-23","purchased_purges":0,"victory":false,"max_hp_per_floor":[68,68,68,68,68,68,68,68,68,71,74,74,77,77,77,77,77,77,53,53,53,57,57,57,57],"card_choices":[{"not_picked":["Berserk","Juggernaut"],"picked":"Immolate","floor":0},{"not_picked":["Havoc","Pummel"],"picked":"Headbutt","floor":1},{"not_picked":["Bloodletting","Warcry"],"picked":"Flame Barrier","floor":4},{"not_picked":["Heavy Blade","Body Slam","Armaments"],"picked":"SKIP","floor":5},{"not_picked":["Intimidate","Thunderclap"],"picked":"Limit Break","floor":7},{"not_picked":["Twin Strike","Perfected Strike"],"picked":"Pommel Strike","floor":10},{"not_picked":["Sword Boomerang","Heavy Blade","Body Slam"],"picked":"SKIP","floor":11},{"not_picked":["Ghostly Armor","Rupture"],"picked":"Armaments","floor":13},{"not_picked":["Brutality","Fiend Fire"],"picked":"Reaper","floor":16},{"not_picked":["Pommel Strike","Iron Wave"],"picked":"True Grit","floor":18},{"not_picked":["Burning Pact","Warcry"],"picked":"Shrug It Off","floor":21},{"not_picked":["Twin Strike","Pommel Strike","Havoc"],"picked":"SKIP","floor":22},{"not_picked":["Thunderclap","Bludgeon","Wild Strike+1"],"picked":"SKIP","floor":23}],"player_experience":1316719,"relics_obtained":[{"floor":7,"key":"MawBank"},{"floor":9,"key":"PreservedInsect"},{"floor":11,"key":"The Courier"},{"floor":13,"key":"Meat on the Bone"},{"floor":23,"key":"Dream Catcher"},{"floor":23,"key":"Boot"}],"event_choices":[{"damage_healed":0,"gold_gain":0,"player_choice":"Grow","damage_taken":0,"max_hp_gain":0,"max_hp_loss":0,"event_name":"Living Wall","floor":2,"gold_loss":0,"cards_upgraded":["Bash"]},{"damage_healed":0,"gold_gain":0,"player_choice":"Success","damage_taken":26,"relics_obtained":["Red Skull"],"max_hp_gain":0,"max_hp_loss":0,"event_name":"Scrap Ooze","floor":3,"gold_loss":0},{"damage_healed":0,"gold_gain":0,"player_choice":"Became a vampire","damage_taken":0,"max_hp_gain":0,"max_hp_loss":24,"event_name":"Vampires","floor":19,"gold_loss":0,"cards_obtained":["Bite","Bite","Bite","Bite","Bite"]},{"damage_healed":0,"gold_gain":50,"player_choice":"Pray","damage_taken":0,"max_hp_gain":0,"max_hp_loss":0,"event_name":"Golden Shrine","floor":20,"gold_loss":0}],"is_beta":false,"boss_relics":[{"not_picked":["Eternal Feather","Runic Cube"],"picked":"Black Star"}],"items_purged_floors":[],"is_endless":false,"potions_floor_spawned":[10,11,13,16,18,21],"killed_by":"Book of Stabbing","ascension_level":20}