{"gold_per_floor":[117,117,117,117,136,163,163,188,188,188,201,201,166,199,199,199],"floor_reached":16,"playtime":455,"items_purged":[],"score":282,"play_id":"c50c0113-88b5-4815-8d77-03dcb6be6c26","local_time":"20190404110633","is_ascension_mode":true,"campfire_choices":[{"data":"Neutralize","floor":7,"key":"SMITH"},{"data":"Dash","floor":10,"key":"SMITH"},{"data":"Survivor","floor":12,"key":"SMITH"},{"data":"Infinite Blades","floor":15,"key":"SMITH"}],"neow_cost":"NONE","seed_source_timestamp":527756891987702,"circlet_count":0,"master_deck":["AscendersBane","Defend_G","Defend_G","Defend_G+1","Defend_G","Defend_G","Strike_G","Strike_G","Strike_G","Strike_G","Strike_G+1","Survivor+1","Neutralize+1","Dash+1","Backstab","PiercingWail","Infinite Blades+1"],"relics":["Ring of the Snake","NeowsBlessing","Nunchaku","Bag of Preparation","Bottled Lightning","Pantograph"],"potions_floor_usage":[14,14,14,14],"damage_taken":[{"damage":0,"enemies":"Cultist","floor":1,"turns":1},{"damage":0,"enemies":"2 Louse","floor":5,"turns":1},{"damage":0,"enemies":"Gremlin Nob","floor":6,"turns":1},{"damage":9,"enemies":"3 Sentries","floor":8,"turns":11},{"damage":0,"enemies":"Jaw Worm","floor":11,"turns":3},{"damage":27,"enemies":"Lagavulin","floor":14,"turns":10},{"damage":36,"enemies":"Hexaghost","floor":16,"turns":12}],"seed_played":"-1938708071792912372","potions_obtained":[{"floor":1,"key":"Energy Potion"},{"floor":5,"key":"EntropicBrew"}],"is_trial":false,"path_per_floor":["M","?","?","?","M","E","R","E","T","R","M","R","?","E","R","B"],"character_chosen":"THE_SILENT","items_purchased":[],"campfire_rested":0,"item_purchase_floors":[],"current_hp_per_floor":[59,39,39,30,30,30,30,21,21,21,21,21,37,10,10,0],"gold":199,"neow_bonus":"THREE_ENEMY_KILL","is_prod":false,"is_daily":false,"chose_seed":false,"campfire_upgraded":4,"win_rate":0,"timestamp":1554343593,"path_taken":["M","?","?","?","?","E","R","E","T","R","M","R","?","E","R","BOSS"],"build_version":"2019-01-23","purchased_purges":0,"victory":false,"max_hp_per_floor":[66,66,66,66,66,66,66,66,66,66,66,66,66,66,66,66],"card_choices":[{"not_picked":["Dagger Throw","Escape Plan"],"picked":"Dash","floor":1},{"not_picked":["Riddle With Holes","Underhanded Strike"],"picked":"Backstab","floor":5},{"not_picked":["Sucker Punch","Slice","Endless Agony"],"picked":"SKIP","floor":6},{"not_picked":["Quick Slash","Predator"],"picked":"PiercingWail","floor":8},{"not_picked":["Endless Agony","Finisher","Sucker Punch"],"picked":"SKIP","floor":11},{"not_picked":["Endless Agony","Catalyst"],"picked":"Infinite Blades","floor":14}],"player_experience":822366,"relics_obtained":[{"floor":6,"key":"Nunchaku"},{"floor":8,"key":"Bag of Preparation"},{"floor":9,"key":"Bottled Lightning"},{"floor":14,"key":"Pantograph"}],"event_choices":[{"damage_healed":0,"gold_gain":0,"player_choice":"Entered Light","damage_taken":20,"max_hp_gain":0,"max_hp_loss":0,"event_name":"Shining Light","floor":2,"gold_loss":0,"cards_upgraded":["Strike_G","Defend_G"]},{"damage_healed":0,"gold_gain":0,"player_choice":"Ignored","damage_taken":0,"max_hp_gain":0,"max_hp_loss":0,"event_name":"Liars Game","floor":3,"gold_loss":0},{"damage_healed":0,"gold_gain":0,"player_choice":"Damaged","damage_taken":9,"max_hp_gain":0,"max_hp_loss":0,"event_name":"Wheel of Change","floor":4,"gold_loss":0},{"damage_healed":16,"gold_gain":0,"player_choice":"Healed","damage_taken":0,"max_hp_gain":0,"max_hp_loss":0,"event_name":"The Cleric","floor":13,"gold_loss":35}],"is_beta":false,"boss_relics":[],"items_purged_floors":[],"is_endless":false,"potions_floor_spawned":[1,5,8],"killed_by":"Hexaghost","ascension_level":20}