{"gold_per_floor":[117,42,52,52,71,71,100,100,100,175,175,193,193,204,204,305,305,316,330,350,350,366,366,366,11,35],"floor_reached":26,"playtime":796,"items_purged":["Strike_R","Strike_R"],"score":258,"play_id":"218c3845-65c2-4dfc-a3ca-cd5233ccbc50","local_time":"20181214164611","is_ascension_mode":false,"campfire_choices":[{"data":"Searing Blow","floor":6,"key":"SMITH"},{"data":"Immolate","floor":8,"key":"SMITH"},{"data":"Searing Blow+1","floor":13,"key":"SMITH"},{"data":"Searing Blow+2","floor":15,"key":"SMITH"},{"data":"Searing Blow+3","floor":23,"key":"SMITH"}],"neow_cost":"NONE","seed_source_timestamp":1351839784756636,"circlet_count":0,"master_deck":["Strike_R","Strike_R","Defend_R","Defend_R","Defend_R","Defend_R","Bash","Searing Blow+4","Armaments+1","Immolate+1","Carnage","Heavy Blade","Offering","Shockwave+1","Corruption+1","Heavy Blade"],"relics":["Snecko Eye","Bottled Flame","Juzu Bracelet"],"potions_floor_usage":[],"damage_taken":[{"damage":7,"enemies":"Small Slimes","floor":1,"turns":3},{"damage":0,"enemies":"Cultist","floor":3,"turns":3},{"damage":7,"enemies":"Jaw Worm","floor":5,"turns":4},{"damage":19,"enemies":"3 Sentries","floor":7,"turns":4},{"damage":0,"enemies":"Large Slime","floor":12,"turns":2},{"damage":0,"enemies":"Gremlin Gang","floor":14,"turns":1},{"damage":0,"enemies":"Slime Boss","floor":16,"turns":4},{"damage":16,"enemies":"Spheric Guardian","floor":18,"turns":3},{"damage":5,"enemies":"3 Byrds","floor":19,"turns":3},{"damage":0,"enemies":"Snecko","floor":20,"turns":2},{"damage":8,"enemies":"Snake Plant","floor":22,"turns":3}],"seed_played":"3198092075425170605","potions_obtained":[{"floor":1,"key":"SteroidPotion"},{"floor":3,"key":"Swift Potion"},{"floor":12,"key":"Energy Potion"}],"is_trial":false,"path_per_floor":["M","$","M","?","M","R","E","R","T","?","?","M","R","M","R","B",null,"M","M","M","?","M","R","?","$","T"],"character_chosen":"IRONCLAD","items_purchased":["Bottled Flame"],"campfire_rested":0,"item_purchase_floors":[25],"current_hp_per_floor":[73,73,73,73,66,66,47,47,47,36,36,36,36,36,36,36,80,64,59,59,59,51,51,43,43,43],"gold":35,"neow_bonus":"BOSS_RELIC","is_prod":false,"is_daily":false,"chose_seed":false,"campfire_upgraded":5,"win_rate":0,"timestamp":1544773571,"path_taken":["M","$","M","?","?","R","E","R","T","?","?","?","R","M","R","BOSS","M","?","M","?","M","R","?","$","T"],"build_version":"2018-12-13","purchased_purges":2,"victory":false,"max_hp_per_floor":[80,80,80,80,80,80,80,80,80,80,80,80,80,80,80,80,80,80,80,80,80,80,80,80,80,80],"card_choices":[{"not_picked":["Wild Strike","Sword Boomerang"],"picked":"Searing Blow","floor":1},{"not_picked":["Thunderclap","Anger"],"picked":"Armaments","floor":3},{"not_picked":["Iron Wave","Perfected Strike"],"picked":"Immolate","floor":5},{"not_picked":["Iron Wave","Feel No Pain"],"picked":"Carnage","floor":7},{"not_picked":["Infernal Blade","Thunderclap"],"picked":"Heavy Blade","floor":12},{"not_picked":["Infernal Blade","True Grit","Pommel Strike"],"picked":"SKIP","floor":14},{"not_picked":["Exhume","Feed"],"picked":"Offering","floor":16},{"not_picked":["Sever Soul","Armaments"],"picked":"Shockwave+1","floor":18},{"not_picked":["Headbutt+1","Armaments"],"picked":"Corruption+1","floor":19},{"not_picked":["Shrug It Off","Havoc+1","Spot Weakness+1"],"picked":"SKIP","floor":20},{"not_picked":["Power Through+1","Headbutt+1"],"picked":"Heavy Blade","floor":22}],"player_experience":191765,"relics_obtained":[{"floor":26,"key":"Juzu Bracelet"}],"event_choices":[{"damage_healed":0,"gold_gain":0,"player_choice":"Upgraded","damage_taken":0,"max_hp_gain":0,"max_hp_loss":0,"event_name":"Upgrade Shrine","floor":4,"gold_loss":0,"cards_upgraded":["Armaments"]},{"damage_healed":0,"gold_gain":75,"player_choice":"Gather Gold","damage_taken":11,"max_hp_gain":0,"max_hp_loss":0,"event_name":"World of Goop","floor":10,"gold_loss":0},{"cards_removed":["Strike_R"],"damage_healed":0,"gold_gain":0,"player_choice":"Purged","damage_taken":0,"max_hp_gain":0,"max_hp_loss":0,"event_name":"Purifier","floor":11,"gold_loss":0},{"damage_healed":0,"gold_gain":0,"player_choice":"Ignored","damage_taken":0,"max_hp_gain":0,"max_hp_loss":0,"event_name":"Ghosts","floor":21,"gold_loss":0},{"damage_healed":0,"gold_gain":0,"player_choice":"","damage_taken":8,"max_hp_gain":0,"max_hp_loss":0,"event_name":"Knowing Skull","floor":24,"potions_obtained":[],"gold_loss":0,"cards_obtained":[]}],"is_beta":false,"boss_relics":[{"not_picked":["Eternal Feather","Coffee Dripper","Runic Cube"]}],"items_purged_floors":[2,25],"is_endless":false,"potions_floor_spawned":[1,3,12,20,22],"ascension_level":0}