{"gold_per_floor":[114,114,114,134,154,154,186,204,204,204,129,141,41,70,70,165,165,180,190,65,65,83,83,94,94,144,154,154,173,173,273,273,375,375,388,405,180,198,23,23,41,54,54,108,108,108,141,155,155,155,155,155,103,133,133],"floor_reached":55,"playtime":2582,"items_purged":["Stack","Defragment","Genetic Algorithm","Cold Snap","Skim"],"score":829,"play_id":"d4744915-15e5-4f1e-b8c5-f0446a51150a","local_time":"20190511231439","is_ascension_mode":false,"campfire_choices":[{"data":"Meteor Strike","floor":6,"key":"SMITH"},{"data":"Fusion","floor":10,"key":"SMITH"},{"data":"Dualcast","floor":15,"key":"SMITH"},{"floor":25,"key":"REST"},{"floor":28,"key":"REST"},{"floor":32,"key":"REST"},{"floor":40,"key":"RECALL"},{"floor":49,"key":"REST"},{"floor":52,"key":"REST"}],"neow_cost":"NONE","seed_source_timestamp":444388552842044,"circlet_count":0,"master_deck":["Dualcast+1","Meteor Strike+1","Coolheaded","Fusion+1","Coolheaded+1"],"relics":["Pandora\u0027s Box","Meat on the Bone","Mango","Unceasing Top","Question Card","Fusion Hammer","Inserter","Incense Burner","Torii","Smiling Mask","Bottled Flame"],"potions_floor_usage":[16,16,23,50,50,55,55,55],"damage_taken":[{"damage":0,"enemies":"Small Slimes","floor":1,"turns":4},{"damage":4,"enemies":"Cultist","floor":4,"turns":3},{"damage":2,"enemies":"2 Louse","floor":5,"turns":4},{"damage":0,"enemies":"Lagavulin","floor":7,"turns":7},{"damage":24,"enemies":"Lots of Slimes","floor":8,"turns":5},{"damage":0,"enemies":"Looter","floor":12,"turns":2},{"damage":12,"enemies":"Gremlin Nob","floor":14,"turns":4},{"damage":35,"enemies":"Hexaghost","floor":16,"turns":11},{"damage":15,"enemies":"3 Byrds","floor":18,"turns":4},{"damage":0,"enemies":"Shell Parasite","floor":19,"turns":2},{"damage":12,"enemies":"Shelled Parasite and Fungi","floor":22,"turns":2},{"damage":31,"enemies":"Book of Stabbing","floor":23,"turns":4},{"damage":0,"enemies":"Snecko","floor":24,"turns":2},{"damage":0,"enemies":"Snake Plant","floor":27,"turns":1},{"damage":0,"enemies":"Centurion and Healer","floor":29,"turns":1},{"damage":0,"enemies":"Champ","floor":33,"turns":1},{"damage":0,"enemies":"3 Shapes","floor":35,"turns":1},{"damage":2,"enemies":"3 Darklings","floor":36,"turns":2},{"damage":0,"enemies":"Sphere and 2 Shapes","floor":38,"turns":2},{"damage":0,"enemies":"Jaw Worm Horde","floor":41,"turns":2},{"damage":0,"enemies":"Spire Growth","floor":42,"turns":1},{"damage":0,"enemies":"2 Orb Walkers","floor":44,"turns":1},{"damage":10,"enemies":"Giant Head","floor":47,"turns":2},{"damage":0,"enemies":"Sphere and 2 Shapes","floor":48,"turns":1},{"damage":63,"enemies":"Time Eater","floor":50,"turns":8},{"damage":0,"enemies":"Shield and Spear","floor":54,"turns":1},{"damage":92,"enemies":"The Heart","floor":55,"turns":8}],"seed_played":"3385340745885667373","potions_obtained":[{"floor":4,"key":"Fire Potion"},{"floor":5,"key":"Poison Potion"},{"floor":8,"key":"Swift Potion"},{"floor":16,"key":"SmokeBomb"},{"floor":19,"key":"Ancient Potion"},{"floor":27,"key":"Dexterity Potion"},{"floor":29,"key":"FocusPotion"},{"floor":54,"key":"Strength Potion"}],"is_trial":false,"path_per_floor":["M","?","?","M","M","R","E","M","T","R","$","M","$","E","R","B",null,"M","M","$","?","M","E","M","R","T","M","R","M","?","?","R","B",null,"M","M","$","M","$","R","M","M","T","?","?","?","E","M","R","B",null,"R","$","E","B"],"character_chosen":"DEFECT","items_purchased":["Skim","Block Potion"],"campfire_rested":5,"item_purchase_floors":[37,53],"current_hp_per_floor":[75,72,72,68,66,66,80,56,56,56,56,56,56,56,56,33,89,74,74,74,74,62,43,55,81,81,81,89,89,89,89,89,89,89,89,87,87,87,87,87,87,87,87,87,87,87,77,77,89,38,89,89,89,89,0],"gold":133,"neow_bonus":"BOSS_RELIC","is_prod":false,"is_daily":false,"chose_seed":false,"campfire_upgraded":3,"win_rate":0,"timestamp":1557630879,"path_taken":["M","?","?","M","?","R","E","?","T","R","$","M","$","E","R","BOSS","M","M","$","?","M","E","?","R","T","M","R","M","?","?","R","BOSS","M","M","$","?","$","R","M","M","T","?","?","?","E","?","R","BOSS","R","$","E","BOSS"],"build_version":"2019-01-23","purchased_purges":5,"victory":false,"max_hp_per_floor":[75,75,75,75,75,75,89,89,89,89,89,89,89,89,89,89,89,89,89,89,89,89,89,89,89,89,89,89,89,89,89,89,89,89,89,89,89,89,89,89,89,89,89,89,89,89,89,89,89,89,89,89,89,89,89],"card_choices":[{"not_picked":["Stack","Blizzard","Doom and Gloom"],"picked":"SKIP","floor":1},{"not_picked":["Compile Driver","Coolheaded","Force Field"],"picked":"SKIP","floor":4},{"not_picked":["Barrage","Turbo","Go for the Eyes"],"picked":"SKIP","floor":5},{"not_picked":["Rainbow","Fusion","Cold Snap"],"picked":"SKIP","floor":7},{"not_picked":["Chill","Leap","Stack"],"picked":"SKIP","floor":8},{"not_picked":["Coolheaded","Rebound","Go for the Eyes"],"picked":"SKIP","floor":12},{"not_picked":["Auto Shields","Turbo","Fission"],"picked":"SKIP","floor":14},{"not_picked":["Rebound+1","Aggregate+1","Defragment","Cold Snap"],"picked":"SKIP","floor":18},{"not_picked":["Stack","Consume","Streamline","Beam Cell+1"],"picked":"SKIP","floor":19},{"not_picked":["Rebound","Steam","Aggregate","Reinforced Body"],"picked":"SKIP","floor":22},{"not_picked":["Cold Snap","Electrodynamics","Static Discharge+1","Ball Lightning"],"picked":"SKIP","floor":24},{"not_picked":["Recycle","Beam Cell","Hologram","Cold Snap"],"picked":"SKIP","floor":27},{"not_picked":["Redo","Go for the Eyes+1","Beam Cell","Self Repair"],"picked":"SKIP","floor":29},{"not_picked":["Steam","Streamline+1","Conserve Battery"],"picked":"Coolheaded+1","floor":35},{"not_picked":["Defragment+1","Steam+1","Streamline","Buffer"],"picked":"SKIP","floor":36},{"not_picked":["Loop+1","Beam Cell","Heatsinks+1","Chill"],"picked":"SKIP","floor":38},{"not_picked":["Go for the Eyes","Turbo+1","Cold Snap+1","Stack"],"picked":"SKIP","floor":41},{"not_picked":["Conserve Battery+1","Capacitor+1","Hologram+1","Skim+1"],"picked":"SKIP","floor":42},{"not_picked":["Self Repair+1","Genetic Algorithm+1","Compile Driver+1","Barrage+1"],"picked":"SKIP","floor":47},{"not_picked":["Cold Snap+1","Coolheaded+1","Rebound+1","Undo+1"],"picked":"SKIP","floor":48},{"not_picked":["Beam Cell","Skim+1","Recycle+1","Sweeping Beam+1"],"picked":"SKIP","floor":54}],"player_experience":136262,"relics_obtained":[{"floor":7,"key":"Mango"},{"floor":9,"key":"Unceasing Top"},{"floor":14,"key":"Question Card"},{"floor":43,"key":"Incense Burner"},{"floor":44,"key":"Torii"},{"floor":47,"key":"Smiling Mask"},{"floor":54,"key":"Bottled Flame"}],"event_choices":[{"damage_healed":0,"gold_gain":0,"player_choice":"Success","damage_taken":3,"relics_obtained":["Meat on the Bone"],"max_hp_gain":0,"max_hp_loss":0,"event_name":"Scrap Ooze","floor":2,"gold_loss":0},{"cards_removed":["Echo Form"],"damage_healed":0,"gold_gain":0,"player_choice":"Card Removal","damage_taken":0,"max_hp_gain":0,"max_hp_loss":0,"event_name":"Wheel of Change","floor":3,"gold_loss":0},{"cards_removed":["Zap"],"damage_healed":0,"gold_gain":0,"player_choice":"Offered Basic","damage_taken":0,"max_hp_gain":0,"max_hp_loss":0,"event_name":"Bonfire Elementals","floor":21,"gold_loss":0},{"damage_healed":0,"gold_gain":0,"player_choice":"Ignored","damage_taken":0,"max_hp_gain":0,"max_hp_loss":0,"event_name":"Ghosts","floor":30,"gold_loss":0},{"damage_healed":0,"gold_gain":100,"player_choice":"Pray","damage_taken":0,"max_hp_gain":0,"max_hp_loss":0,"event_name":"Golden Shrine","floor":31,"gold_loss":0},{"damage_healed":0,"gold_gain":0,"player_choice":"Fight","damage_taken":0,"max_hp_gain":0,"max_hp_loss":0,"event_name":"Mysterious Sphere","floor":44,"gold_loss":0},{"damage_healed":0,"gold_gain":0,"player_choice":"Memory 1","damage_taken":0,"max_hp_gain":0,"max_hp_loss":0,"event_name":"SensoryStone","floor":45,"gold_loss":0},{"damage_healed":0,"gold_gain":0,"player_choice":"Ignored","damage_taken":0,"max_hp_gain":0,"max_hp_loss":0,"event_name":"SecretPortal","floor":46,"gold_loss":0}],"is_beta":false,"boss_relics":[{"not_picked":["White Beast Statue","Eternal Feather"],"picked":"Fusion Hammer"},{"not_picked":["Orrery","Astrolabe"],"picked":"Inserter"}],"items_purged_floors":[11,13,20,37,39],"is_endless":false,"potions_floor_spawned":[4,5,8,16,19,27,29,35,42,47,48,54],"killed_by":"The Heart","ascension_level":0}