{"gold_per_floor":[118,129,54,29,29,29,55,68,68,68,68,86,86,96,96,170,170,183,27,27,27,45,45,45],"floor_reached":24,"playtime":759,"items_purged":["Strike_G"],"score":340,"play_id":"9d60d206-1e12-4799-9d8c-6a8b537462ab","local_time":"20190118140038","is_ascension_mode":true,"campfire_choices":[{"data":"Neutralize","floor":6,"key":"SMITH"},{"floor":11,"key":"REST"},{"data":"Poisoned Stab","floor":13,"key":"SMITH"},{"data":"Catalyst","floor":15,"key":"SMITH"},{"data":"Bullet Time","floor":23,"key":"SMITH"}],"neow_cost":"TEN_PERCENT_HP_LOSS","seed_source_timestamp":1170603628597836,"circlet_count":0,"master_deck":["AscendersBane","Defend_G","Defend_G","Defend_G","Defend_G","Defend_G","Strike_G","Strike_G","Strike_G","Survivor","Neutralize+1","Die Die Die+1","Prepared","Catalyst+1","Quick Slash","Heel Hook","Bullet Time+1","Poisoned Stab+1","Crippling Poison","Burst","Noxious Fumes","Poisoned Stab+1"],"relics":["Ring of the Snake","Sundial","Omamori","Eternal Feather"],"potions_floor_usage":[18,22],"damage_taken":[{"damage":0,"enemies":"2 Louse","floor":1,"turns":1},{"damage":0,"enemies":"Small Slimes","floor":2,"turns":3},{"damage":47,"enemies":"Gremlin Nob","floor":7,"turns":6},{"damage":5,"enemies":"Jaw Worm","floor":8,"turns":5},{"damage":0,"enemies":"Exordium Wildlife","floor":12,"turns":2},{"damage":0,"enemies":"Red Slaver","floor":14,"turns":3},{"damage":17,"enemies":"Hexaghost","floor":16,"turns":9},{"damage":15,"enemies":"Shell Parasite","floor":18,"turns":5},{"damage":8,"enemies":"3 Byrds","floor":22,"turns":5},{"damage":50,"enemies":"Slavers","floor":24,"turns":3}],"seed_played":"8928692724212305577","potions_obtained":[{"floor":1,"key":"SneckoOil"},{"floor":12,"key":"Fire Potion"},{"floor":16,"key":"SpeedPotion"}],"is_trial":false,"path_per_floor":["M","M","?","$","?","R","E","M","T","?","R","M","R","M","R","B",null,"M","$","?","?","M","R","E"],"character_chosen":"THE_SILENT","items_purchased":["Quick Slash","Noxious Fumes"],"campfire_rested":1,"item_purchase_floors":[4,19],"current_hp_per_floor":[59,59,59,59,64,64,17,12,12,12,31,31,31,31,31,14,52,37,37,37,37,29,41,0],"gold":45,"neow_bonus":"THREE_RARE_CARDS","is_prod":false,"is_daily":false,"chose_seed":false,"campfire_upgraded":4,"win_rate":0,"timestamp":1547787638,"path_taken":["M","M","?","$","?","R","E","M","T","?","R","M","R","M","R","BOSS","M","$","?","?","M","R","E"],"build_version":"2019-01-17","purchased_purges":1,"victory":false,"max_hp_per_floor":[60,60,60,60,65,65,65,65,65,65,65,65,65,65,65,65,65,65,65,65,65,65,65,65],"card_choices":[{"not_picked":["Unload","Wraith Form v2"],"picked":"Die Die Die","floor":0},{"not_picked":["Blade Dance","Deflect"],"picked":"Prepared","floor":1},{"not_picked":["Poisoned Stab","Blade Dance"],"picked":"Catalyst","floor":2},{"not_picked":["Blade Dance","Accuracy"],"picked":"Heel Hook","floor":7},{"not_picked":["Backflip","Dagger Spray"],"picked":"Bullet Time","floor":8},{"not_picked":["Blade Dance","Calculated Gamble"],"picked":"Poisoned Stab","floor":12},{"not_picked":["Deflect","Acrobatics"],"picked":"Crippling Poison","floor":14},{"not_picked":["Wraith Form v2","Tools of the Trade"],"picked":"Burst","floor":16},{"not_picked":["Outmaneuver","Bane","Blade Dance"],"picked":"SKIP","floor":18},{"not_picked":["Finisher","Predator"],"picked":"Poisoned Stab+1","floor":22}],"player_experience":399644,"relics_obtained":[{"floor":7,"key":"Sundial"},{"floor":9,"key":"Omamori"}],"event_choices":[{"cards_removed":["Strike_G"],"damage_healed":0,"gold_gain":0,"player_choice":"Card Removal","damage_taken":0,"max_hp_gain":0,"max_hp_loss":0,"event_name":"The Cleric","floor":3,"gold_loss":75},{"damage_healed":0,"gold_gain":0,"player_choice":"Donut","damage_taken":0,"max_hp_gain":5,"max_hp_loss":0,"event_name":"Big Fish","floor":5,"gold_loss":0},{"damage_healed":0,"gold_gain":0,"player_choice":"Grow","damage_taken":0,"max_hp_gain":0,"max_hp_loss":0,"event_name":"Living Wall","floor":10,"gold_loss":0,"cards_upgraded":["Die Die Die"]},{"damage_healed":0,"gold_gain":0,"player_choice":"Ignored","damage_taken":0,"max_hp_gain":0,"max_hp_loss":0,"event_name":"Ghosts","floor":20,"gold_loss":0},{"damage_healed":0,"gold_gain":0,"player_choice":"Ignored","damage_taken":0,"max_hp_gain":0,"max_hp_loss":0,"event_name":"Vampires","floor":21,"gold_loss":0}],"is_beta":false,"boss_relics":[{"not_picked":["Snecko Eye","Calling Bell"],"picked":"Eternal Feather"}],"items_purged_floors":[19],"is_endless":false,"potions_floor_spawned":[1,12,16],"killed_by":"Slavers","ascension_level":15}