{"gold_per_floor":[213,226,276,291,308,308,30,30,30,57,57,57,57,76,76,76],"floor_reached":16,"playtime":404,"items_purged":[],"score":200,"play_id":"413c7076-a3cb-4ecb-bfaf-bc12e6290b76","local_time":"20190405122941","is_ascension_mode":true,"campfire_choices":[{"data":"Bash","floor":6,"key":"SMITH"},{"data":"Sword Boomerang","floor":11,"key":"SMITH"},{"floor":15,"key":"REST"}],"neow_cost":"NONE","seed_source_timestamp":619192875560821,"circlet_count":0,"master_deck":["AscendersBane","Strike_R","Strike_R","Strike_R","Strike_R","Defend_R","Defend_R","Defend_R","Defend_R","Bash+1","Iron Wave","Sword Boomerang+1","Anger+1","Second Wind"],"relics":["Burning Blood","Mummified Hand","Torii","Prayer Wheel","Molten Egg 2"],"potions_floor_usage":[5,16],"damage_taken":[{"damage":14,"enemies":"Small Slimes","floor":1,"turns":5},{"damage":2,"enemies":"Cultist","floor":2,"turns":4},{"damage":2,"enemies":"2 Louse","floor":4,"turns":3},{"damage":11,"enemies":"Looter","floor":5,"turns":4},{"damage":27,"enemies":"Gremlin Nob","floor":10,"turns":4},{"damage":9,"enemies":"3 Louse","floor":14,"turns":4},{"damage":62,"enemies":"Slime Boss","floor":16,"turns":8}],"seed_played":"861168170563723079","potions_obtained":[{"floor":2,"key":"Swift Potion"},{"floor":14,"key":"Weak Potion"}],"is_trial":false,"path_per_floor":["M","M","?","M","M","R","$","?","T","E","R","?","T","M","R","B"],"character_chosen":"IRONCLAD","items_purchased":["Mummified Hand"],"campfire_rested":1,"item_purchase_floors":[7],"current_hp_per_floor":[60,64,57,61,56,56,56,56,56,35,35,28,28,25,47,0],"gold":76,"neow_bonus":"HUNDRED_GOLD","is_prod":false,"is_daily":false,"chose_seed":false,"campfire_upgraded":2,"win_rate":0,"timestamp":1554434981,"path_taken":["M","M","?","M","?","R","$","?","T","E","R","?","?","M","R","BOSS"],"build_version":"2019-01-23","purchased_purges":0,"victory":false,"max_hp_per_floor":[75,75,75,75,75,75,75,75,75,75,75,75,75,75,75,75],"card_choices":[{"not_picked":["Body Slam","Havoc"],"picked":"Iron Wave","floor":1},{"not_picked":["Warcry","Body Slam","Heavy Blade"],"picked":"SKIP","floor":2},{"not_picked":["Cleave","Combust"],"picked":"Sword Boomerang","floor":4},{"not_picked":["Warcry","Corruption","Juggernaut"],"picked":"SKIP","floor":5},{"not_picked":["Heavy Blade","Thunderclap","Power Through"],"picked":"SKIP","floor":10},{"not_picked":["Armaments","True Grit"],"picked":"Anger+1","floor":14},{"not_picked":["Flame Barrier","Clash+1"],"picked":"Second Wind","floor":14}],"player_experience":831872,"relics_obtained":[{"floor":9,"key":"Torii"},{"floor":10,"key":"Prayer Wheel"},{"floor":13,"key":"Molten Egg 2"}],"event_choices":[{"damage_healed":0,"gold_gain":50,"player_choice":"Touch","damage_taken":7,"max_hp_gain":0,"max_hp_loss":0,"event_name":"FaceTrader","floor":3,"gold_loss":0},{"damage_healed":0,"gold_gain":0,"player_choice":"Ignored","damage_taken":0,"max_hp_gain":0,"max_hp_loss":0,"event_name":"Liars Game","floor":8,"gold_loss":0},{"cards_removed":["Strike_R"],"damage_healed":0,"gold_gain":0,"player_choice":"Card Removal","damage_taken":7,"max_hp_gain":0,"max_hp_loss":0,"event_name":"Golden Wing","floor":12,"gold_loss":0}],"is_beta":false,"boss_relics":[],"items_purged_floors":[],"is_endless":false,"potions_floor_spawned":[2,14],"killed_by":"Slime Boss","ascension_level":20}