{"gold_per_floor":[111,111,123,139,155,155,186,186,258,258,272,298,298,323,323,323],"floor_reached":16,"playtime":422,"items_purged":[],"score":220,"play_id":"3519b606-0fa7-46c2-b1cf-79edd70d3eab","local_time":"20190509175022","is_ascension_mode":true,"campfire_choices":[{"data":"Zap","floor":6,"key":"SMITH"},{"data":"Doom and Gloom","floor":8,"key":"SMITH"},{"data":"Sweeping Beam","floor":10,"key":"SMITH"},{"data":"Ball Lightning","floor":15,"key":"SMITH"}],"neow_cost":"NONE","seed_source_timestamp":287443881031900,"circlet_count":0,"master_deck":["AscendersBane","Strike_B","Strike_B","Strike_B","Strike_B","Defend_B","Defend_B","Defend_B","Defend_B","Zap+1","Dualcast","Cold Snap","Ball Lightning+1","Cold Snap","Sweeping Beam+1","Doom and Gloom+1"],"relics":["Cracked Core","Turnip","Gremlin Horn","Boot","Golden Idol","Dream Catcher"],"potions_floor_usage":[11,12,16],"damage_taken":[{"damage":7,"enemies":"Jaw Worm","floor":1,"turns":3},{"damage":2,"enemies":"2 Louse","floor":3,"turns":3},{"damage":0,"enemies":"Small Slimes","floor":4,"turns":3},{"damage":2,"enemies":"Looter","floor":5,"turns":3},{"damage":21,"enemies":"Lagavulin","floor":7,"turns":6},{"damage":0,"enemies":"Exordium Thugs","floor":11,"turns":3},{"damage":6,"enemies":"Gremlin Nob","floor":12,"turns":3},{"damage":33,"enemies":"Hexaghost","floor":16,"turns":9}],"seed_played":"5850183454343840584","potions_obtained":[{"floor":0,"key":"LiquidBronze"},{"floor":0,"key":"SteroidPotion"},{"floor":3,"key":"EntropicBrew"},{"floor":12,"key":"SmokeBomb"}],"is_trial":false,"path_per_floor":["M","?","M","M","M","R","E","R","T","R","M","E","?","T","R","B"],"character_chosen":"DEFECT","items_purchased":[],"campfire_rested":0,"item_purchase_floors":[],"current_hp_per_floor":[57,62,60,60,58,58,37,37,37,37,37,31,31,31,31,0],"gold":323,"neow_bonus":"THREE_SMALL_POTIONS","is_prod":false,"is_daily":false,"chose_seed":false,"campfire_upgraded":4,"win_rate":0,"timestamp":1557391822,"path_taken":["M","?","M","M","M","R","E","R","T","R","M","E","?","?","R","BOSS"],"build_version":"2019-01-23","purchased_purges":0,"victory":false,"max_hp_per_floor":[71,76,76,76,76,76,76,76,76,76,76,76,69,69,69,69],"card_choices":[{"not_picked":["Tempest","Turbo"],"picked":"Cold Snap","floor":1},{"not_picked":["Rip and Tear","Loop"],"picked":"Ball Lightning","floor":3},{"not_picked":["Stack","Barrage"],"picked":"Cold Snap","floor":4},{"not_picked":["Auto Shields","Redo"],"picked":"Sweeping Beam","floor":5},{"not_picked":["Beam Cell","Go for the Eyes"],"picked":"Doom and Gloom","floor":7},{"not_picked":["BootSequence","Static Discharge","Storm"],"picked":"SKIP","floor":11},{"not_picked":["Sweeping Beam","Cold Snap","Steam Power"],"picked":"SKIP","floor":12}],"player_experience":1308027,"relics_obtained":[{"floor":7,"key":"Turnip"},{"floor":9,"key":"Gremlin Horn"},{"floor":12,"key":"Boot"},{"floor":14,"key":"Dream Catcher"}],"event_choices":[{"damage_healed":0,"gold_gain":0,"player_choice":"Donut","damage_taken":0,"max_hp_gain":5,"max_hp_loss":0,"event_name":"Big Fish","floor":2,"gold_loss":0},{"damage_healed":0,"gold_gain":0,"player_choice":"Lose Max HP","damage_taken":0,"relics_obtained":["Golden Idol"],"max_hp_gain":0,"max_hp_loss":7,"event_name":"Golden Idol","floor":13,"gold_loss":0}],"is_beta":false,"boss_relics":[],"items_purged_floors":[],"is_endless":false,"potions_floor_spawned":[3,4,5,12],"killed_by":"Hexaghost","ascension_level":20}