{"gold_per_floor":[114,114,128,53,71,115,115,134,134,134],"floor_reached":10,"playtime":377,"items_purged":["Strike_R"],"score":88,"play_id":"0006a115-a73c-45e6-bd30-4b7aaa259b0f","local_time":"20190407005234","is_ascension_mode":true,"campfire_choices":[{"data":"Searing Blow","floor":7,"key":"SMITH"}],"neow_cost":"NONE","seed_source_timestamp":6641111181397,"circlet_count":0,"master_deck":["Strike_R","Strike_R","Strike_R","Strike_R","Defend_R","Defend_R","Defend_R","Defend_R","Bash","Forethought","Searing Blow+1","Spot Weakness"],"relics":["Burning Blood","Golden Idol","Magic Flower"],"potions_floor_usage":[6,10],"damage_taken":[{"damage":19,"enemies":"Jaw Worm","floor":1,"turns":5},{"damage":3,"enemies":"2 Louse","floor":3,"turns":3},{"damage":6,"enemies":"Small Slimes","floor":5,"turns":3},{"damage":32,"enemies":"Gremlin Nob","floor":6,"turns":4},{"damage":18,"enemies":"Exordium Wildlife","floor":8,"turns":5},{"damage":30,"enemies":"3 Sentries","floor":10,"turns":6}],"seed_played":"-8041626411051400967","potions_obtained":[{"floor":1,"key":"BloodPotion"},{"floor":6,"key":"FairyPotion"},{"floor":8,"key":"Dexterity Potion"}],"is_trial":false,"path_per_floor":["M","?","M","$","M","E","R","M","T","E"],"character_chosen":"IRONCLAD","items_purchased":[],"campfire_rested":0,"item_purchase_floors":[],"current_hp_per_floor":[59,39,42,42,42,24,24,15,15,0],"gold":134,"neow_bonus":"RANDOM_COLORLESS","is_prod":false,"is_daily":false,"chose_seed":false,"campfire_upgraded":1,"win_rate":0,"timestamp":1554569554,"path_taken":["M","?","M","$","M","E","R","M","T","E"],"build_version":"2019-01-23","purchased_purges":1,"victory":false,"max_hp_per_floor":[80,80,80,80,80,80,80,80,80,80],"card_choices":[{"not_picked":["Clash","Flex","Havoc"],"picked":"SKIP","floor":1},{"not_picked":["Seeing Red","Headbutt"],"picked":"Searing Blow","floor":3},{"not_picked":["Sentinel","Warcry","Metallicize"],"picked":"SKIP","floor":5},{"not_picked":["Metallicize","Flex","Pummel"],"picked":"SKIP","floor":6},{"not_picked":["Entrench","Cleave"],"picked":"Spot Weakness","floor":8}],"player_experience":420181,"relics_obtained":[{"floor":6,"key":"Magic Flower"}],"event_choices":[{"damage_healed":0,"gold_gain":0,"player_choice":"Take Damage","damage_taken":20,"relics_obtained":["Golden Idol"],"max_hp_gain":0,"max_hp_loss":0,"event_name":"Golden Idol","floor":2,"gold_loss":0}],"is_beta":false,"boss_relics":[],"items_purged_floors":[4],"is_endless":false,"potions_floor_spawned":[1,6,8],"killed_by":"3 Sentries","ascension_level":6}