{"gold_per_floor":[114,128,15,15,15,15,46,46,98,109,109,137,3,14,14,14],"floor_reached":16,"playtime":330,"items_purged":["Pain"],"score":266,"play_id":"184cb881-7a31-4f0b-9efa-33a8c03a27ab","local_time":"20190424014755","is_ascension_mode":true,"campfire_choices":[{"data":"Double Energy","floor":6,"key":"SMITH"},{"data":"Genetic Algorithm","floor":8,"key":"SMITH"},{"data":"Coolheaded","floor":15,"key":"SMITH"}],"neow_cost":"NONE","seed_source_timestamp":271718755599100,"circlet_count":0,"master_deck":["AscendersBane","Strike_B","Strike_B+1","Strike_B","Strike_B","Defend_B","Defend_B","Defend_B","Defend_B","Zap","Dualcast","Double Energy+1","Leap+1","Gash","Self Repair","Genetic Algorithm+1","Rebound","Coolheaded+1"],"relics":["Cracked Core","NeowsBlessing","WarpedTongs","Art of War","Regal Pillow","Mango"],"potions_floor_usage":[14,16],"damage_taken":[{"damage":0,"enemies":"Small Slimes","floor":1,"turns":1},{"damage":0,"enemies":"Cultist","floor":2,"turns":1},{"damage":0,"enemies":"3 Sentries","floor":7,"turns":2},{"damage":9,"enemies":"Jaw Worm","floor":10,"turns":4},{"damage":30,"enemies":"Lagavulin","floor":12,"turns":8},{"damage":7,"enemies":"Large Slime","floor":14,"turns":5},{"damage":41,"enemies":"Hexaghost","floor":16,"turns":9}],"seed_played":"-2063811262905403576","potions_obtained":[{"floor":1,"key":"EssenceOfSteel"},{"floor":7,"key":"SpeedPotion"},{"floor":12,"key":"Block Potion"}],"is_trial":false,"path_per_floor":["M","M","$","?","$","R","E","R","T","M","?","E","$","M","R","B"],"character_chosen":"DEFECT","items_purchased":["Gash","Self Repair","Rebound"],"campfire_rested":0,"item_purchase_floors":[3,3,13],"current_hp_per_floor":[64,64,64,64,64,64,71,71,71,71,50,41,41,41,41,0],"gold":14,"neow_bonus":"THREE_ENEMY_KILL","is_prod":false,"is_daily":false,"chose_seed":false,"campfire_upgraded":3,"win_rate":0,"timestamp":1556063275,"path_taken":["M","M","$","?","$","R","E","R","T","?","?","E","$","M","R","BOSS"],"build_version":"2019-01-23","purchased_purges":1,"victory":false,"max_hp_per_floor":[71,71,71,71,71,71,71,71,71,71,71,85,85,85,85,85],"card_choices":[{"not_picked":["Heatsinks","Lockon"],"picked":"Double Energy","floor":1},{"not_picked":["Streamline","Cold Snap"],"picked":"Leap","floor":2},{"not_picked":["Consume","Leap"],"picked":"Genetic Algorithm","floor":7},{"not_picked":["Redo","Auto Shields","Streamline"],"picked":"SKIP","floor":10},{"not_picked":["Leap","Compile Driver","Turbo"],"picked":"SKIP","floor":12},{"not_picked":["BootSequence","Ball Lightning"],"picked":"Coolheaded","floor":14}],"player_experience":594832,"relics_obtained":[{"floor":7,"key":"Art of War"},{"floor":9,"key":"Regal Pillow"},{"floor":12,"key":"Mango"}],"event_choices":[{"damage_healed":0,"gold_gain":0,"player_choice":"Rummage","damage_taken":0,"relics_obtained":["WarpedTongs"],"max_hp_gain":0,"max_hp_loss":0,"event_name":"Accursed Blacksmith","floor":4,"gold_loss":0,"cards_obtained":["Pain"]},{"damage_healed":0,"gold_gain":0,"player_choice":"Entered Light","damage_taken":21,"max_hp_gain":0,"max_hp_loss":0,"event_name":"Shining Light","floor":11,"gold_loss":0,"cards_upgraded":["Strike_B","Leap"]}],"is_beta":false,"boss_relics":[],"items_purged_floors":[13],"is_endless":false,"potions_floor_spawned":[1,7,10,12],"killed_by":"Hexaghost","ascension_level":20}