{"gold_per_floor":[117,133,14,26,42,74,74,99,99,99,99,110,125,135,135,236,236,254,44,54,73,83,410,410,439,489,503,515,535,561,561,561,657,657,667,667,667,683,697,697,714,745,771,804,804,829,829,17,17,17,17,17,17,49,49],"floor_reached":56,"playtime":3370,"items_purged":["Steam Power"],"score":1414,"play_id":"a8bc1b40-0c45-432b-bd85-0b4b4cdc3893","local_time":"20190502200525","is_ascension_mode":true,"campfire_choices":[{"floor":7,"key":"REST"},{"data":"Defragment","floor":10,"key":"SMITH"},{"data":"Go for the Eyes","floor":15,"key":"SMITH"},{"data":"Self Repair","floor":24,"key":"SMITH"},{"data":"Glacier","floor":32,"key":"SMITH"},{"floor":40,"key":"RECALL"},{"data":"Loop","floor":47,"key":"SMITH"},{"data":"Biased Cognition","floor":49,"key":"SMITH"},{"data":"Capacitor","floor":52,"key":"SMITH"}],"neow_cost":"NONE","seed_source_timestamp":29522282132000,"circlet_count":0,"master_deck":["Defend_B","Defend_B","Defend_B","Zap","Dualcast","Coolheaded","Defragment+1","Tempest","Capacitor","Doom and Gloom","Go for the Eyes+1","Conserve Battery","Glacier+1","Coolheaded","Electrodynamics","Leap+1","Darkness+1","Self Repair+1","Hologram","Stack","Tempest","Biased Cognition+1","Loop+1","Consume","Capacitor+1","Panacea"],"relics":["Philosopher\u0027s Stone","Unceasing Top","Lantern","Snecko Eye","HandDrill","Old Coin","Ornamental Fan","Smiling Mask","Bronze Scales","Empty Cage","PreservedInsect","Art of War","Orichalcum","Bag of Marbles","Bag of Preparation","ClockworkSouvenir","Bottled Lightning","FossilizedHelix"],"potions_floor_usage":[6,16,23,23,25,30,41,44,50,55],"damage_taken":[{"damage":7,"enemies":"Cultist","floor":1,"turns":4},{"damage":1,"enemies":"2 Louse","floor":2,"turns":2},{"damage":12,"enemies":"Jaw Worm","floor":4,"turns":3},{"damage":11,"enemies":"3 Louse","floor":5,"turns":3},{"damage":23,"enemies":"3 Sentries","floor":6,"turns":6},{"damage":0,"enemies":"Lagavulin","floor":8,"turns":6},{"damage":9,"enemies":"Looter","floor":12,"turns":3},{"damage":0,"enemies":"2 Fungi Beasts","floor":13,"turns":2},{"damage":0,"enemies":"Large Slime","floor":14,"turns":5},{"damage":0,"enemies":"Slime Boss","floor":16,"turns":6},{"damage":3,"enemies":"3 Byrds","floor":18,"turns":2},{"damage":2,"enemies":"2 Thieves","floor":20,"turns":3},{"damage":4,"enemies":"Snecko","floor":21,"turns":3},{"damage":5,"enemies":"3 Cultists","floor":22,"turns":4},{"damage":26,"enemies":"Slavers","floor":23,"turns":6},{"damage":4,"enemies":"Book of Stabbing","floor":25,"turns":6},{"damage":13,"enemies":"Shelled Parasite and Fungi","floor":27,"turns":4},{"damage":9,"enemies":"Snecko","floor":28,"turns":4},{"damage":18,"enemies":"Sentry and Sphere","floor":29,"turns":4},{"damage":44,"enemies":"Slavers","floor":30,"turns":6},{"damage":8,"enemies":"Collector","floor":33,"turns":11},{"damage":13,"enemies":"3 Darklings","floor":35,"turns":3},{"damage":0,"enemies":"3 Shapes","floor":38,"turns":2},{"damage":18,"enemies":"Sphere and 2 Shapes","floor":39,"turns":4},{"damage":13,"enemies":"Writhing Mass","floor":41,"turns":5},{"damage":1,"enemies":"Reptomancer","floor":42,"turns":4},{"damage":2,"enemies":"Giant Head","floor":44,"turns":7},{"damage":36,"enemies":"Nemesis","floor":46,"turns":7},{"damage":8,"enemies":"Donu and Deca","floor":50,"turns":6},{"damage":8,"enemies":"Shield and Spear","floor":54,"turns":5},{"damage":30,"enemies":"The Heart","floor":55,"turns":12}],"seed_played":"-5479614249228812334","potions_obtained":[{"floor":5,"key":"EssenceOfSteel"},{"floor":8,"key":"Weak Potion"},{"floor":12,"key":"AttackPotion"},{"floor":16,"key":"Block Potion"},{"floor":20,"key":"LiquidBronze"},{"floor":29,"key":"Regen Potion"},{"floor":38,"key":"SneckoOil"},{"floor":41,"key":"Weak Potion"},{"floor":44,"key":"EssenceOfSteel"},{"floor":46,"key":"Explosive Potion"}],"is_trial":false,"path_per_floor":["M","M","$","M","M","E","R","E","T","R","?","M","M","M","R","B",null,"M","$","M","M","M","E","R","E","T","M","M","M","E","?","R","B",null,"M","?","?","M","M","R","M","E","T","E","?","E","R","$","R","B",null,"R","$","E","B",null],"character_chosen":"DEFECT","items_purchased":["Tempest","Capacitor","HandDrill","Bag of Preparation","ClockworkSouvenir","Bottled Lightning","Capacitor","Panacea"],"campfire_rested":1,"item_purchase_floors":[3,3,19,48,48,48,48,48],"current_hp_per_floor":[68,67,67,55,44,21,43,43,43,43,43,34,34,34,34,34,75,72,72,70,66,68,49,49,55,55,52,53,45,26,26,26,28,75,62,62,62,72,64,64,61,70,70,75,75,49,49,49,49,51,75,75,75,75,55],"gold":49,"neow_bonus":"BOSS_RELIC","is_prod":false,"is_daily":false,"chose_seed":false,"campfire_upgraded":7,"win_rate":0,"timestamp":1556841925,"path_taken":["M","M","$","?","M","E","R","E","T","R","?","M","M","M","R","BOSS","M","$","M","M","M","E","R","E","T","M","M","M","E","?","R","BOSS","M","?","?","M","M","R","M","E","T","E","?","E","R","$","R","BOSS","R","$","E","BOSS"],"build_version":"2019-01-23","purchased_purges":1,"victory":true,"max_hp_per_floor":[75,75,75,75,75,75,75,75,75,75,75,75,75,75,75,75,75,75,75,75,75,75,75,75,75,75,75,75,75,75,75,75,75,75,75,75,75,75,75,75,75,75,75,75,75,75,75,75,75,75,75,75,75,75,75],"card_choices":[{"not_picked":["Compile Driver","Conserve Battery"],"picked":"Coolheaded","floor":1},{"not_picked":["Cold Snap","Leap"],"picked":"Defragment","floor":2},{"not_picked":["Blizzard","Gash"],"picked":"Doom and Gloom","floor":4},{"not_picked":["Consume","Fusion"],"picked":"Go for the Eyes","floor":5},{"not_picked":["Redo","Barrage"],"picked":"Conserve Battery","floor":6},{"not_picked":["Double Energy","Gash"],"picked":"Glacier","floor":8},{"not_picked":["Streamline","White Noise"],"picked":"Coolheaded","floor":12},{"not_picked":["Fission","Aggregate","Turbo"],"picked":"SKIP","floor":13},{"not_picked":["Steam","Streamline","Conserve Battery"],"picked":"SKIP","floor":14},{"not_picked":["Seek","Meteor Strike"],"picked":"Electrodynamics","floor":16},{"not_picked":["Gash","Auto Shields"],"picked":"Leap+1","floor":18},{"not_picked":["Ball Lightning","Streamline"],"picked":"Darkness+1","floor":20},{"not_picked":["Conserve Battery","Heatsinks+1"],"picked":"Self Repair","floor":21},{"not_picked":["Conserve Battery","Compile Driver+1","Steam"],"picked":"SKIP","floor":22},{"not_picked":["Amplify","Barrage"],"picked":"Hologram","floor":23},{"not_picked":["Conserve Battery","Recycle+1","Coolheaded"],"picked":"SKIP","floor":25},{"not_picked":["Hologram+1","Turbo+1","Sweeping Beam"],"picked":"SKIP","floor":27},{"not_picked":["Conserve Battery","Barrage","Skim"],"picked":"SKIP","floor":28},{"not_picked":["Rip and Tear","Heatsinks"],"picked":"Stack","floor":29},{"not_picked":["Heatsinks","Ball Lightning","Go for the Eyes"],"picked":"SKIP","floor":30},{"not_picked":["Fission","Thunder Strike"],"picked":"Biased Cognition","floor":33},{"not_picked":["Steam+1","Hologram+1"],"picked":"Loop","floor":35},{"not_picked":["Compile Driver+1","Chill","Go for the Eyes+1"],"picked":"SKIP","floor":38},{"not_picked":["Rebound+1","Stack","Beam Cell"],"picked":"SKIP","floor":39},{"not_picked":["Redo+1","Steam","Aggregate"],"picked":"SKIP","floor":41},{"not_picked":["Chill+1","Rip and Tear+1","Turbo+1"],"picked":"SKIP","floor":42},{"not_picked":["Turbo+1","Hello World+1"],"picked":"Consume","floor":44},{"not_picked":["Storm","Barrage","Beam Cell"],"picked":"SKIP","floor":46},{"not_picked":["Turbo+1","Core Surge","Hologram+1"],"picked":"SKIP","floor":54}],"player_experience":68707,"relics_obtained":[{"floor":6,"key":"Unceasing Top"},{"floor":8,"key":"Lantern"},{"floor":23,"key":"Old Coin"},{"floor":25,"key":"Ornamental Fan"},{"floor":26,"key":"Smiling Mask"},{"floor":30,"key":"Bronze Scales"},{"floor":42,"key":"PreservedInsect"},{"floor":43,"key":"Art of War"},{"floor":44,"key":"Orichalcum"},{"floor":46,"key":"Bag of Marbles"},{"floor":54,"key":"FossilizedHelix"}],"event_choices":[{"damage_healed":0,"gold_gain":0,"player_choice":"Ignored","damage_taken":0,"max_hp_gain":0,"max_hp_loss":0,"event_name":"Liars Game","floor":11,"gold_loss":0},{"damage_healed":0,"gold_gain":0,"cards_transformed":["Strike_B","Strike_B"],"player_choice":"Became Test Subject","damage_taken":0,"max_hp_gain":0,"max_hp_loss":0,"event_name":"Drug Dealer","floor":31,"gold_loss":0,"cards_obtained":["Tempest","Steam Power"]},{"cards_removed":["Defend_B"],"damage_healed":0,"gold_gain":0,"player_choice":"Removed Skill","damage_taken":0,"max_hp_gain":0,"max_hp_loss":0,"event_name":"Falling","floor":36,"gold_loss":0},{"damage_healed":0,"gold_gain":0,"player_choice":"Memory 1","damage_taken":0,"max_hp_gain":0,"max_hp_loss":0,"event_name":"SensoryStone","floor":37,"gold_loss":0},{"damage_healed":0,"gold_gain":0,"player_choice":"Ignored","damage_taken":0,"max_hp_gain":0,"max_hp_loss":0,"event_name":"Tomb of Lord Red Mask","floor":45,"gold_loss":0}],"is_beta":false,"boss_relics":[{"not_picked":["Pandora\u0027s Box","Velvet Choker"],"picked":"Snecko Eye"},{"not_picked":["Tiny House","Black Star"],"picked":"Empty Cage"}],"items_purged_floors":[48],"is_endless":false,"potions_floor_spawned":[5,8,12,16,20,21,22,29,38,41,44,46],"ascension_level":1}