{"gold_per_floor":[112,112,126,0,0,35,51,83,107,107,107,21,46,58,58,161,161,177,30,30],"floor_reached":20,"playtime":2146,"items_purged":["Strike_G"],"score":269,"play_id":"4ad06f6b-9530-4d23-9a49-d8f0727b0262","local_time":"20181123113619","is_ascension_mode":true,"campfire_choices":[{"data":"Skewer","floor":11.0,"key":"SMITH"},{"data":"Noxious Fumes","floor":15.0,"key":"SMITH"}],"neow_cost":"NONE","seed_source_timestamp":0,"circlet_count":0,"master_deck":["Defend_G","Defend_G","Defend_G","Defend_G","Defend_G","Strike_G","Strike_G","Strike_G","Survivor","Neutralize","Sucker Punch","Neutralize","Skewer+1","Backflip","Blur","Sucker Punch","Noxious Fumes+1","Endless Agony","Tools of the Trade","Well Laid Plans"],"special_seed":0,"relics":["Ring of the Snake","NeowsBlessing","Potion Belt","Regal Pillow","Bag of Marbles","Lantern","Snecko Eye","Bronze Scales"],"potions_floor_usage":[],"damage_taken":[{"damage":0.0,"enemies":"Jaw Worm","floor":1.0,"turns":1.0},{"damage":0.0,"enemies":"Cultist","floor":3.0,"turns":1.0},{"damage":0.0,"enemies":"Lagavulin","floor":6.0,"turns":1.0},{"damage":0.0,"enemies":"Small Slimes","floor":7.0,"turns":3.0},{"damage":7.0,"enemies":"Gremlin Nob","floor":8.0,"turns":3.0},{"damage":11.0,"enemies":"3 Sentries","floor":13.0,"turns":7.0},{"damage":3.0,"enemies":"Looter","floor":14.0,"turns":2.0},{"damage":30.0,"enemies":"The Guardian","floor":16.0,"turns":10.0},{"damage":37,"enemies":"3 Byrds","floor":18,"turns":5},{"damage":18,"enemies":"Colosseum Slavers","floor":20,"turns":4},{"damage":13,"enemies":"Colosseum Nobs","floor":20,"turns":3}],"seed_played":"-6985658120675205760","potions_obtained":[{"floor":1.0,"key":"Fire Potion"},{"floor":7.0,"key":"GamblersBrew"},{"floor":13.0,"key":"Ancient Potion"},{"floor":14.0,"key":"Poison Potion"}],"is_trial":false,"path_per_floor":["M","?","M","$","?","E","M","E","T","?","R","$","E","M","R","B",null,"M","$","?"],"character_chosen":"THE_SILENT","items_purchased":["FearPotion","Noxious Fumes","Fire Potion","Bronze Scales"],"campfire_rested":0,"item_purchase_floors":[4,12,12,19],"current_hp_per_floor":[70,70,70,70,70,70,70,63,63,56,56,56,45,42,42,12,56,19,19,0],"gold":30,"neow_bonus":"THREE_ENEMY_KILL","is_prod":false,"is_daily":false,"chose_seed":false,"campfire_upgraded":2,"win_rate":0,"timestamp":1542994579,"path_taken":["M","?","?","?","?","E","M","E","T","?","R","$","E","M","R","BOSS","M","$","?"],"build_version":"2018-11-15","purchased_purges":1,"victory":false,"max_hp_per_floor":[70,70,70,70,70,70,70,70,70,70,70,70,70,70,70,70,70,70,70,70],"card_choices":[{"not_picked":["Expertise","Blade Dance"],"picked":"Sucker Punch","floor":1.0},{"not_picked":["Underhanded Strike","Prepared"],"picked":"Skewer","floor":3.0},{"not_picked":["Flechettes","Dagger Throw"],"picked":"Backflip","floor":6.0},{"not_picked":["Terror","Choke"],"picked":"Blur","floor":7.0},{"not_picked":["Infinite Blades","Bane"],"picked":"Sucker Punch","floor":8.0},{"not_picked":["Phantasmal Killer","Bane"],"picked":"Endless Agony","floor":13.0},{"not_picked":["Blur","Choke","Sucker Punch"],"picked":"SKIP","floor":14.0},{"not_picked":["Grand Finale","Doppelganger"],"picked":"Tools of the Trade","floor":16.0},{"not_picked":["Bane","Underhanded Strike"],"picked":"Well Laid Plans","floor":18}],"player_experience":247079,"relics_obtained":[{"floor":6.0,"key":"Potion Belt"},{"floor":8.0,"key":"Regal Pillow"},{"floor":9.0,"key":"Bag of Marbles"},{"floor":13.0,"key":"Lantern"}],"event_choices":[{"damage_healed":0.0,"max_hp_gain":0.0,"max_hp_loss":0.0,"gold_gain":0.0,"event_name":"Match and Keep!","player_choice":"1 cards matched","floor":2.0,"gold_loss":0.0,"damage_taken":0.0,"cards_obtained":["Neutralize"]},{"damage_healed":0.0,"max_hp_gain":0.0,"max_hp_loss":0.0,"gold_gain":0.0,"event_name":"World of Goop","player_choice":"Left Gold","floor":5.0,"gold_loss":0.0,"damage_taken":0.0},{"cards_removed":["Strike_G"],"damage_healed":0.0,"max_hp_gain":0.0,"max_hp_loss":0.0,"gold_gain":0.0,"event_name":"Golden Wing","player_choice":"Card Removal","floor":10.0,"gold_loss":0.0,"damage_taken":7.0},{"damage_healed":0,"gold_gain":0,"player_choice":"Fight","damage_taken":0,"max_hp_gain":0,"max_hp_loss":0,"event_name":"Colosseum","floor":20,"gold_loss":0},{"damage_healed":0,"gold_gain":0,"player_choice":"Fought Nobs","damage_taken":0,"max_hp_gain":0,"max_hp_loss":0,"event_name":"Colosseum","floor":20,"gold_loss":0}],"is_beta":false,"boss_relics":[{"not_picked":["Eternal Feather","Pandora\u0027s Box"],"picked":"Snecko Eye"}],"items_purged_floors":[4],"is_endless":false,"potions_floor_spawned":[1,7,13,14,20],"killed_by":"Colosseum Nobs","ascension_level":5}