{"gold_per_floor":[114,130,144,154,79,79,79,79,105,105,5,18,35,15,15,114,114,133,58,40,40,53,53,53,53,53,53,66,66,81,98,98,98],"floor_reached":33,"playtime":1609,"items_purged":["Strike_G","Strike_G"],"score":265,"play_id":"b37b5d46-4f13-4715-800d-9a5679bb41bd","local_time":"20180830232703","is_ascension_mode":true,"campfire_choices":[{"data":"Bouncing Flask","floor":6,"key":"SMITH"},{"data":"Crippling Poison","floor":8,"key":"SMITH"},{"data":"Survivor","floor":10,"key":"SMITH"},{"data":"Distraction","floor":15,"key":"SMITH"},{"floor":23,"key":"REST"},{"floor":25,"key":"REST"},{"floor":32,"key":"REST"}],"neow_cost":"NONE","seed_source_timestamp":3548726180510,"circlet_count":0,"master_deck":["Defend_G","Defend_G","Defend_G","Defend_G","Defend_G","Strike_G","Strike_G","Survivor+1","Neutralize+1","Crippling Poison+1","Bouncing Flask+1","Distraction+1","Noxious Fumes","Catalyst","Deadly Poison"],"special_seed":0,"relics":["Ring of the Snake","Blood Vial","Philosopher\u0027s Stone","Dead Branch"],"potions_floor_usage":[4,16,33],"damage_taken":[{"damage":0.0,"enemies":"Cultist","floor":1.0,"turns":4.0},{"damage":0.0,"enemies":"Small Slimes","floor":2.0,"turns":4.0},{"damage":1.0,"enemies":"Jaw Worm","floor":3.0,"turns":5.0},{"damage":8,"enemies":"Exordium Thugs","floor":4,"turns":6},{"damage":1,"enemies":"Large Slime","floor":12,"turns":7},{"damage":0,"enemies":"2 Fungi Beasts","floor":13,"turns":3},{"damage":4,"enemies":"Exordium Thugs","floor":14,"turns":4},{"damage":34,"enemies":"Slime Boss","floor":16,"turns":11},{"damage":11,"enemies":"Shell Parasite","floor":18,"turns":5},{"damage":19,"enemies":"2 Thieves","floor":20,"turns":4},{"damage":27,"enemies":"3 Cultists","floor":22,"turns":6},{"damage":21,"enemies":"Shelled Parasite and Fungi","floor":28,"turns":6},{"damage":29,"enemies":"Centurion and Healer","floor":30,"turns":4},{"damage":13,"enemies":"Snake Plant","floor":31,"turns":3},{"damage":38,"enemies":"Collector","floor":33,"turns":3}],"seed_played":"-1765488996241093243","potions_obtained":[{"floor":2.0,"key":"Fire Potion"},{"floor":3.0,"key":"SpeedPotion"},{"floor":4,"key":"PowerPotion"},{"floor":16,"key":"Weak Potion"},{"floor":20,"key":"SteroidPotion"}],"is_trial":false,"path_per_floor":["M","M","M","M","$","R","?","R","T","R","$","M","M","M","R","B",null,"M","?","M","$","M","R","$","R","T","$","M","?","M","M","R"],"character_chosen":"THE_SILENT","items_purchased":[],"campfire_rested":3,"item_purchase_floors":[],"current_hp_per_floor":[70,70,69,61,61,61,66,66,66,66,66,67,69,67,67,35,75,64,64,47,47,22,44,44,66,66,66,47,47,20,9,31,0],"gold":98,"neow_bonus":"UPGRADE_CARD","is_prod":false,"is_daily":false,"chose_seed":false,"campfire_upgraded":4,"win_rate":0,"timestamp":1535642823,"path_taken":["M","?","M","M","$","R","?","R","T","R","$","M","M","M","R","BOSS","M","?","M","$","M","R","$","R","T","$","M","?","?","?","R","BOSS"],"build_version":"2018-08-23v2","purchased_purges":2,"victory":false,"max_hp_per_floor":[70,70,70,70,70,70,75,75,75,75,75,75,75,75,75,75,75,75,75,75,75,75,75,75,75,75,75,75,75,75,75,75,75],"card_choices":[{"not_picked":["Deflect","Infinite Blades"],"picked":"Crippling Poison","floor":1.0},{"not_picked":["All Out Attack","Dodge and Roll","Deflect"],"picked":"SKIP","floor":2.0},{"not_picked":["Backstab","Sucker Punch","Dagger Spray"],"picked":"SKIP","floor":3.0},{"not_picked":["Slice","Sucker Punch"],"picked":"Bouncing Flask","floor":4},{"not_picked":["Backflip","Concentrate","Deflect"],"picked":"SKIP","floor":12},{"not_picked":["Quick Slash","Masterful Stab","Eviscerate"],"picked":"SKIP","floor":13},{"not_picked":["Outmaneuver","Choke"],"picked":"Distraction","floor":14},{"not_picked":["Expertise+1","Deflect","Concentrate"],"picked":"SKIP","floor":18},{"not_picked":["Skewer","Outmaneuver","Masterful Stab"],"picked":"SKIP","floor":20},{"not_picked":["Terror","Eviscerate","Expertise"],"picked":"SKIP","floor":22},{"not_picked":["Endless Agony","Backflip","Outmaneuver"],"picked":"SKIP","floor":28},{"not_picked":["Dagger Throw","Dagger Spray"],"picked":"Catalyst","floor":30},{"not_picked":["PiercingWail","Concentrate"],"picked":"Deadly Poison","floor":31}],"player_experience":348451,"relics_obtained":[{"floor":9,"key":"Blood Vial"},{"floor":26,"key":"Dead Branch"}],"event_choices":[{"event_name":"Big Fish","player_choice":"Donut","floor":7,"damage_taken":0},{"event_name":"Beggar","player_choice":"Gave Gold","floor":19,"damage_taken":0},{"event_name":"The Library","player_choice":"Read","floor":29,"damage_taken":0}],"is_beta":false,"boss_relics":[{"not_picked":["Ectoplasm","Fusion Hammer"],"picked":"Philosopher\u0027s Stone"}],"items_purged_floors":[5,11],"is_endless":false,"potions_floor_spawned":[2,3,4,16,20,28,31],"killed_by":"Collector","ascension_level":2}