{"gold_per_floor":[112,131,131,151,171,171,2,2,48,48,58,85,117,149,161,250,262,284,211,233,295,317,329,353,365,377,403,71,71,85,97,97,173,173,193,1192,1104,749,765,765,780,780,834,45,57,57,57,57,57,57,57],"floor_reached":51,"playtime":2139,"items_purged":["Strike_R","Normality","Normality"],"score":1277,"play_id":"67018463-0d48-42a8-ac39-d65a979006fc","local_time":"20190322151358","is_ascension_mode":true,"campfire_choices":[{"data":"Uppercut","floor":6,"key":"SMITH"},{"data":"Flame Barrier","floor":8,"key":"SMITH"},{"data":"Double Tap","floor":10,"key":"SMITH"},{"floor":15,"key":"REST"},{"floor":23,"key":"REST"},{"floor":25,"key":"REST"},{"floor":32,"key":"REST"},{"data":"Demon Form","floor":40,"key":"SMITH"},{"floor":42,"key":"REST"},{"floor":47,"key":"REST"},{"floor":49,"key":"REST"}],"neow_cost":"NONE","seed_source_timestamp":302713266861324,"circlet_count":0,"master_deck":["AscendersBane","Strike_R","Strike_R","Strike_R","Strike_R","Defend_R","Defend_R","Defend_R","Defend_R","Shockwave+1","Flame Barrier+1","Double Tap+1","Uppercut+1","Disarm","Shrug It Off","Demon Form+1","Heavy Blade+1","Flame Barrier","Shrug It Off","Disarm","Evolve","Impervious","Shrug It Off","Exhume","Flash of Steel"],"relics":["Burning Blood","Oddly Smooth Stone","Lantern","MawBank","Philosopher\u0027s Stone","Boot","WingedGreaves","Medical Kit","Charon\u0027s Ashes","Busted Crown","Strawberry","Anchor","Paper Frog","Bronze Scales"],"potions_floor_usage":[11,11,14,22,33,33,51,51],"damage_taken":[{"damage":4,"enemies":"2 Louse","floor":1,"turns":4},{"damage":3,"enemies":"Cultist","floor":2,"turns":4},{"damage":12,"enemies":"Small Slimes","floor":4,"turns":4},{"damage":3,"enemies":"2 Fungi Beasts","floor":5,"turns":5},{"damage":48,"enemies":"Gremlin Gang","floor":11,"turns":6},{"damage":25,"enemies":"3 Sentries","floor":12,"turns":9},{"damage":1,"enemies":"Lots of Slimes","floor":13,"turns":6},{"damage":0,"enemies":"Looter","floor":14,"turns":3},{"damage":19,"enemies":"The Guardian","floor":16,"turns":14},{"damage":13,"enemies":"Spheric Guardian","floor":18,"turns":6},{"damage":16,"enemies":"Shell Parasite","floor":20,"turns":5},{"damage":26,"enemies":"Snake Plant","floor":22,"turns":5},{"damage":31,"enemies":"3 Cultists","floor":24,"turns":6},{"damage":0,"enemies":"Snecko","floor":27,"turns":5},{"damage":5,"enemies":"Centurion and Healer","floor":30,"turns":6},{"damage":6,"enemies":"Snake Plant","floor":31,"turns":4},{"damage":49,"enemies":"Automaton","floor":33,"turns":8},{"damage":13,"enemies":"3 Darklings","floor":35,"turns":6},{"damage":8,"enemies":"3 Shapes","floor":39,"turns":5},{"damage":29,"enemies":"Sphere and 2 Shapes","floor":41,"turns":6},{"damage":31,"enemies":"3 Darklings","floor":45,"turns":6},{"damage":46,"enemies":"Time Eater","floor":50,"turns":10},{"damage":50,"enemies":"Awakened One","floor":51,"turns":4}],"seed_played":"-2687269924942778739","potions_obtained":[{"floor":2,"key":"Weak Potion"},{"floor":5,"key":"Dexterity Potion"},{"floor":12,"key":"SpeedPotion"},{"floor":14,"key":"GamblersBrew"},{"floor":16,"key":"Strength Potion"},{"floor":20,"key":"LiquidBronze"},{"floor":27,"key":"Explosive Potion"},{"floor":33,"key":"Strength Potion"}],"is_trial":false,"path_per_floor":["M","M","?","M","M","R","$","R","T","R","M","E","M","M","R","B",null,"M","?","M","?","M","R","M","R","T","M","$","T","M","M","R","B",null,"M","?","?","$","M","R","M","R","T","$","M","?","R","?","R","B","B"],"character_chosen":"IRONCLAD","items_purchased":["Oddly Smooth Stone","Medical Kit","PowerPotion","Impervious","Shrug It Off","FearPotion","Paper Frog","Exhume","Dexterity Potion","Bronze Scales"],"campfire_rested":7,"item_purchase_floors":[7,28,28,38,38,38,44,44,44,44],"current_hp_per_floor":[70,73,73,67,70,70,70,70,70,70,28,9,14,20,42,29,64,57,57,47,47,27,49,24,46,46,52,52,52,53,53,75,32,64,57,57,64,64,62,62,39,63,63,63,38,38,62,57,81,41,0],"gold":57,"neow_bonus":"THREE_CARDS","is_prod":false,"is_daily":false,"chose_seed":false,"campfire_upgraded":4,"win_rate":0,"timestamp":1553235238,"path_taken":["M","M","?","M","M","R","$","R","T","R","M","E","?","M","R","BOSS","M","?","M","?","M","R","M","R","T","?","$","?","?","?","R","BOSS","M","?","?","$","M","R","M","R","T","$","?","?","R","?","R","BOSS","BOSS"],"build_version":"2019-01-23","purchased_purges":3,"victory":false,"max_hp_per_floor":[75,75,75,75,75,75,75,75,75,75,75,75,75,75,75,75,75,75,75,75,75,75,75,75,75,75,75,75,75,75,75,75,75,75,75,75,82,82,82,82,82,82,82,82,82,82,82,82,82,82,82],"card_choices":[{"not_picked":["Rage","Body Slam"],"picked":"Shockwave","floor":0},{"not_picked":["Heavy Blade","Clash"],"picked":"Flame Barrier","floor":1},{"not_picked":["Body Slam","Bloodletting","Cleave"],"picked":"SKIP","floor":2},{"not_picked":["Iron Wave","Clash"],"picked":"Double Tap","floor":4},{"not_picked":["Second Wind","True Grit"],"picked":"Uppercut","floor":5},{"not_picked":["Corruption","Burning Pact"],"picked":"Disarm","floor":11},{"not_picked":["Uppercut","Intimidate"],"picked":"Shrug It Off","floor":12},{"not_picked":["Sever Soul","Thunderclap","Searing Blow"],"picked":"SKIP","floor":13},{"not_picked":["Clash","Evolve","Whirlwind"],"picked":"SKIP","floor":14},{"not_picked":["Impervious","Offering"],"picked":"Demon Form","floor":16},{"not_picked":["Body Slam","Spot Weakness"],"picked":"Heavy Blade+1","floor":18},{"not_picked":["Warcry","Hemokinesis"],"picked":"Flame Barrier","floor":20},{"not_picked":["True Grit","Power Through","Clothesline"],"picked":"SKIP","floor":22},{"not_picked":["Cleave","Havoc","True Grit"],"picked":"SKIP","floor":24},{"not_picked":["Fire Breathing","Perfected Strike"],"picked":"Shrug It Off","floor":27},{"not_picked":["Pommel Strike","Flex"],"picked":"Disarm","floor":30},{"not_picked":["Rage","Combust","Blood for Blood"],"picked":"SKIP","floor":31},{"not_picked":[],"picked":"Evolve","floor":35},{"not_picked":["Armaments"],"picked":"SKIP","floor":39},{"not_picked":["Perfected Strike"],"picked":"SKIP","floor":41},{"not_picked":["Pommel Strike"],"picked":"SKIP","floor":45},{"not_picked":[],"picked":"Flash of Steel","floor":48}],"player_experience":768096,"relics_obtained":[{"floor":9,"key":"Lantern"},{"floor":12,"key":"MawBank"},{"floor":26,"key":"WingedGreaves"},{"floor":29,"key":"Charon\u0027s Ashes"},{"floor":43,"key":"Anchor"}],"event_choices":[{"damage_healed":0,"gold_gain":0,"player_choice":"Upgraded","damage_taken":0,"max_hp_gain":0,"max_hp_loss":0,"event_name":"Upgrade Shrine","floor":3,"gold_loss":0,"cards_upgraded":["Shockwave"]},{"damage_healed":0,"gold_gain":0,"player_choice":"Obtained Relic","damage_taken":0,"relics_obtained":["Boot"],"max_hp_gain":0,"max_hp_loss":0,"event_name":"Addict","floor":19,"gold_loss":85},{"damage_healed":0,"gold_gain":50,"player_choice":"Pray","damage_taken":0,"max_hp_gain":0,"max_hp_loss":0,"event_name":"Golden Shrine","floor":21,"gold_loss":0},{"damage_healed":0,"gold_gain":999,"player_choice":"Gold","damage_taken":0,"max_hp_gain":0,"max_hp_loss":0,"event_name":"MindBloom","floor":36,"gold_loss":0,"cards_obtained":["Normality","Normality"]},{"damage_healed":0,"gold_gain":0,"player_choice":"Paid Gold","damage_taken":0,"relics_obtained":["Strawberry"],"max_hp_gain":0,"max_hp_loss":0,"event_name":"WeMeetAgain","floor":37,"gold_loss":88},{"cards_removed":["Bash"],"damage_healed":0,"gold_gain":0,"player_choice":"Removed Attack","damage_taken":0,"max_hp_gain":0,"max_hp_loss":0,"event_name":"Falling","floor":46,"gold_loss":0},{"damage_healed":0,"gold_gain":0,"player_choice":"Memory 2","damage_taken":5,"max_hp_gain":0,"max_hp_loss":0,"event_name":"SensoryStone","floor":48,"gold_loss":0}],"is_beta":false,"boss_relics":[{"not_picked":["Astrolabe","Runic Cube"],"picked":"Philosopher\u0027s Stone"},{"not_picked":["Black Blood","Mark of Pain"],"picked":"Busted Crown"}],"items_purged_floors":[28,38,44],"is_endless":false,"potions_floor_spawned":[2,5,12,14,16,18,20,27,30,33,41,45],"killed_by":"Awakened One","ascension_level":20}