{"gold_per_floor":[112,112,112,62,73,73,73,73,73,50,50,64,83,95,95,197,197,213,213,167,13,27,27,27,45,72,89,89,89,118,43,43,43],"floor_reached":33,"playtime":716,"items_purged":[],"score":233,"play_id":"cbad26bd-4e67-4357-9c37-45b1d23c449b","local_time":"20181104210527","is_ascension_mode":false,"campfire_choices":[{"data":"Bash","floor":6,"key":"SMITH"},{"data":"Flex","floor":11,"key":"SMITH"},{"data":"Heavy Blade","floor":15,"key":"SMITH"},{"data":"Shrug It Off","floor":23,"key":"SMITH"},{"data":"Shrug It Off","floor":32,"key":"SMITH"}],"neow_cost":"NONE","seed_source_timestamp":84594729261602,"circlet_count":0,"master_deck":["Strike_R","Strike_R","Strike_R+1","Defend_R","Defend_R","Defend_R+1","Defend_R+1","Bash+1","Flex+1","Flex+1","Sword Boomerang","Cleave+1","Heavy Blade+1","Clash","Shrug It Off+1","Shrug It Off+1","Clash"],"relics":["Burning Blood","NeowsBlessing","Torii","FossilizedHelix","Philosopher\u0027s Stone","Whetstone","Ancient Tea Set","Red Mask"],"potions_floor_usage":[33,33],"damage_taken":[{"damage":0,"enemies":"2 Louse","floor":1,"turns":1},{"damage":0,"enemies":"Jaw Worm","floor":5,"turns":1},{"damage":0,"enemies":"Small Slimes","floor":12,"turns":1},{"damage":0,"enemies":"3 Louse","floor":13,"turns":3},{"damage":0,"enemies":"Looter","floor":14,"turns":2},{"damage":45,"enemies":"The Guardian","floor":16,"turns":10},{"damage":0,"enemies":"Shell Parasite","floor":18,"turns":2},{"damage":0,"enemies":"Spheric Guardian","floor":22,"turns":3},{"damage":0,"enemies":"Snake Plant","floor":25,"turns":3},{"damage":20,"enemies":"Cultist and Chosen","floor":27,"turns":5},{"damage":0,"enemies":"Masked Bandits","floor":30,"turns":4},{"damage":87,"enemies":"Automaton","floor":33,"turns":8}],"seed_played":"-9131598825956327564","potions_obtained":[{"floor":5,"key":"BloodPotion"},{"floor":12,"key":"Dexterity Potion"},{"floor":14,"key":"Explosive Potion"}],"is_trial":false,"path_per_floor":["M","?","?","?","M","R","?","$","T","$","R","M","M","M","R","B",null,"M","?","$","$","M","R","$","M","T","M","?","?","?","?","R","B"],"character_chosen":"IRONCLAD","items_purchased":["Flex","Shrug It Off","Whetstone"],"campfire_rested":0,"item_purchase_floors":[10,20,21],"current_hp_per_floor":[80,80,64,64,70,70,67,67,67,67,67,73,79,80,80,41,80,80,80,80,80,80,80,80,80,80,66,66,66,72,72,72,0],"gold":43,"neow_bonus":"THREE_ENEMY_KILL","is_prod":false,"is_daily":false,"chose_seed":false,"campfire_upgraded":5,"win_rate":0,"timestamp":1541361927,"path_taken":["M","?","?","?","M","R","?","$","T","?","R","?","M","M","R","BOSS","M","?","?","$","M","R","$","?","T","M","?","?","?","?","R","BOSS"],"build_version":"2018-11-01","purchased_purges":0,"victory":false,"max_hp_per_floor":[80,80,80,80,80,80,80,80,80,80,80,80,80,80,80,80,80,80,80,80,80,80,80,80,80,80,80,80,80,80,80,80,80],"card_choices":[{"not_picked":["Perfected Strike","Sword Boomerang"],"picked":"Flex","floor":1},{"not_picked":["Warcry","Corruption","Carnage"],"picked":"SKIP","floor":5},{"not_picked":["True Grit","Havoc"],"picked":"Sword Boomerang","floor":12},{"not_picked":["Heavy Blade","Pommel Strike"],"picked":"Cleave","floor":13},{"not_picked":["Body Slam","Pummel"],"picked":"Heavy Blade","floor":14},{"not_picked":["Iron Wave","Entrench"],"picked":"Clash","floor":18},{"not_picked":["Havoc","Sword Boomerang+1"],"picked":"Shrug It Off","floor":22},{"not_picked":["Perfected Strike+1","Sword Boomerang","Heavy Blade"],"picked":"SKIP","floor":25},{"not_picked":["Warcry+1","Pommel Strike","Flex"],"picked":"SKIP","floor":27}],"player_experience":293489,"relics_obtained":[{"floor":9,"key":"FossilizedHelix"},{"floor":26,"key":"Ancient Tea Set"},{"floor":30,"key":"Red Mask"}],"event_choices":[{"damage_healed":0,"gold_gain":0,"player_choice":"Grow","damage_taken":0,"max_hp_gain":0,"max_hp_loss":0,"event_name":"Living Wall","floor":2,"gold_loss":0,"cards_upgraded":["Flex"]},{"damage_healed":0,"gold_gain":0,"player_choice":"Entered Light","damage_taken":16,"max_hp_gain":0,"max_hp_loss":0,"event_name":"Shining Light","floor":3,"gold_loss":0,"cards_upgraded":["Defend_R","Defend_R"]},{"cards_removed":["Strike_R"],"damage_healed":0,"gold_gain":0,"player_choice":"Card Removal","damage_taken":0,"max_hp_gain":0,"max_hp_loss":0,"event_name":"The Cleric","floor":4,"gold_loss":50},{"damage_healed":0,"gold_gain":0,"player_choice":"Success","damage_taken":3,"relics_obtained":["Torii"],"max_hp_gain":0,"max_hp_loss":0,"event_name":"Scrap Ooze","floor":7,"gold_loss":0},{"damage_healed":0,"gold_gain":0,"player_choice":"Ignored","damage_taken":0,"max_hp_gain":0,"max_hp_loss":0,"event_name":"Transmorgrifier","floor":19,"gold_loss":0},{"damage_healed":0,"gold_gain":0,"player_choice":"Ignored","damage_taken":0,"max_hp_gain":0,"max_hp_loss":0,"event_name":"Cursed Tome","floor":28,"gold_loss":0},{"damage_healed":0,"gold_gain":0,"player_choice":"Read","damage_taken":0,"max_hp_gain":0,"max_hp_loss":0,"event_name":"The Library","floor":29,"gold_loss":0,"cards_obtained":["Clash"]},{"damage_healed":0,"gold_gain":0,"player_choice":"Fought Bandits","damage_taken":0,"max_hp_gain":0,"max_hp_loss":0,"event_name":"Masked Bandits","floor":30,"gold_loss":0},{"cards_removed":["Strike_R"],"damage_healed":0,"gold_gain":0,"player_choice":"Gave Gold","damage_taken":0,"max_hp_gain":0,"max_hp_loss":0,"event_name":"Beggar","floor":31,"gold_loss":75}],"is_beta":false,"boss_relics":[{"not_picked":["Snecko Eye","Eternal Feather"],"picked":"Philosopher\u0027s Stone"}],"items_purged_floors":[],"is_endless":false,"potions_floor_spawned":[5,12,14,18,27,30],"killed_by":"Automaton","ascension_level":0}