{"gold_per_floor":[419,436,436,451,451,478,498,498,545,312,312,165,183,203,203,299,299,318,337,93,109,38,38],"floor_reached":23,"playtime":1979,"items_purged":["Strike_G"],"score":193,"play_id":"3d54828e-5043-4199-ad01-fb443ff9173d","local_time":"20181019005022","is_ascension_mode":false,"campfire_choices":[{"floor":8,"key":"REST"},{"floor":11,"key":"REST"},{"data":"Noxious Fumes","floor":15,"key":"SMITH"}],"neow_cost":"TEN_PERCENT_HP_LOSS","seed_source_timestamp":557997622161687,"circlet_count":0,"master_deck":["Defend_G","Defend_G","Defend_G","Defend_G","Strike_G","Strike_G","Strike_G","Survivor","Neutralize","Leg Sweep","Calculated Gamble","Sucker Punch","Heel Hook","Poisoned Stab","Dagger Spray","Noxious Fumes+1","Prepared","Quick Slash","Footwork","Sucker Punch","Dagger Spray","Bouncing Flask"],"relics":["Ring of the Snake","Old Coin","Dodecahedron","Anchor","Regal Pillow","Vajra","Empty Cage","Gremlin Horn"],"potions_floor_usage":[6,16,23,23,23],"damage_taken":[{"damage":0,"enemies":"2 Louse","floor":1,"turns":2},{"damage":1,"enemies":"Cultist","floor":2,"turns":4},{"damage":0,"enemies":"Jaw Worm","floor":4,"turns":7},{"damage":50,"enemies":"Lagavulin","floor":6,"turns":17},{"damage":0,"enemies":"2 Fungi Beasts","floor":7,"turns":5},{"damage":2,"enemies":"Looter","floor":13,"turns":3},{"damage":4,"enemies":"Exordium Thugs","floor":14,"turns":5},{"damage":22,"enemies":"The Guardian","floor":16,"turns":12},{"damage":13,"enemies":"Shell Parasite","floor":18,"turns":6},{"damage":3,"enemies":"3 Byrds","floor":19,"turns":4},{"damage":23,"enemies":"3 Cultists","floor":21,"turns":6},{"damage":32,"enemies":"Gremlin Leader","floor":23,"turns":6}],"seed_played":"938935992817292797","potions_obtained":[{"floor":2,"key":"Swift Potion"},{"floor":7,"key":"Strength Potion"},{"floor":13,"key":"SkillPotion"},{"floor":14,"key":"Ancient Potion"},{"floor":21,"key":"PowerPotion"}],"is_trial":false,"path_per_floor":["M","M","?","M","?","E","M","R","T","$","R","$","M","M","R","B",null,"M","M","$","M","$"],"character_chosen":"THE_SILENT","items_purchased":["Poisoned Stab","Vajra","Dagger Spray","Noxious Fumes","Gremlin Horn","Bouncing Flask"],"campfire_rested":2,"item_purchase_floors":[10,10,10,12,20,22],"current_hp_per_floor":[63,62,59,59,59,9,9,27,27,27,60,60,58,54,54,32,63,50,47,47,24,24,0],"gold":38,"neow_bonus":"ONE_RARE_RELIC","is_prod":false,"is_daily":false,"chose_seed":false,"campfire_upgraded":1,"win_rate":0.0,"timestamp":1539924622,"path_taken":["M","M","?","?","?","E","M","R","T","$","R","$","M","M","R","BOSS","M","M","$","M","$","E"],"build_version":"2018-10-18","purchased_purges":1,"victory":false,"max_hp_per_floor":[63,63,63,63,63,63,63,63,63,63,63,63,63,63,63,63,63,63,63,63,63,63,63],"card_choices":[{"not_picked":["Dagger Throw","Bane"],"picked":"Leg Sweep","floor":1},{"not_picked":["Masterful Stab","Prepared"],"picked":"Calculated Gamble","floor":2},{"not_picked":["Blade Dance","Slice"],"picked":"Sucker Punch","floor":4},{"not_picked":["Underhanded Strike","Skewer"],"picked":"Heel Hook","floor":6},{"not_picked":["Calculated Gamble","Dodge and Roll","After Image"],"picked":"SKIP","floor":7},{"not_picked":["Acrobatics","Skewer"],"picked":"Prepared","floor":13},{"not_picked":["Choke","Riddle With Holes"],"picked":"Quick Slash","floor":14},{"not_picked":["All Out Attack","Blade Dance"],"picked":"Footwork","floor":18},{"not_picked":["Prepared","Eviscerate+1"],"picked":"Sucker Punch","floor":19},{"not_picked":["All Out Attack","PiercingWail"],"picked":"Dagger Spray","floor":21}],"player_experience":33548,"relics_obtained":[{"floor":6,"key":"Anchor"},{"floor":9,"key":"Regal Pillow"}],"event_choices":[{"damage_healed":0,"gold_gain":0,"player_choice":"Success","damage_taken":3,"relics_obtained":["Dodecahedron"],"max_hp_gain":0,"max_hp_loss":0,"event_name":"Scrap Ooze","floor":3,"gold_loss":0},{"damage_healed":0,"gold_gain":0,"player_choice":"Ignored","damage_taken":0,"max_hp_gain":0,"max_hp_loss":0,"event_name":"Golden Wing","floor":5,"gold_loss":0}],"is_beta":false,"boss_relics":[{"not_picked":["Coffee Dripper","Black Star"],"picked":"Empty Cage"}],"items_purged_floors":[12],"is_endless":false,"potions_floor_spawned":[2,7,13,14,21],"killed_by":"Gremlin Leader","ascension_level":0}