{"gold_per_floor":[116,116,126,1,21,21,32,51,105,133,133,80,80,98,98,195,195,208,218,15,0,0,0,17,17,90,90,108,126,126,138,138,138],"floor_reached":33,"playtime":3457,"items_purged":[],"score":249,"play_id":"1f9c691c-f983-4adb-be53-d97d3ca8a362","local_time":"20190422205008","is_ascension_mode":false,"campfire_choices":[{"data":"Redo","floor":6,"key":"SMITH"},{"data":"Streamline","floor":11,"key":"SMITH"},{"floor":15,"key":"REST"},{"floor":23,"key":"REST"},{"floor":25,"key":"REST"},{"floor":27,"key":"REST"},{"floor":32,"key":"REST"}],"neow_cost":"NONE","seed_source_timestamp":104881769656211,"circlet_count":0,"master_deck":["Strike_B","Strike_B","Strike_B","Defend_B","Defend_B","Defend_B","Defend_B","Zap","Dualcast","Redo+1","Static Discharge","Leap","Hologram","Go for the Eyes","Coolheaded","Streamline+1","Auto Shields","Melter","Sweeping Beam","Coolheaded","Buffer","Barrage","Leap+1","Sweeping Beam","Undo+1","Ball Lightning+1","Loop","RitualDagger","Melter"],"relics":["FrozenCore","Lantern","Bottled Tornado","Potion Belt","Art of War","Enchiridion","Ornamental Fan"],"potions_floor_usage":[33],"damage_taken":[{"damage":6,"enemies":"2 Louse","floor":1,"turns":4},{"damage":0,"enemies":"Cultist","floor":3,"turns":2},{"damage":2,"enemies":"Small Slimes","floor":5,"turns":3},{"damage":3,"enemies":"Exordium Wildlife","floor":7,"turns":4},{"damage":0,"enemies":"2 Fungi Beasts","floor":8,"turns":3},{"damage":10,"enemies":"Lagavulin","floor":10,"turns":6},{"damage":6,"enemies":"3 Louse","floor":14,"turns":3},{"damage":22,"enemies":"Slime Boss","floor":16,"turns":12},{"damage":0,"enemies":"Spheric Guardian","floor":18,"turns":3},{"damage":21,"enemies":"Chosen","floor":19,"turns":10},{"damage":45,"enemies":"3 Cultists","floor":24,"turns":7},{"damage":4,"enemies":"Snake Plant","floor":28,"turns":6},{"damage":25,"enemies":"Chosen and Byrds","floor":29,"turns":7},{"damage":11,"enemies":"Snecko","floor":31,"turns":9},{"damage":58,"enemies":"Automaton","floor":33,"turns":8}],"seed_played":"-2901074703499245457","potions_obtained":[{"floor":3,"key":"GamblersBrew"},{"floor":8,"key":"Swift Potion"},{"floor":10,"key":"Dexterity Potion"},{"floor":14,"key":"Energy Potion"},{"floor":19,"key":"Swift Potion"},{"floor":24,"key":"AttackPotion"}],"is_trial":false,"path_per_floor":["M","?","M","$","M","R","M","M","T","E","R","$","?","M","R","B",null,"M","M","$","?","?","R","M","R","T","R","M","M","?","M","R","B"],"character_chosen":"DEFECT","items_purchased":["Leap","Hologram","Go for the Eyes","Sweeping Beam","Sweeping Beam","Art of War"],"campfire_rested":5,"item_purchase_floors":[4,4,4,12,20,20],"current_hp_per_floor":[76,76,76,76,74,74,71,71,71,61,61,61,58,52,76,54,82,82,61,61,61,45,69,24,48,48,72,68,43,37,26,50,0],"gold":138,"neow_bonus":"TEN_PERCENT_HP_BONUS","is_prod":false,"is_daily":false,"chose_seed":false,"campfire_upgraded":2,"win_rate":0,"timestamp":1555980608,"path_taken":["M","?","M","?","M","R","M","M","T","E","R","$","?","M","R","BOSS","M","M","$","?","?","R","M","R","T","R","M","M","?","M","R","BOSS"],"build_version":"2019-01-23","purchased_purges":0,"victory":false,"max_hp_per_floor":[82,82,82,82,82,82,82,82,82,82,82,82,82,82,82,82,82,82,82,82,82,82,82,82,82,82,82,82,82,82,82,82,82],"card_choices":[{"not_picked":["Steam","Cold Snap"],"picked":"Redo","floor":1},{"not_picked":["Hologram","Beam Cell"],"picked":"Static Discharge","floor":3},{"not_picked":["Stack","Redo"],"picked":"Coolheaded","floor":5},{"not_picked":["Scrape","Steam"],"picked":"Streamline","floor":7},{"not_picked":["Ball Lightning","Storm"],"picked":"Auto Shields","floor":8},{"not_picked":["Barrage","Lockon"],"picked":"Melter","floor":10},{"not_picked":["Reboot","Scrape"],"picked":"Coolheaded","floor":14},{"not_picked":["Hyperbeam","Thunder Strike"],"picked":"Buffer","floor":16},{"not_picked":["Storm+1","Go for the Eyes"],"picked":"Barrage","floor":18},{"not_picked":["Go for the Eyes+1","Coolheaded"],"picked":"Leap+1","floor":19},{"not_picked":["Steam","Force Field"],"picked":"Undo+1","floor":24},{"not_picked":["Gash","Sweeping Beam"],"picked":"Ball Lightning+1","floor":28},{"not_picked":["Gash+1","Seek"],"picked":"Loop","floor":29},{"not_picked":["Hologram","Stack+1"],"picked":"Melter","floor":31}],"player_experience":162435,"relics_obtained":[{"floor":9,"key":"Lantern"},{"floor":10,"key":"Bottled Tornado"},{"floor":22,"key":"Enchiridion"},{"floor":26,"key":"Ornamental Fan"}],"event_choices":[{"cards_removed":["Strike_B"],"damage_healed":0,"gold_gain":0,"player_choice":"Offered Basic","damage_taken":0,"max_hp_gain":0,"max_hp_loss":0,"event_name":"Bonfire Elementals","floor":2,"gold_loss":0},{"damage_healed":0,"gold_gain":0,"player_choice":"Success","damage_taken":3,"relics_obtained":["Potion Belt"],"max_hp_gain":0,"max_hp_loss":0,"event_name":"Scrap Ooze","floor":13,"gold_loss":0},{"damage_healed":0,"gold_gain":0,"player_choice":"Paid Fearfully","damage_taken":0,"max_hp_gain":0,"max_hp_loss":0,"event_name":"Masked Bandits","floor":21,"gold_loss":15},{"damage_healed":0,"gold_gain":0,"player_choice":"Obtained Book","damage_taken":16,"max_hp_gain":0,"max_hp_loss":0,"event_name":"Cursed Tome","floor":22,"gold_loss":0},{"damage_healed":0,"gold_gain":0,"player_choice":"Joined the Cult","damage_taken":6,"max_hp_gain":0,"max_hp_loss":0,"event_name":"Nest","floor":30,"gold_loss":0,"cards_obtained":["RitualDagger"]}],"is_beta":false,"boss_relics":[{"not_picked":["Lizard Tail","Philosopher\u0027s Stone"],"picked":"FrozenCore"}],"items_purged_floors":[],"is_endless":false,"potions_floor_spawned":[3,8,10,14,19,24],"killed_by":"Automaton","ascension_level":0}