{"gold_per_floor":[114,124,144,163,174,190,224,235,284,284,284,304,324,338,338,436,436,449,158,158],"floor_reached":20,"playtime":944,"items_purged":[],"score":264,"play_id":"17ae5183-9e29-4d43-a574-25a831b061e0","local_time":"20190506181414","is_ascension_mode":true,"campfire_choices":[{"floor":10,"key":"REST"},{"data":"Neutralize","floor":15,"key":"SMITH"}],"neow_cost":"NONE","seed_source_timestamp":1371242976544351,"circlet_count":0,"master_deck":["Defend_G","Defend_G","Defend_G","Defend_G","Defend_G","Strike_G","Strike_G","Strike_G","Strike_G","Strike_G","Survivor","Neutralize+1","Dodge and Roll","Deadly Poison","Poisoned Stab","Catalyst","Blade Dance","Slice","Wraith Form v2","Deflect","Deflect","Well Laid Plans","Bouncing Flask","Corpse Explosion","Deadly Poison","Crippling Poison"],"relics":["Ring of the Snake","FossilizedHelix","Tough Bandages","Snecko Eye","OrangePellets"],"potions_floor_usage":[7,7,18],"damage_taken":[{"damage":0,"enemies":"Cultist","floor":1,"turns":4},{"damage":9,"enemies":"Small Slimes","floor":2,"turns":4},{"damage":2,"enemies":"Jaw Worm","floor":3,"turns":5},{"damage":1,"enemies":"Blue Slaver","floor":4,"turns":4},{"damage":17,"enemies":"2 Fungi Beasts","floor":5,"turns":4},{"damage":3,"enemies":"Looter","floor":6,"turns":3},{"damage":38,"enemies":"Gremlin Nob","floor":7,"turns":5},{"damage":0,"enemies":"Blue Slaver","floor":8,"turns":3},{"damage":1,"enemies":"Exordium Wildlife","floor":12,"turns":4},{"damage":0,"enemies":"3 Louse","floor":13,"turns":5},{"damage":0,"enemies":"Looter","floor":14,"turns":4},{"damage":12,"enemies":"Slime Boss","floor":16,"turns":12},{"damage":10,"enemies":"Shell Parasite","floor":18,"turns":5},{"damage":0,"enemies":"3 Byrds","floor":20,"turns":1}],"seed_played":"833357133861777038","potions_obtained":[{"floor":4,"key":"Regen Potion"},{"floor":5,"key":"AttackPotion"},{"floor":6,"key":"Weak Potion"},{"floor":12,"key":"Fire Potion"},{"floor":14,"key":"Poison Potion"},{"floor":18,"key":"Weak Potion"}],"is_trial":false,"path_per_floor":["M","M","M","M","M","M","E","M","T","R","?","M","M","M","R","B",null,"M","$","M"],"character_chosen":"THE_SILENT","items_purchased":["OrangePellets","Crippling Poison"],"campfire_rested":1,"item_purchase_floors":[19,19],"current_hp_per_floor":[70,61,59,58,41,38,14,14,14,37,30,29,29,29,29,17,62,52,52,52],"gold":158,"neow_bonus":"TEN_PERCENT_HP_BONUS","is_prod":false,"is_daily":false,"chose_seed":false,"campfire_upgraded":1,"win_rate":0,"timestamp":1557180854,"path_taken":["M","?","M","M","M","M","E","M","T","R","?","M","M","M","R","BOSS","M","$","M"],"build_version":"2019-01-23","purchased_purges":0,"victory":false,"max_hp_per_floor":[77,77,77,77,77,77,77,77,77,77,77,77,77,77,77,77,77,77,77,77],"card_choices":[{"not_picked":["Acrobatics","Bane"],"picked":"Dodge and Roll","floor":1},{"not_picked":["Calculated Gamble","Concentrate"],"picked":"Deadly Poison","floor":2},{"not_picked":["Sucker Punch","Deflect"],"picked":"Poisoned Stab","floor":3},{"not_picked":["Setup","Choke"],"picked":"Catalyst","floor":4},{"not_picked":["Eviscerate","Choke"],"picked":"Blade Dance","floor":5},{"not_picked":["Acrobatics","Prepared"],"picked":"Slice","floor":6},{"not_picked":["Eviscerate","Storm of Steel"],"picked":"Wraith Form v2","floor":7},{"not_picked":["Masterful Stab","Acrobatics"],"picked":"Deflect","floor":8},{"not_picked":["Terror","Dagger Throw"],"picked":"Deflect","floor":12},{"not_picked":["Endless Agony","Eviscerate"],"picked":"Well Laid Plans","floor":13},{"not_picked":["Terror","Underhanded Strike"],"picked":"Bouncing Flask","floor":14},{"not_picked":["Tools of the Trade","Glass Knife"],"picked":"Corpse Explosion","floor":16},{"not_picked":["Deflect+1","Prepared"],"picked":"Deadly Poison","floor":18}],"player_experience":230149,"relics_obtained":[{"floor":7,"key":"FossilizedHelix"}],"event_choices":[{"damage_healed":0,"gold_gain":0,"player_choice":"Success","damage_taken":7,"relics_obtained":["Tough Bandages"],"max_hp_gain":0,"max_hp_loss":0,"event_name":"Scrap Ooze","floor":11,"gold_loss":0}],"is_beta":false,"boss_relics":[{"not_picked":["Velvet Choker","Runic Pyramid"],"picked":"Snecko Eye"}],"items_purged_floors":[],"is_endless":false,"potions_floor_spawned":[4,5,6,12,14,18],"killed_by":"3 Byrds","ascension_level":9}