{"gold_per_floor":[114,114,114,128,143,157,157,182,227,274,286,312,356,380,392,481,493,523,535,560,155,174,209,209,227,251,71,71,121,121,141,141,219,219,233,65,82,0,50,76,86,100,126,49,149,149,198,231,231,231],"floor_reached":51,"playtime":2274,"items_purged":["Writhe"],"score":1404,"play_id":"793ac9bf-2f69-46c3-8454-8faf1e43c445","local_time":"20190326205328","is_ascension_mode":true,"campfire_choices":[{"floor":7.0,"key":"REST"},{"data":"Buffer","floor":11.0,"key":"SMITH"},{"data":"Buffer","floor":15.0,"key":"SMITH"},{"floor":28.0,"key":"REST"},{"floor":30.0,"key":"REST"},{"floor":32.0,"key":"REST"},{"floor":46,"key":"REST"},{"floor":49,"key":"REST"}],"neow_cost":"NONE","seed_source_timestamp":0,"circlet_count":0,"master_deck":["AscendersBane","Strike_B","Strike_B","Strike_B","Strike_B","Defend_B","Defend_B","Defend_B","Defend_B","Zap","Dualcast","Go for the Eyes","Echo Form","Conserve Battery","Reinforced Body","Sunder","Buffer+1","Capacitor","Buffer+1","Beam Cell","Fission+1","Undo","Tempest","Defragment+1","Amplify","Bandage Up","Cold Snap+1","Storm+1","Mayhem+1","Cold Snap","Creative AI+1","Skim+1","Panache+1","White Noise","Storm+1","Capacitor+1","Static Discharge+1","Steam Power"],"special_seed":0,"relics":["Cracked Core","Blue Candle","MawBank","Boot","Gremlin Horn","Fusion Hammer","Frozen Egg 2","Thread and Needle","Art of War","Nuclear Battery","Red Mask","Meat on the Bone","Juzu Bracelet","Pocketwatch","Dead Branch","Oddly Smooth Stone"],"potions_floor_usage":[47,50],"damage_taken":[{"damage":3.0,"enemies":"2 Louse","floor":1.0,"turns":3.0},{"damage":0.0,"enemies":"Cultist","floor":4.0,"turns":4.0},{"damage":0.0,"enemies":"Jaw Worm","floor":5.0,"turns":4.0},{"damage":25.0,"enemies":"Gremlin Gang","floor":6.0,"turns":5.0},{"damage":14.0,"enemies":"3 Sentries","floor":8.0,"turns":7.0},{"damage":0.0,"enemies":"Lagavulin","floor":10.0,"turns":6.0},{"damage":0.0,"enemies":"2 Fungi Beasts","floor":12.0,"turns":3.0},{"damage":7.0,"enemies":"Gremlin Nob","floor":13.0,"turns":5.0},{"damage":2.0,"enemies":"Exordium Thugs","floor":14.0,"turns":5.0},{"damage":24.0,"enemies":"Hexaghost","floor":16.0,"turns":10.0},{"damage":15.0,"enemies":"2 Thieves","floor":18.0,"turns":5.0},{"damage":10.0,"enemies":"Shell Parasite","floor":20.0,"turns":9.0},{"damage":14.0,"enemies":"Cultist and Chosen","floor":22.0,"turns":10.0},{"damage":21.0,"enemies":"Slavers","floor":23.0,"turns":7.0},{"damage":0.0,"enemies":"Sentry and Sphere","floor":25.0,"turns":6.0},{"damage":0.0,"enemies":"Chosen and Byrds","floor":31.0,"turns":3.0},{"damage":20.0,"enemies":"Champ","floor":33.0,"turns":10.0},{"damage":0.0,"enemies":"Orb Walker","floor":35.0,"turns":4.0},{"damage":7.0,"enemies":"3 Shapes","floor":37.0,"turns":3.0},{"damage":0,"enemies":"Giant Head","floor":40,"turns":7},{"damage":0,"enemies":"Maw","floor":41,"turns":6},{"damage":47,"enemies":"4 Shapes","floor":42,"turns":4},{"damage":0,"enemies":"Mind Bloom Boss Battle","floor":45,"turns":4},{"damage":37,"enemies":"2 Orb Walkers","floor":47,"turns":4},{"damage":2,"enemies":"Nemesis","floor":48,"turns":5},{"damage":34,"enemies":"Awakened One","floor":50,"turns":7}],"seed_played":"-755098628871928409","potions_obtained":[{"floor":1.0,"key":"Poison Potion"},{"floor":6.0,"key":"Dexterity Potion"},{"floor":12.0,"key":"PowerPotion"},{"floor":14.0,"key":"SpeedPotion"},{"floor":22.0,"key":"FocusPotion"},{"floor":23.0,"key":"SpeedPotion"},{"floor":35.0,"key":"Fire Potion"}],"is_trial":false,"path_per_floor":["M","?","?","M","M","M","R","E","T","E","R","M","E","M","R","B",null,"M","?","M","$","M","E","?","M","T","$","R","?","R","M","R","B",null,"M","$","M","?","?","E","M","M","T","$","?","R","?","E","R","B",null],"character_chosen":"DEFECT","items_purchased":["Defragment+1","Amplify","AttackPotion","Bandage Up","Mayhem+1","Panache+1","Capacitor+1"],"campfire_rested":6,"item_purchase_floors":[21,21,21,21,27,36,44],"current_hp_per_floor":[68,68,68,68,68,43,66,52,52,52,52,52,45,43,43,19,63,48,48,38,38,28,11,11,15,15,15,38,38,61,69,78,58,73,77,77,74,74,67,75,78,43,43,43,43,66,45,47,70,40],"gold":231,"neow_bonus":"TEN_PERCENT_HP_BONUS","is_prod":false,"is_daily":false,"chose_seed":false,"campfire_upgraded":2,"win_rate":0,"timestamp":1553651608,"path_taken":["M","?","?","M","M","M","R","E","T","E","R","?","E","M","R","BOSS","M","?","M","$","M","E","?","?","T","$","R","?","R","M","R","BOSS","M","$","?","?","?","E","M","M","T","$","?","R","?","E","R","BOSS"],"build_version":"2019-01-23","purchased_purges":1,"victory":true,"max_hp_per_floor":[78,78,78,78,78,78,78,78,78,78,78,78,78,78,78,78,78,78,78,78,78,78,78,78,78,78,78,78,78,78,78,78,78,78,78,78,78,78,78,78,78,78,78,78,78,78,78,78,78,78],"card_choices":[{"not_picked":["Recycle","Force Field"],"picked":"Go for the Eyes","floor":1.0},{"not_picked":["Redo","Reprogram"],"picked":"Reinforced Body","floor":4.0},{"not_picked":["Conserve Battery","Go for the Eyes"],"picked":"Sunder","floor":5.0},{"not_picked":["Turbo","Barrage","Conserve Battery"],"picked":"SKIP","floor":6.0},{"not_picked":["Reprogram","Barrage","Go for the Eyes"],"picked":"SKIP","floor":8.0},{"not_picked":["Heatsinks","Streamline"],"picked":"Buffer","floor":10.0},{"not_picked":["Beam Cell","Turbo"],"picked":"Capacitor","floor":12.0},{"not_picked":["Reprogram","Sweeping Beam"],"picked":"Buffer","floor":13.0},{"not_picked":["Recycle","Genetic Algorithm"],"picked":"Beam Cell","floor":14.0},{"not_picked":["Meteor Strike","Reboot"],"picked":"Fission","floor":16.0},{"not_picked":["Turbo+1","Beam Cell"],"picked":"Undo","floor":18.0},{"not_picked":["Blizzard","Lockon"],"picked":"Tempest","floor":20.0},{"not_picked":["Beam Cell","Redo+1","Go for the Eyes"],"picked":"SKIP","floor":22.0},{"not_picked":["Beam Cell","FTL"],"picked":"Cold Snap+1","floor":23.0},{"not_picked":["Beam Cell","Gash"],"picked":"Storm+1","floor":25.0},{"not_picked":["Force Field","Auto Shields"],"picked":"Cold Snap","floor":31.0},{"not_picked":["Fission","Meteor Strike"],"picked":"Creative AI+1","floor":33.0},{"not_picked":["Turbo+1","Ball Lightning+1"],"picked":"Skim+1","floor":35.0},{"not_picked":["Recycle","Barrage+1","Turbo+1"],"picked":"SKIP","floor":37.0},{"not_picked":["Doom and Gloom","Core Surge"],"picked":"White Noise","floor":40},{"not_picked":["Steam","Rebound"],"picked":"Storm+1","floor":41},{"not_picked":["Streamline+1","Hologram","Reinforced Body"],"picked":"SKIP","floor":42},{"not_picked":["Redo+1","Scrape+1"],"picked":"Static Discharge+1","floor":45},{"not_picked":["Capacitor+1","Stack+1"],"picked":"Steam Power","floor":48}],"player_experience":1160908,"relics_obtained":[{"floor":8.0,"key":"Blue Candle"},{"floor":9.0,"key":"MawBank"},{"floor":10.0,"key":"Boot"},{"floor":13.0,"key":"Gremlin Horn"},{"floor":23.0,"key":"Thread and Needle"},{"floor":26.0,"key":"Art of War"},{"floor":40,"key":"Meat on the Bone"},{"floor":43,"key":"Juzu Bracelet"},{"floor":45,"key":"Pocketwatch"},{"floor":47,"key":"Dead Branch"},{"floor":48,"key":"Oddly Smooth Stone"}],"event_choices":[{"damage_healed":0.0,"max_hp_gain":0.0,"max_hp_loss":0.0,"gold_gain":0.0,"event_name":"Shining Light","player_choice":"Ignored","floor":2.0,"gold_loss":0.0,"damage_taken":0.0},{"damage_healed":0.0,"max_hp_gain":0.0,"max_hp_loss":0.0,"gold_gain":0.0,"event_name":"Match and Keep!","player_choice":"2 cards matched","floor":3.0,"gold_loss":0.0,"damage_taken":0.0,"cards_obtained":["Echo Form","Conserve Battery"]},{"damage_healed":0.0,"max_hp_gain":0.0,"max_hp_loss":0.0,"gold_gain":0.0,"event_name":"The Mausoleum","player_choice":"Opened","floor":19.0,"gold_loss":0.0,"damage_taken":0.0,"relics_obtained":["Frozen Egg 2"],"cards_obtained":["Writhe"]},{"damage_healed":0.0,"max_hp_gain":0.0,"max_hp_loss":0.0,"gold_gain":0.0,"event_name":"Upgrade Shrine","player_choice":"Upgraded","floor":24.0,"gold_loss":0.0,"damage_taken":0.0,"cards_upgraded":["Fission"]},{"damage_healed":0.0,"max_hp_gain":0.0,"max_hp_loss":0.0,"gold_gain":50.0,"event_name":"Golden Shrine","player_choice":"Pray","floor":29.0,"gold_loss":0.0,"damage_taken":0.0},{"damage_healed":0.0,"max_hp_gain":0.0,"max_hp_loss":0.0,"gold_gain":0.0,"event_name":"Tomb of Lord Red Mask","player_choice":"Paid","floor":38.0,"gold_loss":82.0,"damage_taken":0.0,"relics_obtained":["Red Mask"]},{"damage_healed":0,"gold_gain":50,"player_choice":"Touch","damage_taken":7,"max_hp_gain":0,"max_hp_loss":0,"event_name":"FaceTrader","floor":39,"gold_loss":0},{"damage_healed":0,"gold_gain":0,"player_choice":"Fight","damage_taken":0,"max_hp_gain":0,"max_hp_loss":0,"event_name":"MindBloom","floor":45,"gold_loss":0},{"damage_healed":0,"gold_gain":0,"player_choice":"Fight","damage_taken":0,"max_hp_gain":0,"max_hp_loss":0,"event_name":"Mysterious Sphere","floor":47,"gold_loss":0}],"is_beta":false,"boss_relics":[{"not_picked":["FrozenCore","Lizard Tail"],"picked":"Fusion Hammer"},{"not_picked":["Calling Bell","Orrery"],"picked":"Nuclear Battery"}],"items_purged_floors":[21],"is_endless":false,"potions_floor_spawned":[1,6,12,14,22,23,35,40,41],"ascension_level":15}