{"gold_per_floor":[216,226,242,517,103,130,145,145,171,201,213,300,312,367,379,489,501,529,666,85,109,24,24,60,78,101,101,140,140,140,173,173,264,264,283,297,172,228,246,284,308,308,308,308,328,367,367,400,400,400,400,400,400,46,46],"floor_reached":55,"playtime":3721,"items_purged":["Regret","Strike_G","Strike_G"],"score":2142,"play_id":"8ba0b168-1be6-431e-b337-d0f623ba13ba","local_time":"20190511183750","is_ascension_mode":true,"campfire_choices":[{"data":"Neutralize","floor":8,"key":"SMITH"},{"data":"Dash","floor":11,"key":"SMITH"},{"floor":15,"key":"REST"},{"data":"1","floor":23,"key":"LIFT"},{"data":"2","floor":27,"key":"LIFT"},{"floor":29,"key":"REST"},{"data":"3","floor":32,"key":"LIFT"},{"floor":42,"key":"REST"},{"floor":47,"key":"RECALL"},{"data":"Well Laid Plans","floor":49,"key":"SMITH"},{"floor":53,"key":"REST"}],"neow_cost":"NONE","seed_source_timestamp":377241372239211,"circlet_count":0,"master_deck":["AscendersBane","Defend_G","Defend_G","Defend_G","Defend_G","Defend_G","Strike_G","Strike_G","Survivor+1","Neutralize+1","Dash+1","Dagger Throw","Dagger Spray","Corpse Explosion+1","PiercingWail","Backflip","Predator","PiercingWail","Glass Knife","Dagger Spray","Backflip","Leg Sweep","Well Laid Plans+1","Skewer+1","Adrenaline","Footwork+1","Dodge and Roll","Blur","PiercingWail","Acrobatics","PiercingWail","Backflip","Night Terror","Well Laid Plans"],"relics":["Ring of the Snake","War Paint","PreservedInsect","MawBank","Golden Idol","Snake Skull","Philosopher\u0027s Stone","Girya","Sundial","Pen Nib","Regal Pillow","Blood Vial","Orichalcum","Oddly Smooth Stone","Bag of Marbles","Velvet Choker","Unceasing Top","Bronze Scales","Nunchaku","Shuriken","The Specimen"],"potions_floor_usage":[16,19,24,51,51,55],"damage_taken":[{"damage":10,"enemies":"Jaw Worm","floor":1,"turns":6},{"damage":3,"enemies":"Cultist","floor":2,"turns":4},{"damage":0,"enemies":"2 Louse","floor":3,"turns":2},{"damage":9,"enemies":"3 Sentries","floor":6,"turns":3},{"damage":0,"enemies":"Looter","floor":7,"turns":3},{"damage":1,"enemies":"Large Slime","floor":10,"turns":5},{"damage":7,"enemies":"Lagavulin","floor":14,"turns":7},{"damage":23,"enemies":"The Guardian","floor":16,"turns":11},{"damage":0,"enemies":"3 Byrds","floor":18,"turns":2},{"damage":0,"enemies":"Colosseum Slavers","floor":19,"turns":2},{"damage":8,"enemies":"Colosseum Nobs","floor":19,"turns":2},{"damage":5,"enemies":"Shell Parasite","floor":21,"turns":5},{"damage":4,"enemies":"Book of Stabbing","floor":24,"turns":4},{"damage":0,"enemies":"Snake Plant","floor":25,"turns":4},{"damage":24,"enemies":"Slavers","floor":28,"turns":2},{"damage":0,"enemies":"Gremlin Leader","floor":31,"turns":5},{"damage":14,"enemies":"Automaton","floor":33,"turns":6},{"damage":0,"enemies":"3 Darklings","floor":35,"turns":2},{"damage":0,"enemies":"3 Shapes","floor":36,"turns":6},{"damage":11,"enemies":"2 Orb Walkers","floor":38,"turns":2},{"damage":0,"enemies":"Sphere and 2 Shapes","floor":39,"turns":6},{"damage":35,"enemies":"Nemesis","floor":40,"turns":7},{"damage":0,"enemies":"Jaw Worm Horde","floor":41,"turns":4},{"damage":0,"enemies":"Writhing Mass","floor":45,"turns":7},{"damage":17,"enemies":"Giant Head","floor":46,"turns":7},{"damage":0,"enemies":"Reptomancer","floor":48,"turns":5},{"damage":5,"enemies":"Awakened One","floor":50,"turns":28},{"damage":35,"enemies":"Donu and Deca","floor":51,"turns":10},{"damage":70,"enemies":"Shield and Spear","floor":55,"turns":5}],"seed_played":"419959988321755714","potions_obtained":[{"floor":1,"key":"SpeedPotion"},{"floor":2,"key":"Energy Potion"},{"floor":3,"key":"SteroidPotion"},{"floor":16,"key":"Ancient Potion"},{"floor":19,"key":"AttackPotion"},{"floor":35,"key":"SpeedPotion"}],"is_trial":false,"path_per_floor":["M","M","M","?","$","E","M","R","T","M","R","?","?","E","R","B",null,"M","?","$","M","?","R","E","M","T","R","E","R","?","E","R","B",null,"M","M","$","?","M","E","M","R","T","?","M","E","R","E","R","B","B",null,"R","$","E"],"character_chosen":"THE_SILENT","items_purchased":["Corpse Explosion","War Paint","Pen Nib","Glass Knife","Regal Pillow","Ancient Potion","Night Terror","SkillPotion","Well Laid Plans"],"campfire_rested":4,"item_purchase_floors":[5,5,20,20,20,54,54,54,54],"current_hp_per_floor":[49,46,46,46,46,37,37,37,37,36,36,25,25,18,36,13,48,48,40,40,35,35,35,33,35,35,35,13,46,46,48,48,36,54,56,58,58,49,51,18,20,53,53,53,55,40,40,42,42,39,6,47,60,60,0],"gold":46,"neow_bonus":"HUNDRED_GOLD","is_prod":false,"is_daily":false,"chose_seed":false,"campfire_upgraded":3,"win_rate":0,"timestamp":1557625070,"path_taken":["M","M","M","?","$","E","?","R","T","M","R","?","?","E","R","BOSS","M","?","$","M","?","R","E","M","T","R","E","R","?","E","R","BOSS","M","M","$","?","M","E","M","R","T","?","M","E","R","E","R","BOSS","BOSS","R","$","E"],"build_version":"2019-05-07","purchased_purges":3,"victory":false,"max_hp_per_floor":[66,66,66,66,66,66,66,66,66,66,66,66,60,60,60,60,60,60,60,60,60,60,60,60,60,60,60,60,60,60,60,60,60,60,60,60,60,60,60,60,60,60,60,60,60,60,60,60,60,60,60,60,60,60,60],"card_choices":[{"not_picked":["Outmaneuver","PiercingWail"],"picked":"Dash","floor":1},{"not_picked":["Flechettes","Deadly Poison"],"picked":"Dagger Throw","floor":2},{"not_picked":["Blade Dance","Deflect"],"picked":"Dagger Spray","floor":3},{"not_picked":["Poisoned Stab","Prepared"],"picked":"PiercingWail","floor":6},{"not_picked":["Acrobatics","Escape Plan"],"picked":"Backflip","floor":7},{"not_picked":["Endless Agony","Dagger Throw","Reflex"],"picked":"SKIP","floor":10},{"not_picked":["Flechettes","Terror"],"picked":"Predator","floor":14},{"not_picked":["All Out Attack","Accuracy"],"picked":"PiercingWail","floor":18},{"not_picked":["All Out Attack","Prepared","Masterful Stab"],"picked":"SKIP","floor":21},{"not_picked":["Deadly Poison","Flechettes"],"picked":"Dagger Spray","floor":24},{"not_picked":["Underhanded Strike","Deadly Poison"],"picked":"Backflip","floor":25},{"not_picked":["Calculated Gamble+1","Flechettes"],"picked":"Leg Sweep","floor":28},{"not_picked":["Setup","Backflip"],"picked":"Skewer+1","floor":31},{"not_picked":["Tools of the Trade","Unload"],"picked":"Adrenaline","floor":33},{"not_picked":["Dash","Slice"],"picked":"Footwork+1","floor":35},{"not_picked":["Sucker Punch","Predator"],"picked":"Dodge and Roll","floor":36},{"not_picked":["Deflect","Sucker Punch"],"picked":"Blur","floor":38},{"not_picked":["Distraction","Dagger Throw","Bouncing Flask"],"picked":"SKIP","floor":39},{"not_picked":["Bouncing Flask","Doppelganger"],"picked":"PiercingWail","floor":40},{"not_picked":["Poisoned Stab","Cloak And Dagger+1","Reflex+1"],"picked":"SKIP","floor":41},{"not_picked":["Distraction","Outmaneuver+1"],"picked":"Acrobatics","floor":45},{"not_picked":["Dash+1","Skewer"],"picked":"PiercingWail","floor":46},{"not_picked":["Expertise","Poisoned Stab"],"picked":"Backflip","floor":48}],"player_experience":6380897,"relics_obtained":[{"floor":6,"key":"PreservedInsect"},{"floor":9,"key":"MawBank"},{"floor":14,"key":"Snake Skull"},{"floor":19,"key":"Girya"},{"floor":19,"key":"Sundial"},{"floor":24,"key":"Orichalcum"},{"floor":28,"key":"Oddly Smooth Stone"},{"floor":31,"key":"Bag of Marbles"},{"floor":38,"key":"Unceasing Top"},{"floor":40,"key":"Bronze Scales"},{"floor":43,"key":"Nunchaku"},{"floor":46,"key":"Shuriken"},{"floor":48,"key":"The Specimen"}],"event_choices":[{"damage_healed":0,"gold_gain":275,"player_choice":"Desecrate","damage_taken":0,"max_hp_gain":0,"max_hp_loss":0,"event_name":"Golden Shrine","floor":4,"gold_loss":0,"cards_obtained":["Regret"]},{"damage_healed":0,"gold_gain":75,"player_choice":"Gather Gold","damage_taken":11,"max_hp_gain":0,"max_hp_loss":0,"event_name":"World of Goop","floor":12,"gold_loss":0},{"damage_healed":0,"gold_gain":0,"player_choice":"Lose Max HP","damage_taken":0,"relics_obtained":["Golden Idol"],"max_hp_gain":0,"max_hp_loss":6,"event_name":"Golden Idol","floor":13,"gold_loss":0},{"damage_healed":0,"gold_gain":0,"player_choice":"Fight","damage_taken":0,"max_hp_gain":0,"max_hp_loss":0,"event_name":"Colosseum","floor":19,"gold_loss":0},{"damage_healed":0,"gold_gain":0,"player_choice":"Fought Nobs","damage_taken":0,"max_hp_gain":0,"max_hp_loss":0,"event_name":"Colosseum","floor":19,"gold_loss":0},{"damage_healed":0,"gold_gain":0,"player_choice":"Obtained Relic","damage_taken":0,"relics_obtained":["Blood Vial"],"max_hp_gain":0,"max_hp_loss":0,"event_name":"Addict","floor":22,"gold_loss":85},{"damage_healed":0,"gold_gain":0,"player_choice":"Read","damage_taken":0,"max_hp_gain":0,"max_hp_loss":0,"event_name":"The Library","floor":30,"gold_loss":0,"cards_obtained":["Well Laid Plans"]},{"damage_healed":0,"gold_gain":0,"player_choice":"Fight","damage_taken":0,"max_hp_gain":0,"max_hp_loss":0,"event_name":"Mysterious Sphere","floor":38,"gold_loss":0},{"cards_removed":["Strike_G"],"damage_healed":0,"gold_gain":0,"player_choice":"Removed Attack","damage_taken":0,"max_hp_gain":0,"max_hp_loss":0,"event_name":"Falling","floor":44,"gold_loss":0}],"is_beta":true,"boss_relics":[{"not_picked":["Empty Cage","HoveringKite"],"picked":"Philosopher\u0027s Stone"},{"not_picked":["Lizard Tail","Ring of the Serpent"],"picked":"Velvet Choker"}],"items_purged_floors":[5,20,37],"is_endless":false,"potions_floor_spawned":[1,2,3,10,16,19,19,35,36,40,46,48],"killed_by":"Shield and Spear","ascension_level":20}