{"gold_per_floor":[119,119,194,7,32,32,32,106,156,195,195,195,195,195,195,195],"floor_reached":16,"playtime":353,"items_purged":[],"score":252,"play_id":"fc3b3ea6-eb24-433b-869a-a5ab76e70b01","local_time":"20190304104836","is_ascension_mode":true,"campfire_choices":[{"data":"Dagger Spray","floor":6,"key":"SMITH"},{"floor":11,"key":"REST"},{"data":"Leg Sweep","floor":13,"key":"SMITH"},{"data":"Cloak And Dagger","floor":15,"key":"SMITH"}],"neow_cost":"NONE","seed_source_timestamp":451075265370234,"circlet_count":0,"master_deck":["AscendersBane","Defend_G","Defend_G","Defend_G","Defend_G","Defend_G","Strike_G","Strike_G","Strike_G","Strike_G","Strike_G","Survivor","Neutralize","Leg Sweep+1","Cloak And Dagger+1","Dagger Spray+1","Prepared","Catalyst"],"relics":["Ring of the Snake","NeowsBlessing","Golden Idol","Regal Pillow","Tiny Chest","Juzu Bracelet","WingedGreaves","CultistMask"],"potions_floor_usage":[16],"damage_taken":[{"damage":0,"enemies":"2 Louse","floor":1,"turns":1},{"damage":0,"enemies":"Small Slimes","floor":5,"turns":1},{"damage":0,"enemies":"Lagavulin","floor":8,"turns":1},{"damage":36,"enemies":"3 Sentries","floor":10,"turns":11},{"damage":48,"enemies":"Slime Boss","floor":16,"turns":10}],"seed_played":"-2117056390827505677","potions_obtained":[{"floor":8,"key":"Dexterity Potion"}],"is_trial":false,"path_per_floor":["M","?","?","$","M","R","$","E","T","E","R","?","R","?","R","B"],"character_chosen":"THE_SILENT","items_purchased":["Regal Pillow","Cloak And Dagger"],"campfire_rested":1,"item_purchase_floors":[4,4],"current_hp_per_floor":[59,59,48,48,48,48,48,48,48,12,45,50,50,50,50,2],"gold":195,"neow_bonus":"THREE_ENEMY_KILL","is_prod":false,"is_daily":false,"chose_seed":false,"campfire_upgraded":3,"win_rate":0,"timestamp":1551664116,"path_taken":["M","?","?","$","M","R","$","E","T","E","R","?","R","?","R","BOSS"],"build_version":"2019-01-23","purchased_purges":0,"victory":false,"max_hp_per_floor":[66,60,60,60,60,60,60,60,60,60,60,65,65,65,65,65],"card_choices":[{"not_picked":["Slice","Backstab"],"picked":"Leg Sweep","floor":1},{"not_picked":["Acrobatics","Prepared"],"picked":"Dagger Spray","floor":5},{"not_picked":["Bane","Cloak And Dagger"],"picked":"Prepared","floor":8},{"not_picked":["Dagger Throw","Slice"],"picked":"Catalyst","floor":10}],"player_experience":620934,"relics_obtained":[{"floor":8,"key":"Tiny Chest"},{"floor":9,"key":"Juzu Bracelet"},{"floor":10,"key":"WingedGreaves"}],"event_choices":[{"damage_healed":0,"gold_gain":0,"player_choice":"Lose Max HP","damage_taken":0,"relics_obtained":["Golden Idol"],"max_hp_gain":0,"max_hp_loss":6,"event_name":"Golden Idol","floor":2,"gold_loss":0},{"damage_healed":0,"gold_gain":75,"player_choice":"Gather Gold","damage_taken":11,"max_hp_gain":0,"max_hp_loss":0,"event_name":"World of Goop","floor":3,"gold_loss":0},{"damage_healed":0,"gold_gain":0,"player_choice":"Donut","damage_taken":0,"max_hp_gain":5,"max_hp_loss":0,"event_name":"Big Fish","floor":12,"gold_loss":0},{"damage_healed":0,"gold_gain":0,"player_choice":"Trade","damage_taken":0,"relics_obtained":["CultistMask"],"max_hp_gain":0,"max_hp_loss":0,"event_name":"FaceTrader","floor":14,"gold_loss":0}],"is_beta":false,"boss_relics":[],"items_purged_floors":[],"is_endless":false,"potions_floor_spawned":[8],"killed_by":"Slime Boss","ascension_level":19}