{"gold_per_floor":[368,37,112,112,126,159,159,193,193,193,193,204,204,222,222,222],"floor_reached":16,"playtime":708,"items_purged":[],"score":130,"play_id":"d73ddc37-33ae-40ac-9865-c6d4eb30fc27","local_time":"20181016221053","is_ascension_mode":true,"campfire_choices":[{"floor":7,"key":"REST"},{"data":"Rage","floor":10,"key":"SMITH"},{"data":"Heavy Blade","floor":13,"key":"SMITH"},{"data":"Body Slam","floor":15,"key":"SMITH"}],"neow_cost":"PERCENT_DAMAGE","seed_source_timestamp":42482320706414,"circlet_count":0,"master_deck":["Strike_R","Strike_R","Strike_R","Strike_R","Strike_R","Defend_R","Defend_R","Defend_R","Defend_R+1","Bash+1","Power Through","Rage+1","Shrug It Off","Wild Strike","Shockwave+1","Shrug It Off+1","Shrug It Off+1","Heavy Blade+1","Body Slam+1"],"relics":["Burning Blood","Sling","Toxic Egg 2","Gremlin Horn","Bronze Scales","Singing Bowl"],"potions_floor_usage":[16],"damage_taken":[{"damage":1,"enemies":"2 Louse","floor":1,"turns":3},{"damage":2,"enemies":"Small Slimes","floor":5,"turns":4},{"damage":24,"enemies":"3 Sentries","floor":6,"turns":8},{"damage":20,"enemies":"Lagavulin","floor":8,"turns":8},{"damage":0,"enemies":"Jaw Worm","floor":12,"turns":4},{"damage":0,"enemies":"Exordium Wildlife","floor":14,"turns":6},{"damage":42,"enemies":"Slime Boss","floor":16,"turns":7}],"seed_played":"4850203925025136910","potions_obtained":[{"floor":1,"key":"LiquidBronze"},{"floor":6,"key":"SmokeBomb"},{"floor":8,"key":"SkillPotion"}],"is_trial":false,"path_per_floor":["M","$","?","?","M","E","R","E","T","R","?","M","R","M","R"],"character_chosen":"IRONCLAD","items_purchased":["Sling","Rage","Shrug It Off","Wild Strike"],"campfire_rested":1,"item_purchase_floors":[2,2,2,2],"current_hp_per_floor":[61,61,50,50,54,36,60,46,46,46,30,36,36,42,42,0],"gold":222,"neow_bonus":"TWO_FIFTY_GOLD","is_prod":false,"is_daily":false,"chose_seed":false,"campfire_upgraded":3,"win_rate":0,"timestamp":1539720653,"path_taken":["M","$","?","?","?","E","R","E","T","R","?","M","R","M","R","BOSS"],"build_version":"2018-10-11","purchased_purges":0,"victory":false,"max_hp_per_floor":[80,80,80,80,80,80,80,80,80,80,80,80,80,80,80,80],"card_choices":[{"not_picked":["Corruption","Uppercut"],"picked":"Power Through","floor":1},{"not_picked":["Uppercut","Entrench+1"],"picked":"Shockwave+1","floor":5},{"not_picked":["Corruption","Clothesline"],"picked":"Shrug It Off+1","floor":6},{"not_picked":["Double Tap+1","Headbutt"],"picked":"Shrug It Off+1","floor":8},{"not_picked":["Pommel Strike","Shrug It Off+1"],"picked":"Heavy Blade","floor":12},{"not_picked":["Clash","Searing Blow"],"picked":"Body Slam","floor":14}],"player_experience":202436,"relics_obtained":[{"floor":6,"key":"Gremlin Horn"},{"floor":8,"key":"Bronze Scales"},{"floor":9,"key":"Singing Bowl"}],"event_choices":[{"event_name":"World of Goop","player_choice":"Gather Gold","floor":3,"damage_taken":0},{"event_name":"WeMeetAgain","player_choice":"Potion","floor":4,"damage_taken":0},{"event_name":"Shining Light","player_choice":"Entered Light","floor":11,"damage_taken":0}],"is_beta":false,"boss_relics":[],"items_purged_floors":[],"is_endless":false,"potions_floor_spawned":[1,6,8],"killed_by":"Slime Boss","ascension_level":4}