{"gold_per_floor":[218,218,90,90,100,100,125,145,145,155,172,172,19,34,34,133,133,153,28,39,39,52,52,65,65,65,65,65,78,78,91,91,91],"floor_reached":33,"playtime":3183,"items_purged":["Defend_G","Strike_G","Defend_G"],"score":261,"play_id":"41309255-6ca0-46b2-9dd9-ece2f5faf727","local_time":"20180927202411","is_ascension_mode":true,"campfire_choices":[{"data":"Neutralize","floor":6,"key":"SMITH"},{"data":"Noxious Fumes","floor":15,"key":"SMITH"},{"data":"PiercingWail","floor":23,"key":"SMITH"},{"data":"Dodge and Roll","floor":27,"key":"SMITH"},{"floor":32,"key":"REST"}],"neow_cost":"NONE","seed_source_timestamp":537126226404193,"circlet_count":0,"master_deck":["Defend_G","Defend_G","Defend_G","Strike_G","Strike_G","Survivor","Neutralize+1","Blur","Backflip","Die Die Die","Masterful Stab","Backflip","PiercingWail+1","Noxious Fumes+1","Dodge and Roll+1","PiercingWail+1","Die Die Die","All Out Attack","Dodge and Roll","Distraction+1","Poisoned Stab+1","Dodge and Roll"],"relics":["Ring of the Snake","Meat on the Bone","Pear","Empty Cage","Letter Opener"],"potions_floor_usage":[7,22],"damage_taken":[{"damage":11,"enemies":"Jaw Worm","floor":1,"turns":6},{"damage":2,"enemies":"Small Slimes","floor":5,"turns":3},{"damage":7,"enemies":"Gremlin Nob","floor":7,"turns":4},{"damage":0,"enemies":"Cultist","floor":8,"turns":3},{"damage":0,"enemies":"3 Louse","floor":10,"turns":3},{"damage":0,"enemies":"Lots of Slimes","floor":11,"turns":1},{"damage":2,"enemies":"Blue Slaver","floor":14,"turns":4},{"damage":6,"enemies":"The Guardian","floor":16,"turns":15},{"damage":7,"enemies":"Shell Parasite","floor":18,"turns":10},{"damage":7,"enemies":"2 Thieves","floor":20,"turns":4},{"damage":12,"enemies":"Centurion and Healer","floor":22,"turns":5},{"damage":17,"enemies":"3 Cultists","floor":24,"turns":5},{"damage":10,"enemies":"Snecko","floor":29,"turns":7},{"damage":12,"enemies":"Centurion and Healer","floor":31,"turns":11},{"damage":75,"enemies":"Automaton","floor":33,"turns":12}],"seed_played":"-2940781752746991414","potions_obtained":[{"floor":1,"key":"Block Potion"},{"floor":10,"key":"Explosive Potion"},{"floor":22,"key":"Strength Potion"},{"floor":29,"key":"SmokeBomb"},{"floor":31,"key":"SteroidPotion"}],"is_trial":false,"path_per_floor":["M","?","$","?","M","R","E","M","T","M","M","?","$","M","R","B",null,"M","$","M","?","M","R","M","?","T","R","?","M","?","M","R"],"character_chosen":"THE_SILENT","items_purchased":["Backflip","PiercingWail"],"campfire_rested":1,"item_purchase_floors":[3,13],"current_hp_per_floor":[59,59,59,59,57,57,50,50,60,60,60,60,60,58,58,52,80,73,73,66,66,54,54,49,49,49,49,49,51,51,51,75,0],"gold":91,"neow_bonus":"HUNDRED_GOLD","is_prod":false,"is_daily":false,"chose_seed":false,"campfire_upgraded":4,"win_rate":0,"timestamp":1538072651,"path_taken":["M","?","$","?","M","R","E","M","T","?","M","?","$","M","R","BOSS","M","$","M","?","M","R","M","?","T","R","?","M","?","M","R","BOSS"],"build_version":"2018-09-20","purchased_purges":3,"victory":false,"max_hp_per_floor":[70,70,70,70,70,70,70,70,80,80,80,80,80,80,80,80,80,80,80,80,80,80,80,80,80,80,80,80,80,80,80,80,80],"card_choices":[{"not_picked":["Flechettes","Flying Knee"],"picked":"Blur","floor":1},{"not_picked":["Dagger Spray","Finisher"],"picked":"Masterful Stab","floor":5},{"not_picked":["Calculated Gamble","Expertise"],"picked":"Backflip","floor":7},{"not_picked":["Eviscerate","Deadly Poison"],"picked":"PiercingWail","floor":8},{"not_picked":["Bouncing Flask","Corpse Explosion"],"picked":"Noxious Fumes","floor":10},{"not_picked":["Terror","Dagger Throw"],"picked":"Dodge and Roll","floor":11},{"not_picked":["Tactician","Underhanded Strike","Bane"],"picked":"SKIP","floor":14},{"not_picked":["Wraith Form v2","Envenom"],"picked":"Die Die Die","floor":16},{"not_picked":["Prepared","Infinite Blades+1"],"picked":"All Out Attack","floor":18},{"not_picked":["Bane","Blur"],"picked":"Dodge and Roll","floor":20},{"not_picked":["Choke","Cloak And Dagger"],"picked":"Distraction+1","floor":22},{"not_picked":["Dash","Tactician+1"],"picked":"Poisoned Stab+1","floor":24},{"not_picked":["Outmaneuver","Cloak And Dagger+1"],"picked":"Dodge and Roll","floor":29},{"not_picked":["Dagger Throw","After Image","Acrobatics"],"picked":"SKIP","floor":31}],"player_experience":49055,"relics_obtained":[{"floor":7,"key":"Meat on the Bone"},{"floor":9,"key":"Pear"},{"floor":26,"key":"Letter Opener"}],"event_choices":[{"event_name":"Golden Idol","player_choice":"Ignored","floor":2,"damage_taken":0},{"event_name":"Match and Keep!","player_choice":"1 cards matched","floor":4,"damage_taken":0},{"event_name":"The Woman in Blue","player_choice":"Bought 0 Potions","floor":12,"damage_taken":0},{"event_name":"Cursed Tome","player_choice":"Ignored","floor":21,"damage_taken":0},{"event_name":"Ghosts","player_choice":"Ignored","floor":25,"damage_taken":0},{"event_name":"Beggar","player_choice":"Ignored","floor":28,"damage_taken":0},{"event_name":"Upgrade Shrine","player_choice":"Upgraded","floor":30,"damage_taken":0}],"is_beta":false,"boss_relics":[{"not_picked":["Coffee Dripper","Philosopher\u0027s Stone"],"picked":"Empty Cage"}],"items_purged_floors":[3,13,19],"is_endless":false,"potions_floor_spawned":[1,10,22,29,31],"killed_by":"Automaton","ascension_level":1}