{"gold_per_floor":[117,217,392,402,16,45,120,152,222,222,5,5,18,53,53,155,155,172,155,254,269,269],"floor_reached":22,"playtime":1151,"items_purged":["Doubt","Strike_B"],"score":250,"play_id":"c217a7fe-adcf-4197-ad3a-24a98a2050e2","local_time":"20181008234809","is_ascension_mode":true,"campfire_choices":[{"data":"Defragment","floor":10,"key":"SMITH"},{"data":"Capacitor","floor":15,"key":"SMITH"}],"neow_cost":"NONE","seed_source_timestamp":791835452424290,"circlet_count":0,"master_deck":["Strike_B","Strike_B","Strike_B","Defend_B","Defend_B","Defend_B","Defend_B","Zap","Dualcast+1","Beam Cell","Glacier","Go for the Eyes","Cold Snap","Reinforced Body","Defragment+1","Capacitor+1","Stack+1","Leap+1","Rip and Tear","Rainbow+1","Redo+1","Static Discharge","Tempest+1","Conserve Battery+1","Conserve Battery+1"],"relics":["Cracked Core","Pear","Orichalcum","Boot","Toxic Egg 2","Pantograph","Orrery"],"potions_floor_usage":[14,19],"damage_taken":[{"damage":2,"enemies":"2 Louse","floor":1,"turns":2},{"damage":0,"enemies":"Cultist","floor":4,"turns":3},{"damage":18,"enemies":"3 Sentries","floor":6,"turns":10},{"damage":16,"enemies":"Lagavulin","floor":8,"turns":11},{"damage":0,"enemies":"Jaw Worm","floor":13,"turns":2},{"damage":0,"enemies":"3 Sentries","floor":14,"turns":11},{"damage":25,"enemies":"Hexaghost","floor":16,"turns":17},{"damage":24,"enemies":"3 Byrds","floor":18,"turns":4},{"damage":13,"enemies":"2 Thieves","floor":19,"turns":4},{"damage":40,"enemies":"Cultist and Chosen","floor":21,"turns":6},{"damage":15,"enemies":"3 Cultists","floor":22,"turns":3}],"seed_played":"7431316620040038245","potions_obtained":[{"floor":4,"key":"Block Potion"},{"floor":6,"key":"Block Potion"},{"floor":8,"key":"SteroidPotion"},{"floor":19,"key":"Ancient Potion"}],"is_trial":false,"path_per_floor":["M","?","?","M","$","E","?","E","T","R","$","$","M","E","R","B",null,"M","M","?","M"],"character_chosen":"DEFECT","items_purchased":["Go for the Eyes","Cold Snap","Pear","Capacitor","Stack+1"],"campfire_rested":0,"item_purchase_floors":[5,5,5,11,11],"current_hp_per_floor":[73,73,73,73,83,65,57,41,41,41,41,41,41,41,41,41,85,61,48,48,8,0],"gold":269,"neow_bonus":"UPGRADE_CARD","is_prod":false,"is_daily":false,"chose_seed":false,"campfire_upgraded":2,"win_rate":0,"timestamp":1539035289,"path_taken":["M","?","?","?","$","E","?","E","T","R","?","$","M","E","R","BOSS","M","M","?","?","M"],"build_version":"2018-10-04v2","purchased_purges":2,"victory":false,"max_hp_per_floor":[75,75,75,75,85,85,85,85,85,85,85,85,85,85,85,85,85,85,85,85,85,85],"card_choices":[{"not_picked":["Streamline","Recycle"],"picked":"Beam Cell","floor":1},{"not_picked":["White Noise","Tempest"],"picked":"Glacier","floor":4},{"not_picked":["Sweeping Beam","Recycle"],"picked":"Reinforced Body","floor":6},{"not_picked":["Stack","Blizzard"],"picked":"Defragment","floor":8},{"not_picked":["Coolheaded+1","Rebound"],"picked":"Leap+1","floor":13},{"not_picked":["Cold Snap","Buffer"],"picked":"Rip and Tear","floor":14},{"not_picked":["Fission+1","Meteor Strike"],"picked":"Rainbow+1","floor":16},{"not_picked":["Compile Driver","Rebound"],"picked":"Redo+1","floor":17},{"not_picked":["Sweeping Beam","Hologram+1"],"picked":"Static Discharge","floor":17},{"not_picked":["Loop","Reinforced Body+1"],"picked":"Tempest+1","floor":17},{"not_picked":["Double Energy+1","Barrage"],"picked":"Conserve Battery+1","floor":18},{"not_picked":["Hyperbeam","Fusion+1"],"picked":"Conserve Battery+1","floor":19},{"not_picked":["Streamline","Go for the Eyes","Coolheaded+1"],"picked":"SKIP","floor":21}],"player_experience":157139,"relics_obtained":[{"floor":6,"key":"Orichalcum"},{"floor":8,"key":"Boot"},{"floor":9,"key":"Toxic Egg 2"},{"floor":14,"key":"Pantograph"}],"event_choices":[{"event_name":"Golden Shrine","player_choice":"Pray","floor":2,"damage_taken":0},{"event_name":"Liars Game","player_choice":"agreed","floor":3,"damage_taken":0},{"event_name":"FaceTrader","player_choice":"Touch","floor":7,"damage_taken":0},{"event_name":"Nest","player_choice":"Stole From Cult","floor":20,"damage_taken":0}],"is_beta":false,"boss_relics":[{"not_picked":["Tiny House","Ectoplasm"],"picked":"Orrery"}],"items_purged_floors":[5,11],"is_endless":false,"potions_floor_spawned":[4,6,8,19],"killed_by":"3 Cultists","ascension_level":2}