{"gold_per_floor":[110,128,147,147,147,147,158,158,158,171,171,70,80,92,92,92],"floor_reached":16,"playtime":432,"items_purged":["Strike_B"],"score":179,"play_id":"114aa731-e225-48ca-a583-92322cb6e513","local_time":"20190215210958","is_ascension_mode":true,"campfire_choices":[{"data":"Barrage","floor":6,"key":"SMITH"},{"data":"Dualcast","floor":8,"key":"SMITH"},{"data":"Auto Shields","floor":11,"key":"SMITH"},{"data":"Defragment","floor":15,"key":"SMITH"}],"neow_cost":"NONE","seed_source_timestamp":2028549783849981,"circlet_count":0,"master_deck":["AscendersBane","Strike_B","Strike_B","Strike_B","Defend_B","Defend_B","Defend_B","Defend_B","Zap+1","Dualcast+1","Auto Shields+1","Sunder+1","Barrage+1","Hologram","Go for the Eyes","Defragment+1"],"relics":["Cracked Core","Ginger"],"potions_floor_usage":[13],"damage_taken":[{"damage":1,"enemies":"Jaw Worm","floor":1,"turns":3},{"damage":1,"enemies":"2 Louse","floor":2,"turns":3},{"damage":1,"enemies":"Cultist","floor":3,"turns":3},{"damage":8,"enemies":"Blue Slaver","floor":7,"turns":2},{"damage":8,"enemies":"Large Slime","floor":10,"turns":6},{"damage":1,"enemies":"Lots of Slimes","floor":13,"turns":3},{"damage":0,"enemies":"Exordium Wildlife","floor":14,"turns":3},{"damage":38,"enemies":"Slime Boss","floor":16,"turns":6}],"seed_played":"2249093185191839704","potions_obtained":[{"floor":3,"key":"LiquidBronze"},{"floor":7,"key":"Swift Potion"}],"is_trial":false,"path_per_floor":["M","M","M","?","?","R","M","R","T","M","R","$","M","M","R","B"],"character_chosen":"DEFECT","items_purchased":["Go for the Eyes"],"campfire_rested":0,"item_purchase_floors":[12],"current_hp_per_floor":[63,62,61,61,61,61,53,53,53,45,45,45,44,44,44,6],"gold":92,"neow_bonus":"THREE_CARDS","is_prod":false,"is_daily":false,"chose_seed":false,"campfire_upgraded":4,"win_rate":0,"timestamp":1550232598,"path_taken":["M","M","M","?","?","R","?","R","T","M","R","$","M","M","R","BOSS"],"build_version":"2019-01-23","purchased_purges":1,"victory":false,"max_hp_per_floor":[71,71,71,71,71,71,71,71,71,71,71,71,71,71,71,71],"card_choices":[{"not_picked":["Rip and Tear","Redo"],"picked":"Auto Shields","floor":0},{"not_picked":["Steam","Redo"],"picked":"Sunder","floor":1},{"not_picked":["Coolheaded","Steam"],"picked":"Barrage","floor":2},{"not_picked":["Beam Cell","Aggregate","Streamline"],"picked":"SKIP","floor":3},{"not_picked":["Cold Snap","Barrage"],"picked":"Hologram","floor":7},{"not_picked":["Gash","Stack","Recycle"],"picked":"SKIP","floor":10},{"not_picked":["Gash","Streamline","Hologram"],"picked":"SKIP","floor":13},{"not_picked":["Ball Lightning","Sunder"],"picked":"Defragment","floor":14}],"player_experience":543669,"relics_obtained":[{"floor":9,"key":"Ginger"}],"event_choices":[{"damage_healed":0,"gold_gain":0,"player_choice":"Grow","damage_taken":0,"max_hp_gain":0,"max_hp_loss":0,"event_name":"Living Wall","floor":4,"gold_loss":0,"cards_upgraded":["Zap"]},{"damage_healed":0,"gold_gain":0,"player_choice":"Upgraded","damage_taken":0,"max_hp_gain":0,"max_hp_loss":0,"event_name":"Upgrade Shrine","floor":5,"gold_loss":0,"cards_upgraded":["Sunder"]}],"is_beta":false,"boss_relics":[],"items_purged_floors":[12],"is_endless":false,"potions_floor_spawned":[3,7],"killed_by":"Slime Boss","ascension_level":18}