{"gold_per_floor":[110,160,177,190,205,205,225,253,279,304,184,184,201,212,212,212],"floor_reached":16,"playtime":805,"items_purged":["Strike_R"],"score":212,"play_id":"5a6b0902-0726-481f-9803-f357be9a2edf","local_time":"20190405125554","is_ascension_mode":true,"campfire_choices":[{"data":"Bash","floor":6,"key":"SMITH"},{"data":"True Grit","floor":12,"key":"SMITH"},{"data":"Uppercut","floor":15,"key":"SMITH"}],"neow_cost":"NONE","seed_source_timestamp":620365366873172,"circlet_count":0,"master_deck":["AscendersBane","Strike_R","Strike_R","Strike_R","Strike_R","Defend_R","Defend_R","Defend_R","Defend_R","Bash+1","Shockwave","Feel No Pain","True Grit+1","Dropkick","Twin Strike","Uppercut+1","Flame Barrier","Shrug It Off","Warcry"],"relics":["Burning Blood","Blood Vial","Art of War","MawBank"],"potions_floor_usage":[7,7,16,16],"damage_taken":[{"damage":20,"enemies":"Small Slimes","floor":1,"turns":4},{"damage":4,"enemies":"Cultist","floor":3,"turns":3},{"damage":8,"enemies":"2 Louse","floor":4,"turns":4},{"damage":19,"enemies":"Blue Slaver","floor":5,"turns":9},{"damage":11,"enemies":"Lots of Slimes","floor":7,"turns":7},{"damage":25,"enemies":"3 Sentries","floor":8,"turns":10},{"damage":1,"enemies":"Large Slime","floor":10,"turns":6},{"damage":4,"enemies":"Looter","floor":13,"turns":3},{"damage":23,"enemies":"Exordium Thugs","floor":14,"turns":6},{"damage":29,"enemies":"Hexaghost","floor":16,"turns":14}],"seed_played":"-492067468521436819","potions_obtained":[{"floor":1,"key":"Block Potion"},{"floor":3,"key":"Swift Potion"},{"floor":7,"key":"FearPotion"},{"floor":10,"key":"LiquidBronze"}],"is_trial":false,"path_per_floor":["M","?","M","M","M","R","M","E","T","M","$","R","M","M","R","B"],"character_chosen":"IRONCLAD","items_purchased":["Shrug It Off"],"campfire_rested":0,"item_purchase_floors":[11],"current_hp_per_floor":[56,56,60,60,49,49,46,29,29,36,36,36,40,25,25,0],"gold":212,"neow_bonus":"RANDOM_COMMON_RELIC","is_prod":false,"is_daily":false,"chose_seed":false,"campfire_upgraded":3,"win_rate":0,"timestamp":1554436554,"path_taken":["M","?","M","?","M","R","M","E","T","M","$","R","M","M","R","BOSS"],"build_version":"2019-01-23","purchased_purges":1,"victory":false,"max_hp_per_floor":[75,75,75,75,75,75,75,75,75,75,75,75,75,75,75,75],"card_choices":[{"not_picked":["Combust","Whirlwind"],"picked":"Shockwave","floor":1},{"not_picked":["Havoc","Pommel Strike"],"picked":"Feel No Pain","floor":3},{"not_picked":["Flex","Thunderclap"],"picked":"True Grit","floor":4},{"not_picked":["Perfected Strike","Juggernaut"],"picked":"Dropkick","floor":5},{"not_picked":["Heavy Blade","Flex"],"picked":"Twin Strike","floor":7},{"not_picked":["Pummel","Headbutt"],"picked":"Uppercut","floor":8},{"not_picked":["Cleave","Entrench"],"picked":"Flame Barrier","floor":10},{"not_picked":["Cleave","Armaments"],"picked":"Warcry","floor":13},{"not_picked":["Pommel Strike","Sever Soul","Iron Wave"],"picked":"SKIP","floor":14}],"player_experience":832974,"relics_obtained":[{"floor":8,"key":"Art of War"},{"floor":9,"key":"MawBank"}],"event_choices":[{"damage_healed":0,"gold_gain":50,"player_choice":"Pray","damage_taken":0,"max_hp_gain":0,"max_hp_loss":0,"event_name":"Golden Shrine","floor":2,"gold_loss":0}],"is_beta":false,"boss_relics":[],"items_purged_floors":[11],"is_endless":false,"potions_floor_spawned":[1,3,7,10,14],"killed_by":"Hexaghost","ascension_level":20}