{"gold_per_floor":[116,133,58,71,86,115,115,115,115,66,104,104,128,143,143,272,272,291,291,316,316,340,340,340,340,416,76,96,130,58,83,83,83],"floor_reached":33,"playtime":794,"items_purged":["Injury"],"score":277,"play_id":"4f8842ce-495b-4a3c-ae9a-0628a21f9354","local_time":"20190504165737","is_ascension_mode":false,"campfire_choices":[{"floor":7,"key":"REST"},{"data":"Immolate","floor":12,"key":"SMITH"},{"floor":15,"key":"REST"},{"floor":23,"key":"REST"},{"data":"Barricade","floor":25,"key":"SMITH"},{"floor":32,"key":"REST"}],"neow_cost":"CURSE","seed_source_timestamp":83421420216700,"circlet_count":0,"master_deck":["Strike_R","Strike_R","Strike_R","Strike_R","Defend_R","Defend_R","Defend_R","Defend_R","Bash","Juggernaut","Inflame","Corruption","Anger","Heavy Blade","Immolate+1","Sword Boomerang","Inflame","Barricade+1","Clothesline","Thunderclap","Reaper","Immolate+1","Anger+1"],"relics":["Burning Blood","Letter Opener","Golden Idol","Thread and Needle","WingedGreaves","Mark of Pain","Bottled Lightning","Strange Spoon","Vajra","Girya"],"potions_floor_usage":[11,16,18,29,29,29,31],"damage_taken":[{"damage":3,"enemies":"Small Slimes","floor":1,"turns":4},{"damage":13,"enemies":"Jaw Worm","floor":2,"turns":4},{"damage":5,"enemies":"Cultist","floor":4,"turns":4},{"damage":14,"enemies":"Blue Slaver","floor":5,"turns":4},{"damage":59,"enemies":"Lagavulin","floor":6,"turns":7},{"damage":2,"enemies":"Gremlin Nob","floor":11,"turns":3},{"damage":0,"enemies":"Looter","floor":13,"turns":3},{"damage":23,"enemies":"Lots of Slimes","floor":14,"turns":3},{"damage":20,"enemies":"Slime Boss","floor":16,"turns":7},{"damage":35,"enemies":"Shell Parasite","floor":18,"turns":6},{"damage":12,"enemies":"Spheric Guardian","floor":20,"turns":4},{"damage":23,"enemies":"Shelled Parasite and Fungi","floor":22,"turns":4},{"damage":6,"enemies":"Sentry and Sphere","floor":28,"turns":3},{"damage":33,"enemies":"Gremlin Leader","floor":29,"turns":5},{"damage":12,"enemies":"Snake Plant","floor":31,"turns":2},{"damage":87,"enemies":"Automaton","floor":33,"turns":6}],"seed_played":"-1530461492083888598","potions_obtained":[{"floor":1,"key":"EssenceOfSteel"},{"floor":4,"key":"Energy Potion"},{"floor":14,"key":"SkillPotion"},{"floor":18,"key":"SpeedPotion"},{"floor":28,"key":"Explosive Potion"}],"is_trial":false,"path_per_floor":["M","M","$","M","M","E","R","?","T","$","E","R","M","M","R","B",null,"M","?","M","?","M","R","?","R","T","$","M","E","$","M","R","B"],"character_chosen":"IRONCLAD","items_purchased":["Fire Potion","Strange Spoon","Vajra","Regen Potion"],"campfire_rested":4,"item_purchase_floors":[10,27,27,30],"current_hp_per_floor":[80,73,73,74,66,13,37,37,37,37,41,41,47,30,52,38,74,45,45,39,39,22,44,44,44,44,44,44,24,24,23,45,0],"gold":83,"neow_bonus":"THREE_RARE_CARDS","is_prod":false,"is_daily":false,"chose_seed":false,"campfire_upgraded":2,"win_rate":0,"timestamp":1557003457,"path_taken":["M","M","$","M","M","E","R","?","T","$","E","R","M","M","R","BOSS","M","?","?","?","M","R","?","R","T","$","M","E","$","?","R","BOSS"],"build_version":"2019-01-23","purchased_purges":1,"victory":false,"max_hp_per_floor":[80,80,80,80,80,80,80,74,74,74,74,74,74,74,74,74,74,74,74,74,74,74,74,74,74,74,74,74,74,74,74,74,74],"card_choices":[{"not_picked":["Berserk","Reaper"],"picked":"Juggernaut","floor":0},{"not_picked":["Warcry","Headbutt"],"picked":"Inflame","floor":1},{"not_picked":["Flex","Havoc"],"picked":"Corruption","floor":2},{"not_picked":["Armaments","Disarm"],"picked":"Anger","floor":4},{"not_picked":["Anger","Iron Wave"],"picked":"Heavy Blade","floor":5},{"not_picked":["Perfected Strike","Twin Strike"],"picked":"Immolate","floor":6},{"not_picked":["Evolve","Pommel Strike"],"picked":"Sword Boomerang","floor":11},{"not_picked":["Headbutt","Sword Boomerang"],"picked":"Inflame","floor":13},{"not_picked":["Havoc","Heavy Blade","Burning Pact"],"picked":"SKIP","floor":14},{"not_picked":["Exhume","Brutality"],"picked":"Barricade","floor":16},{"not_picked":["True Grit","Body Slam"],"picked":"Clothesline","floor":18},{"not_picked":["Flex","Blood for Blood"],"picked":"Thunderclap","floor":20},{"not_picked":["Clothesline","Cleave"],"picked":"Reaper","floor":22},{"not_picked":["Heavy Blade","Burning Pact+1","Thunderclap"],"picked":"SKIP","floor":28},{"not_picked":["Rage","Sever Soul"],"picked":"Anger+1","floor":29},{"not_picked":["Pommel Strike","Anger","Clash"],"picked":"SKIP","floor":31}],"player_experience":88542,"relics_obtained":[{"floor":6,"key":"Letter Opener"},{"floor":9,"key":"Thread and Needle"},{"floor":11,"key":"WingedGreaves"},{"floor":26,"key":"Bottled Lightning"},{"floor":29,"key":"Girya"}],"event_choices":[{"damage_healed":0,"gold_gain":0,"player_choice":"Lose Max HP","damage_taken":0,"relics_obtained":["Golden Idol"],"max_hp_gain":0,"max_hp_loss":6,"event_name":"Golden Idol","floor":8,"gold_loss":0},{"cards_removed":["Strike_R"],"damage_healed":0,"gold_gain":0,"player_choice":"Offered Basic","damage_taken":0,"max_hp_gain":0,"max_hp_loss":0,"event_name":"Bonfire Elementals","floor":19,"gold_loss":0},{"damage_healed":0,"gold_gain":0,"player_choice":"Ignored","damage_taken":0,"max_hp_gain":0,"max_hp_loss":0,"event_name":"Ghosts","floor":21,"gold_loss":0},{"damage_healed":0,"gold_gain":0,"player_choice":"Copied","damage_taken":0,"max_hp_gain":0,"max_hp_loss":0,"event_name":"Duplicator","floor":24,"gold_loss":0,"cards_obtained":["Immolate"]}],"is_beta":false,"boss_relics":[{"not_picked":["Philosopher\u0027s Stone","Orrery"],"picked":"Mark of Pain"}],"items_purged_floors":[3],"is_endless":false,"potions_floor_spawned":[1,4,14,18,28],"killed_by":"Automaton","ascension_level":0}