{"gold_per_floor":[216,20,40,40,40,40,70,81,81,108,283,283,64,74,74,74],"floor_reached":16,"playtime":1666,"items_purged":["Doubt"],"score":166,"play_id":"a902f098-6aa6-49c5-9768-f0c94c5ca8aa","local_time":"20181123005848","is_ascension_mode":true,"campfire_choices":[{"data":"Neutralize","floor":6.0,"key":"SMITH"},{"data":"Leg Sweep","floor":12.0,"key":"SMITH"},{"data":"Backstab","floor":15.0,"key":"SMITH"}],"neow_cost":"NONE","seed_source_timestamp":0,"circlet_count":0,"master_deck":["Defend_G","Defend_G","Defend_G","Defend_G","Defend_G","Strike_G+1","Strike_G","Strike_G","Strike_G","Strike_G","Survivor","Neutralize+1","Backstab+1","Backstab+1","Regret","Sucker Punch","Leg Sweep+1","Backflip"],"special_seed":0,"relics":["Ring of the Snake","DollysMirror","Anchor","Tingsha","Du-Vu Doll","Calipers","Whetstone"],"potions_floor_usage":[],"damage_taken":[{"damage":3.0,"enemies":"Jaw Worm","floor":1.0,"turns":7.0},{"damage":0.0,"enemies":"Cultist","floor":3.0,"turns":3.0},{"damage":0.0,"enemies":"Gremlin Nob","floor":7.0,"turns":2.0},{"damage":0.0,"enemies":"Small Slimes","floor":8.0,"turns":2.0},{"damage":11.0,"enemies":"Lagavulin","floor":10.0,"turns":5.0},{"damage":0.0,"enemies":"Blue Slaver","floor":14.0,"turns":3.0},{"damage":56,"enemies":"Slime Boss","floor":16,"turns":9}],"seed_played":"8073338312041903347","potions_obtained":[{"floor":1.0,"key":"AttackPotion"},{"floor":3.0,"key":"FearPotion"},{"floor":8.0,"key":"SteroidPotion"}],"is_trial":false,"path_per_floor":["M","$","M","?","T","R","E","M","T","E","?","R","$","M","R","B"],"character_chosen":"THE_SILENT","items_purchased":["DollysMirror","Whetstone"],"campfire_rested":0,"item_purchase_floors":[2,13],"current_hp_per_floor":[67,67,67,67,67,67,67,67,67,56,56,56,56,56,56,0],"gold":74,"neow_bonus":"HUNDRED_GOLD","is_prod":false,"is_daily":false,"chose_seed":false,"campfire_upgraded":3,"win_rate":0,"timestamp":1542956328,"path_taken":["M","$","M","?","?","R","E","?","T","E","?","R","$","M","R","BOSS"],"build_version":"2018-11-15","purchased_purges":1,"victory":false,"max_hp_per_floor":[70,70,70,70,70,70,70,70,70,70,70,70,70,70,70,70],"card_choices":[{"not_picked":["Riddle With Holes","Calculated Gamble"],"picked":"Backstab","floor":1.0},{"not_picked":["Acrobatics","Prepared","Poisoned Stab"],"picked":"SKIP","floor":3.0},{"not_picked":["Blade Dance","Bane","Skewer"],"picked":"SKIP","floor":7.0},{"not_picked":["Blade Dance","Bane"],"picked":"Sucker Punch","floor":8.0},{"not_picked":["Die Die Die","Cloak And Dagger"],"picked":"Leg Sweep","floor":10.0},{"not_picked":["Deflect","Outmaneuver"],"picked":"Backflip","floor":14.0}],"player_experience":242517,"relics_obtained":[{"floor":7.0,"key":"Tingsha"},{"floor":9.0,"key":"Du-Vu Doll"},{"floor":10.0,"key":"Calipers"}],"event_choices":[{"damage_healed":0.0,"max_hp_gain":0.0,"max_hp_loss":0.0,"gold_gain":0.0,"event_name":"Big Fish","player_choice":"Box","floor":4.0,"gold_loss":0.0,"damage_taken":0.0,"relics_obtained":["Anchor"],"cards_obtained":["Regret"]},{"damage_healed":0.0,"max_hp_gain":0.0,"max_hp_loss":0.0,"gold_gain":175.0,"event_name":"Liars Game","player_choice":"AGREE","floor":11.0,"gold_loss":0.0,"damage_taken":0.0,"cards_obtained":["Doubt"]}],"is_beta":false,"boss_relics":[],"items_purged_floors":[13],"is_endless":false,"potions_floor_spawned":[1,3,8],"killed_by":"Slime Boss","ascension_level":5}