{"gold_per_floor":[111,111,111,123,139,139,150,163,233,233,288,298,298,47,47,147,197,217,232,5,5,17,17,30,30,30,45,45,45,45,55,55,160,160,175,186,186,14,14,14,14,27,27,38,57,73,73],"floor_reached":47,"playtime":3846,"items_purged":["Strike_G","Strike_G","Defend_G"],"score":467,"play_id":"90be87e5-3b96-4b83-958f-bd00cb266485","local_time":"20180927220246","is_ascension_mode":true,"campfire_choices":[{"data":"Bane","floor":6,"key":"SMITH"},{"data":"Deadly Poison","floor":13,"key":"SMITH"},{"data":"Noxious Fumes","floor":15,"key":"SMITH"},{"data":"Footwork","floor":23,"key":"SMITH"},{"data":"Noxious Fumes","floor":25,"key":"SMITH"},{"data":"Corpse Explosion","floor":29,"key":"SMITH"},{"floor":32,"key":"REST"},{"floor":40,"key":"REST"}],"neow_cost":"NONE","seed_source_timestamp":542380043587010,"circlet_count":0,"master_deck":["Defend_G","Defend_G","Defend_G","Strike_G","Strike_G","Survivor","Neutralize+1","Bane+1","Dodge and Roll","Deflect","Deadly Poison+1","Poisoned Stab+1","Noxious Fumes+1","Dagger Spray","Noxious Fumes+1","Dodge and Roll","Backstab","Corpse Explosion+1","Blur","Backstab","Outmaneuver","PiercingWail","Footwork+1","Leg Sweep+1","PiercingWail","Catalyst+1","Outmaneuver","Adrenaline","Backstab+1","Footwork+1","Acrobatics","Prepared+1","Acrobatics+1","Backflip","Flying Knee"],"relics":["Ring of the Snake","Mercury Hourglass","Nunchaku","Tiny House","Question Card","WristBlade","Dodecahedron"],"potions_floor_usage":[16,19,31,31,36,46,47,47],"damage_taken":[{"damage":2,"enemies":"Cultist","floor":1,"turns":4},{"damage":1,"enemies":"2 Louse","floor":4,"turns":3},{"damage":0,"enemies":"Small Slimes","floor":5,"turns":3},{"damage":0,"enemies":"Blue Slaver","floor":7,"turns":4},{"damage":1,"enemies":"Lots of Slimes","floor":8,"turns":6},{"damage":0,"enemies":"Gremlin Nob","floor":11,"turns":3},{"damage":4,"enemies":"Gremlin Gang","floor":12,"turns":4},{"damage":2,"enemies":"Hexaghost","floor":16,"turns":8},{"damage":2,"enemies":"Chosen","floor":18,"turns":4},{"damage":0,"enemies":"2 Thieves","floor":19,"turns":2},{"damage":20,"enemies":"Chosen and Byrds","floor":22,"turns":5},{"damage":1,"enemies":"Snecko","floor":24,"turns":4},{"damage":3,"enemies":"Snake Plant","floor":27,"turns":4},{"damage":5,"enemies":"Shelled Parasite and Fungi","floor":31,"turns":5},{"damage":34,"enemies":"Champ","floor":33,"turns":13},{"damage":0,"enemies":"3 Shapes","floor":35,"turns":4},{"damage":33,"enemies":"3 Darklings","floor":36,"turns":3},{"damage":10,"enemies":"Reptomancer","floor":42,"turns":6},{"damage":30,"enemies":"Spire Growth","floor":44,"turns":5},{"damage":13,"enemies":"Maw","floor":45,"turns":8},{"damage":11,"enemies":"Transient","floor":46,"turns":5},{"damage":7,"enemies":"Reptomancer","floor":47,"turns":7}],"seed_played":"2951916692192032294","potions_obtained":[{"floor":4,"key":"Block Potion"},{"floor":5,"key":"EssenceOfSteel"},{"floor":8,"key":"Fruit Juice"},{"floor":16,"key":"EssenceOfSteel"},{"floor":24,"key":"Dexterity Potion"},{"floor":33,"key":"Fire Potion"},{"floor":42,"key":"SneckoOil"},{"floor":44,"key":"FearPotion"},{"floor":46,"key":"LiquidBronze"}],"is_trial":false,"path_per_floor":["M","?","?","M","M","R","M","M","T","?","?","M","R","$","R","B",null,"M","M","$","?","M","R","M","R","T","M","$","R","?","M","R","B",null,"M","M","?","$","?","R","$","M","T","M","M","M"],"character_chosen":"THE_SILENT","items_purchased":["Noxious Fumes","Dodge and Roll","Backstab","PiercingWail","Footwork","Acrobatics"],"campfire_rested":2,"item_purchase_floors":[14,14,14,20,20,38],"current_hp_per_floor":[68,61,61,60,60,60,60,59,59,59,59,55,55,55,55,53,75,73,73,73,73,53,53,52,52,52,49,49,49,49,44,66,32,75,75,47,47,47,47,71,71,61,61,31,18,7,0],"gold":73,"neow_bonus":"REMOVE_CARD","is_prod":false,"is_daily":false,"chose_seed":false,"campfire_upgraded":6,"win_rate":0,"timestamp":1538078566,"path_taken":["M","?","?","M","?","R","M","M","T","?","?","M","R","?","R","BOSS","M","M","$","?","M","R","M","R","T","M","$","R","?","M","R","BOSS","M","M","?","$","?","R","?","M","T","M","M","M","M"],"build_version":"2018-09-20","purchased_purges":3,"victory":false,"max_hp_per_floor":[70,70,70,70,70,70,70,70,70,70,70,70,70,70,70,70,75,75,75,75,75,75,75,75,75,75,75,75,75,75,75,75,75,75,75,80,80,80,80,80,80,80,80,80,80,80,80],"card_choices":[{"not_picked":["Prepared","Reflex"],"picked":"Bane","floor":1},{"not_picked":["Cloak And Dagger","Acrobatics"],"picked":"Dodge and Roll","floor":4},{"not_picked":["Blade Dance","Underhanded Strike"],"picked":"Deflect","floor":5},{"not_picked":["Choke","Slice"],"picked":"Deadly Poison","floor":7},{"not_picked":["Bane","Reflex"],"picked":"Poisoned Stab","floor":8},{"not_picked":["Flying Knee","Blade Dance"],"picked":"Noxious Fumes","floor":11},{"not_picked":["Slice","Underhanded Strike"],"picked":"Dagger Spray","floor":12},{"not_picked":["After Image","Glass Knife"],"picked":"Corpse Explosion","floor":16},{"not_picked":["Bouncing Flask","Dagger Spray"],"picked":"Blur","floor":17},{"not_picked":["Underhanded Strike","Prepared"],"picked":"Backstab","floor":18},{"not_picked":["Terror+1","Envenom"],"picked":"Outmaneuver","floor":19},{"not_picked":["Blade Dance","Calculated Gamble","Poisoned Stab"],"picked":"SKIP","floor":22},{"not_picked":["Underhanded Strike","Slice+1"],"picked":"Leg Sweep+1","floor":24},{"not_picked":["Finisher","Bane","Poisoned Stab"],"picked":"PiercingWail","floor":27},{"not_picked":["Corpse Explosion","Dodge and Roll","All Out Attack"],"picked":"Outmaneuver","floor":31},{"not_picked":["Corpse Explosion","Storm of Steel","Glass Knife"],"picked":"Adrenaline","floor":33},{"not_picked":["Poisoned Stab+1","Blur+1","Well Laid Plans"],"picked":"Backstab+1","floor":35},{"not_picked":["Sucker Punch+1","Acrobatics","Dodge and Roll"],"picked":"Footwork+1","floor":36},{"not_picked":["Bouncing Flask+1","Expertise","Deadly Poison"],"picked":"Prepared+1","floor":42},{"not_picked":["Poisoned Stab","Riddle With Holes","PiercingWail+1"],"picked":"Acrobatics+1","floor":44},{"not_picked":["Noxious Fumes+1","Cloak And Dagger+1","Prepared"],"picked":"Backflip","floor":45},{"not_picked":["Underhanded Strike","Finisher+1","Backflip"],"picked":"Flying Knee","floor":46}],"player_experience":54153,"relics_obtained":[{"floor":9,"key":"Mercury Hourglass"},{"floor":11,"key":"Nunchaku"},{"floor":26,"key":"Question Card"},{"floor":43,"key":"Dodecahedron"}],"event_choices":[{"event_name":"Golden Wing","player_choice":"Card Removal","floor":2,"damage_taken":0},{"event_name":"Upgrade Shrine","player_choice":"Upgraded","floor":3,"damage_taken":0},{"event_name":"Scrap Ooze","player_choice":"unsuccessful","floor":10,"damage_taken":0},{"event_name":"Dead Adventurer","player_choice":"Searched \u00271\u0027 times","floor":11,"damage_taken":0},{"event_name":"Cursed Tome","player_choice":"Ignored","floor":21,"damage_taken":0},{"event_name":"The Library","player_choice":"Read","floor":30,"damage_taken":0},{"event_name":"Accursed Blacksmith","player_choice":"Forge","floor":37,"damage_taken":0},{"event_name":"SensoryStone","player_choice":"Memory 1","floor":39,"damage_taken":0}],"is_beta":false,"boss_relics":[{"not_picked":["Coffee Dripper","Calling Bell"],"picked":"Tiny House"},{"not_picked":["Cursed Key","Velvet Choker"],"picked":"WristBlade"}],"items_purged_floors":[14,20,38],"is_endless":false,"potions_floor_spawned":[4,5,8,16,24,33,42,44,46],"killed_by":"Reptomancer","ascension_level":1}