{"gold_per_floor":[117,135,147,167,137,137,164,182,207,65,97,97,108,122,122,200,200,100,100,116,116,116],"floor_reached":22,"playtime":1069,"items_purged":[],"score":392,"play_id":"014d803c-d4a0-4234-a413-3440813680db","local_time":"20190505203312","is_ascension_mode":true,"campfire_choices":[{"data":"Consume","floor":6,"key":"SMITH"},{"data":"Undo","floor":12,"key":"SMITH"},{"floor":15,"key":"REST"}],"neow_cost":"NONE","seed_source_timestamp":573659513666700,"circlet_count":0,"master_deck":["AscendersBane","Strike_B","Strike_B","Defend_B","Defend_B","Defend_B","Defend_B","Zap","Dualcast","Loop","Sweeping Beam","Coolheaded","Consume+1","Conserve Battery","Capacitor","FTL","Hologram","Undo+1","Doom and Gloom","Creative AI","Gash+1","Doom and Gloom","Auto Shields"],"relics":["Cracked Core","Strawberry","Bag of Preparation","DataDisk","Busted Crown"],"potions_floor_usage":[4,7,8,11,16],"damage_taken":[{"damage":1,"enemies":"2 Louse","floor":1,"turns":3},{"damage":1,"enemies":"Cultist","floor":2,"turns":3},{"damage":14,"enemies":"Small Slimes","floor":3,"turns":3},{"damage":0,"enemies":"2 Fungi Beasts","floor":4,"turns":2},{"damage":21,"enemies":"Lagavulin","floor":7,"turns":6},{"damage":10,"enemies":"Looter","floor":8,"turns":4},{"damage":10,"enemies":"3 Sentries","floor":11,"turns":9},{"damage":8,"enemies":"Exordium Wildlife","floor":13,"turns":6},{"damage":2,"enemies":"Blue Slaver","floor":14,"turns":3},{"damage":6,"enemies":"Hexaghost","floor":16,"turns":7},{"damage":11,"enemies":"2 Thieves","floor":18,"turns":5},{"damage":42,"enemies":"Chosen","floor":20,"turns":6},{"damage":16,"enemies":"Sentry and Sphere","floor":22,"turns":3}],"seed_played":"1219670045733760994","potions_obtained":[{"floor":1,"key":"AttackPotion"},{"floor":4,"key":"FocusPotion"},{"floor":5,"key":"EntropicBrew"},{"floor":16,"key":"PowerPotion"}],"is_trial":false,"path_per_floor":["M","M","M","M","?","R","E","M","T","$","E","R","M","M","R","B",null,"M","?","M","?","M"],"character_chosen":"DEFECT","items_purchased":["FTL","Hologram"],"campfire_rested":1,"item_purchase_floors":[10,10],"current_hp_per_floor":[70,69,55,55,55,55,34,24,24,24,14,14,6,4,27,21,64,53,53,11,11,0],"gold":116,"neow_bonus":"RANDOM_COMMON_RELIC","is_prod":false,"is_daily":false,"chose_seed":false,"campfire_upgraded":2,"win_rate":0,"timestamp":1557055992,"path_taken":["M","M","M","M","?","R","E","M","T","$","E","R","?","M","R","BOSS","M","?","M","?","M"],"build_version":"2019-01-23","purchased_purges":0,"victory":false,"max_hp_per_floor":[78,78,78,78,78,78,78,78,78,78,78,78,78,78,78,78,78,78,78,78,78,78],"card_choices":[{"not_picked":["Scrape","Heatsinks"],"picked":"Loop","floor":1},{"not_picked":["Gash","Turbo"],"picked":"Sweeping Beam","floor":2},{"not_picked":["Leap","Hologram"],"picked":"Coolheaded","floor":3},{"not_picked":["Beam Cell","Compile Driver"],"picked":"Consume","floor":4},{"not_picked":["All For One","Reprogram"],"picked":"Conserve Battery","floor":7},{"not_picked":["Scrape","Beam Cell"],"picked":"Capacitor","floor":8},{"not_picked":["Steam","Redo"],"picked":"Undo","floor":11},{"not_picked":["Auto Shields","Recycle"],"picked":"Doom and Gloom","floor":13},{"not_picked":["Go for the Eyes","Hologram","Streamline"],"picked":"SKIP","floor":14},{"not_picked":["Machine Learning","Meteor Strike"],"picked":"Creative AI","floor":16},{"not_picked":["Beam Cell"],"picked":"SKIP","floor":18},{"not_picked":[],"picked":"Gash+1","floor":20}],"player_experience":1240407,"relics_obtained":[{"floor":9,"key":"Bag of Preparation"},{"floor":11,"key":"DataDisk"}],"event_choices":[{"damage_healed":0,"gold_gain":0,"player_choice":"Bought 2 Potions","damage_taken":0,"max_hp_gain":0,"max_hp_loss":0,"event_name":"The Woman in Blue","floor":5,"gold_loss":0},{"damage_healed":0,"gold_gain":0,"player_choice":"Ignored","damage_taken":0,"max_hp_gain":0,"max_hp_loss":0,"event_name":"Ghosts","floor":19,"gold_loss":0},{"damage_healed":0,"gold_gain":0,"cards_transformed":["Strike_B","Strike_B"],"player_choice":"Became Test Subject","damage_taken":0,"max_hp_gain":0,"max_hp_loss":0,"event_name":"Drug Dealer","floor":21,"gold_loss":0,"cards_obtained":["Doom and Gloom","Auto Shields"]}],"is_beta":false,"boss_relics":[{"not_picked":["Coffee Dripper","Snecko Eye"],"picked":"Busted Crown"}],"items_purged_floors":[],"is_endless":false,"potions_floor_spawned":[1,4,16],"killed_by":"Sentry and Sphere","ascension_level":20}