{"gold_per_floor":[118,129,129,148,423,451,451,465,491,508,508,519,546,556,556,654,654,668,15,15,30,30,30,50,50,101,113,113,130,30,44,44,143,143,143],"floor_reached":35,"playtime":2324,"items_purged":["Regret","Strike_B"],"score":501,"play_id":"71f8add0-c78f-4e15-b3d4-7115cc382720","local_time":"20190317221729","is_ascension_mode":true,"campfire_choices":[{"data":"Dualcast","floor":7,"key":"SMITH"},{"data":"Ball Lightning","floor":11,"key":"SMITH"},{"floor":15,"key":"REST"},{"data":"Defragment","floor":23,"key":"SMITH"},{"data":"Hologram","floor":25,"key":"SMITH"},{"data":"Turbo","floor":28,"key":"SMITH"},{"floor":32,"key":"REST"}],"neow_cost":"NONE","seed_source_timestamp":353133328827459,"circlet_count":0,"master_deck":["Strike_B","Strike_B","Strike_B","Defend_B","Defend_B","Defend_B","Defend_B","Zap+1","Dualcast+1","Ball Lightning+1","Conserve Battery","Glacier","Beam Cell","All For One","FTL+1","Echo Form","Gash","Steam","Reboot","Ball Lightning+1","Conserve Battery","Gash","Hologram+1","Steam","Glacier","Defragment+1","Cloak And Dagger","Prepared","Turbo+1","Leg Sweep","Barricade","Decay","Normality","Regret"],"relics":["Cracked Core","Oddly Smooth Stone","Bag of Preparation","Orrery","Calipers","PrismaticShard","Whetstone","Calling Bell","Ancient Tea Set","Blue Candle","FossilizedHelix"],"potions_floor_usage":[6,6,20,21,33],"damage_taken":[{"damage":7,"enemies":"2 Louse","floor":1,"turns":2},{"damage":0,"enemies":"Small Slimes","floor":2,"turns":2},{"damage":0,"enemies":"Cultist","floor":4,"turns":2},{"damage":15,"enemies":"Gremlin Nob","floor":6,"turns":3},{"damage":1,"enemies":"Lots of Slimes","floor":8,"turns":4},{"damage":6,"enemies":"3 Louse","floor":10,"turns":3},{"damage":10,"enemies":"2 Fungi Beasts","floor":12,"turns":3},{"damage":21,"enemies":"Lagavulin","floor":13,"turns":5},{"damage":2,"enemies":"Large Slime","floor":14,"turns":4},{"damage":28,"enemies":"Hexaghost","floor":16,"turns":11},{"damage":20,"enemies":"Shell Parasite","floor":18,"turns":4},{"damage":5,"enemies":"3 Byrds","floor":21,"turns":3},{"damage":0,"enemies":"Centurion and Healer","floor":24,"turns":6},{"damage":0,"enemies":"Shelled Parasite and Fungi","floor":27,"turns":6},{"damage":8,"enemies":"Snake Plant","floor":29,"turns":5},{"damage":8,"enemies":"Snecko","floor":31,"turns":4},{"damage":11,"enemies":"Champ","floor":33,"turns":8},{"damage":20,"enemies":"3 Shapes","floor":35,"turns":2}],"seed_played":"-1662683484030238476","potions_obtained":[{"floor":2,"key":"PowerPotion"},{"floor":4,"key":"Poison Potion"},{"floor":12,"key":"LiquidBronze"},{"floor":16,"key":"Weak Potion"},{"floor":20,"key":"Fruit Juice"},{"floor":20,"key":"Block Potion"},{"floor":20,"key":"EssenceOfSteel"},{"floor":21,"key":"Ancient Potion"},{"floor":29,"key":"LiquidBronze"}],"is_trial":false,"path_per_floor":["M","M","?","M","?","E","R","M","T","M","R","M","E","M","R","B",null,"M","$","?","M","$","R","M","R","T","M","R","M","$","M","R","B",null,"M"],"character_chosen":"DEFECT","items_purchased":["Calipers","Defragment","PrismaticShard"],"campfire_rested":2,"item_purchase_floors":[19,19,19],"current_hp_per_floor":[68,68,68,68,68,53,53,52,52,46,46,36,15,13,37,9,64,44,44,49,44,44,44,44,44,44,44,44,36,36,28,54,43,76,56],"gold":143,"neow_bonus":"TEN_PERCENT_HP_BONUS","is_prod":false,"is_daily":false,"chose_seed":false,"campfire_upgraded":5,"win_rate":0,"timestamp":1552875449,"path_taken":["M","M","?","M","?","E","R","M","T","M","R","M","E","M","R","BOSS","M","$","?","M","$","R","?","R","T","M","R","M","?","M","R","BOSS","M"],"build_version":"2019-01-23","purchased_purges":2,"victory":false,"max_hp_per_floor":[82,82,82,82,82,82,82,82,82,82,82,82,82,82,82,82,82,82,82,87,87,87,87,87,87,87,87,87,87,87,87,87,87,87,87],"card_choices":[{"not_picked":["Barrage","Streamline"],"picked":"Ball Lightning","floor":1},{"not_picked":["Leap","Barrage"],"picked":"Conserve Battery","floor":2},{"not_picked":["Gash","Turbo"],"picked":"Glacier","floor":4},{"not_picked":["Steam","Stack"],"picked":"Beam Cell","floor":6},{"not_picked":["Rebound","Rip and Tear"],"picked":"All For One","floor":8},{"not_picked":["Leap","Rebound"],"picked":"FTL","floor":10},{"not_picked":["Compile Driver","Sweeping Beam"],"picked":"Echo Form","floor":12},{"not_picked":["Beam Cell","Blizzard"],"picked":"Gash","floor":13},{"not_picked":["Loop","Go for the Eyes"],"picked":"Steam","floor":14},{"not_picked":["Rainbow","Multi-Cast"],"picked":"Reboot","floor":16},{"not_picked":["Melter","Barrage"],"picked":"Ball Lightning","floor":17},{"not_picked":["Aggregate","Force Field"],"picked":"Conserve Battery","floor":17},{"not_picked":["Loop","Barrage"],"picked":"Gash","floor":17},{"not_picked":["Streamline","White Noise"],"picked":"Hologram","floor":17},{"not_picked":["Self Repair","Sweeping Beam"],"picked":"Steam","floor":17},{"not_picked":["Self Repair+1","Coolheaded+1"],"picked":"Glacier","floor":18},{"not_picked":["Dagger Throw","Exhume"],"picked":"Cloak And Dagger","floor":21},{"not_picked":["Dodge and Roll+1","Streamline"],"picked":"Prepared","floor":24},{"not_picked":["Stack+1","Beam Cell"],"picked":"Turbo","floor":27},{"not_picked":["Thunderclap","Fusion"],"picked":"Leg Sweep","floor":29},{"not_picked":["Hemokinesis","Rampage","Heavy Blade+1"],"picked":"SKIP","floor":31},{"not_picked":["Transmutation","HandOfGreed"],"picked":"Barricade","floor":33}],"player_experience":176823,"relics_obtained":[{"floor":6,"key":"Oddly Smooth Stone"},{"floor":13,"key":"Bag of Preparation"},{"floor":26,"key":"Whetstone"},{"floor":34,"key":"Ancient Tea Set"},{"floor":34,"key":"Blue Candle"},{"floor":34,"key":"FossilizedHelix"}],"event_choices":[{"damage_healed":0,"gold_gain":0,"player_choice":"Grow","damage_taken":0,"max_hp_gain":0,"max_hp_loss":0,"event_name":"Living Wall","floor":3,"gold_loss":0,"cards_upgraded":["Zap"]},{"damage_healed":0,"gold_gain":275,"player_choice":"Desecrate","damage_taken":0,"max_hp_gain":0,"max_hp_loss":0,"event_name":"Golden Shrine","floor":5,"gold_loss":0,"cards_obtained":["Regret"]},{"damage_healed":0,"gold_gain":0,"player_choice":"Got Potions","damage_taken":0,"max_hp_gain":0,"max_hp_loss":0,"event_name":"Lab","floor":20,"gold_loss":0}],"is_beta":false,"boss_relics":[{"not_picked":["White Beast Statue","Tiny House"],"picked":"Orrery"},{"not_picked":["Coffee Dripper","FrozenCore"],"picked":"Calling Bell"}],"items_purged_floors":[19,30],"is_endless":false,"potions_floor_spawned":[2,4,12,16,21,29],"killed_by":"3 Shapes","ascension_level":7}