{"gold_per_floor":[367,382,41,59,59,59,89,164,164,49,49,49,67,82,82,156,156,175,18,18,30,40,40,52,52,75,90,101,101,1,30,30,103,103,115,133,147,127,137,137,92,124,174,274,149,162,162,162,162,162,162,162,162,162,162],"floor_reached":55,"playtime":4351,"items_purged":["Strike_B","Strike_B","Strike_B+1"],"score":1759,"play_id":"bc044901-a6c4-42e7-b127-d6fe7b7411ab","local_time":"20190420220202","is_ascension_mode":true,"campfire_choices":[{"data":"Apotheosis","floor":6.0,"key":"SMITH"},{"data":"Seek","floor":11.0,"key":"SMITH"},{"floor":15.0,"key":"REST"},{"data":"Defragment","floor":23.0,"key":"SMITH"},{"floor":29.0,"key":"REST"},{"floor":32.0,"key":"REST"},{"data":"Fission","floor":40.0,"key":"SMITH"},{"floor":47,"key":"RECALL"},{"data":"Seek","floor":49,"key":"SMITH"},{"data":"Coolheaded","floor":53,"key":"SMITH"}],"neow_cost":"PERCENT_DAMAGE","seed_source_timestamp":132020210682674,"circlet_count":0,"master_deck":["AscendersBane","Defend_B","Defend_B","Defend_B","Defend_B","Zap","Dualcast","Ball Lightning","Doom and Gloom","Ball Lightning","Cold Snap","Apotheosis+1","Capacitor","BootSequence","Seek+1","Loop","Sweeping Beam+1","Hologram","Coolheaded+1","Self Repair","Defragment+1","Conserve Battery","Force Field+1","Chill","Fission+1","Barrage","Cold Snap","Sunder","Seek+1","Double Energy","Tempest+1"],"special_seed":0,"relics":["Cracked Core","Torii","Kunai","Sozu","DataDisk","Whetstone","Bag of Preparation","Black Star","Bronze Scales","Pantograph","Ice Cream"],"potions_floor_usage":[],"damage_taken":[{"damage":0.0,"enemies":"2 Louse","floor":1.0,"turns":1.0},{"damage":0.0,"enemies":"Small Slimes","floor":2.0,"turns":2.0},{"damage":0.0,"enemies":"Cultist","floor":4.0,"turns":3.0},{"damage":12.0,"enemies":"Lagavulin","floor":7.0,"turns":6.0},{"damage":1.0,"enemies":"Looter","floor":13.0,"turns":3.0},{"damage":2.0,"enemies":"Exordium Thugs","floor":14.0,"turns":3.0},{"damage":2.0,"enemies":"The Guardian","floor":16.0,"turns":8.0},{"damage":20.0,"enemies":"Shell Parasite","floor":18.0,"turns":5.0},{"damage":0.0,"enemies":"Chosen","floor":21.0,"turns":3.0},{"damage":9.0,"enemies":"Centurion and Healer","floor":22.0,"turns":4.0},{"damage":0.0,"enemies":"3 Cultists","floor":24.0,"turns":3.0},{"damage":1.0,"enemies":"Chosen and Byrds","floor":27.0,"turns":4.0},{"damage":47.0,"enemies":"Cultist and Chosen","floor":28.0,"turns":5.0},{"damage":21.0,"enemies":"Slavers","floor":31.0,"turns":6.0},{"damage":45.0,"enemies":"Collector","floor":33.0,"turns":13.0},{"damage":3.0,"enemies":"Orb Walker","floor":35.0,"turns":5.0},{"damage":1.0,"enemies":"3 Shapes","floor":36.0,"turns":8.0},{"damage":1.0,"enemies":"3 Darklings","floor":37.0,"turns":4.0},{"damage":17.0,"enemies":"Jaw Worm Horde","floor":39.0,"turns":5.0},{"damage":44.0,"enemies":"Nemesis","floor":42.0,"turns":7.0},{"damage":0.0,"enemies":"Mind Bloom Boss Battle","floor":44.0,"turns":3.0},{"damage":0,"enemies":"Transient","floor":46,"turns":6},{"damage":13,"enemies":"Awakened One","floor":50,"turns":24},{"damage":43,"enemies":"Time Eater","floor":51,"turns":11},{"damage":60,"enemies":"Shield and Spear","floor":55,"turns":5}],"seed_played":"5435136258332990689","potions_obtained":[{"floor":1.0,"key":"Weak Potion"},{"floor":4.0,"key":"SteroidPotion"},{"floor":14.0,"key":"SneckoOil"}],"is_trial":false,"path_per_floor":["M","M","$","M","?","R","E","?","T","$","R","?","M","M","R","B",null,"M","$","?","M","M","R","M","?","T","M","M","R","$","E","R","B",null,"M","M","M","?","M","R","$","E","T","?","$","M","R","?","R","B","B",null,"R","$","E"],"character_chosen":"DEFECT","items_purchased":["Ball Lightning","Cold Snap","Apotheosis","Capacitor","Loop","DataDisk","Sunder"],"campfire_rested":3,"item_purchase_floors":[3,3,3,3,10,19,41],"current_hp_per_floor":[46,46,46,46,46,46,34,23,23,23,23,23,22,20,41,39,63,43,43,43,53,54,54,64,64,64,71,34,55,55,44,65,30,61,68,71,71,71,64,64,64,30,30,65,65,71,71,67,67,64,31,58,58,58,0],"gold":162,"neow_bonus":"TWO_FIFTY_GOLD","is_prod":false,"is_daily":false,"chose_seed":false,"campfire_upgraded":6,"win_rate":0,"timestamp":1555765322,"path_taken":["M","M","$","M","?","R","E","?","T","$","R","?","M","M","R","BOSS","M","$","?","M","M","R","M","?","T","?","M","R","?","E","R","BOSS","M","M","M","?","M","R","?","E","T","?","$","M","R","?","R","BOSS","BOSS","R","$","E"],"build_version":"2019-01-23","purchased_purges":3,"victory":false,"max_hp_per_floor":[71,71,71,71,71,71,71,71,71,71,71,71,71,71,71,71,71,71,71,71,71,71,71,71,71,71,71,71,71,71,71,71,71,71,71,71,71,71,71,71,71,71,71,71,71,71,71,67,67,67,67,67,67,67,67],"card_choices":[{"not_picked":["Loop","Coolheaded"],"picked":"Ball Lightning","floor":1.0},{"not_picked":["Beam Cell","Blizzard"],"picked":"Doom and Gloom","floor":2.0},{"not_picked":["Go for the Eyes","Aggregate"],"picked":"BootSequence","floor":4.0},{"not_picked":["Double Energy","Fusion"],"picked":"Seek","floor":7.0},{"not_picked":["Beam Cell","Redo"],"picked":"Sweeping Beam","floor":13.0},{"not_picked":["Compile Driver","Steam"],"picked":"Hologram","floor":14.0},{"not_picked":["Sweeping Beam","Steam+1"],"picked":"Coolheaded","floor":18.0},{"not_picked":["Turbo","Conserve Battery"],"picked":"Defragment","floor":21.0},{"not_picked":["Storm+1","Stack"],"picked":"Conserve Battery","floor":22.0},{"not_picked":["Steam Power","Ball Lightning","Skim"],"picked":"SKIP","floor":24.0},{"not_picked":["Gash","Static Discharge"],"picked":"Force Field+1","floor":27.0},{"not_picked":["Capacitor","Aggregate","Redo"],"picked":"SKIP","floor":28.0},{"not_picked":["Heatsinks+1","Skim"],"picked":"Chill","floor":31.0},{"not_picked":["All For One","Machine Learning"],"picked":"Fission","floor":33.0},{"not_picked":["Sunder","Storm"],"picked":"Barrage","floor":35.0},{"not_picked":["Fusion","Sweeping Beam"],"picked":"Cold Snap","floor":36.0},{"not_picked":["Coolheaded","Leap","BootSequence"],"picked":"SKIP","floor":37.0},{"not_picked":["Coolheaded","Leap","BootSequence"],"picked":"SKIP","floor":37.0},{"not_picked":["Stack","Rebound","Beam Cell"],"picked":"SKIP","floor":39.0},{"not_picked":["Go for the Eyes","Cold Snap+1"],"picked":"Seek","floor":42.0},{"not_picked":["Beam Cell","Hologram+1"],"picked":"Double Energy","floor":44.0},{"not_picked":["Conserve Battery","Melter"],"picked":"Tempest+1","floor":46}],"player_experience":1012303,"relics_obtained":[{"floor":7.0,"key":"Torii"},{"floor":9.0,"key":"Kunai"},{"floor":26.0,"key":"Whetstone"},{"floor":31.0,"key":"Bag of Preparation"},{"floor":42.0,"key":"Bronze Scales"},{"floor":42.0,"key":"Pantograph"},{"floor":44.0,"key":"Ice Cream"}],"event_choices":[{"damage_healed":0.0,"max_hp_gain":0.0,"max_hp_loss":0.0,"gold_gain":0.0,"event_name":"Shining Light","player_choice":"Ignored","floor":5.0,"gold_loss":0.0,"damage_taken":0.0},{"damage_healed":0.0,"max_hp_gain":0.0,"max_hp_loss":0.0,"gold_gain":75.0,"event_name":"World of Goop","player_choice":"Gather Gold","floor":8.0,"gold_loss":0.0,"damage_taken":11.0},{"cards_removed":["Strike_B"],"damage_healed":0.0,"max_hp_gain":0.0,"max_hp_loss":0.0,"gold_gain":0.0,"event_name":"Bonfire Elementals","player_choice":"Offered Basic","floor":12.0,"gold_loss":0.0,"damage_taken":0.0},{"damage_healed":0.0,"max_hp_gain":0.0,"max_hp_loss":0.0,"gold_gain":0.0,"event_name":"The Library","player_choice":"Read","floor":20.0,"gold_loss":0.0,"damage_taken":0.0,"cards_obtained":["Self Repair"]},{"damage_healed":0.0,"max_hp_gain":0.0,"max_hp_loss":0.0,"gold_gain":0.0,"event_name":"The Mausoleum","player_choice":"Ignored","floor":25.0,"gold_loss":0.0,"damage_taken":0.0},{"damage_healed":0.0,"max_hp_gain":0.0,"max_hp_loss":0.0,"gold_gain":0.0,"event_name":"The Woman in Blue","player_choice":"Bought 1 Potion","floor":38.0,"gold_loss":0.0,"damage_taken":0.0},{"damage_healed":0.0,"max_hp_gain":0.0,"max_hp_loss":0.0,"gold_gain":0.0,"event_name":"MindBloom","player_choice":"Fight","floor":44.0,"gold_loss":0.0,"damage_taken":0.0},{"damage_healed":0,"gold_gain":0,"player_choice":"Max HP","damage_taken":0,"max_hp_gain":0,"max_hp_loss":4,"event_name":"Winding Halls","floor":48,"gold_loss":0}],"is_beta":false,"boss_relics":[{"not_picked":["Orrery","Tiny House"],"picked":"Sozu"},{"not_picked":["Pandora\u0027s Box","Snecko Eye"],"picked":"Black Star"}],"items_purged_floors":[10,30,45],"is_endless":false,"potions_floor_spawned":[1,4,14,21,27,33,39,46],"killed_by":"Shield and Spear","ascension_level":20}