{"gold_per_floor":[109,62,79,79,11,11,38,54,80,80,80,100,130,55,55,151,151,169,45,45,45,62,89,89,103,103,103,203,231,330,347,347,452,452,468,479,354,354,370,370,330,350,374,403,415,415,126,143,143,143,143,143,109,140,140],"floor_reached":55,"playtime":2790,"items_purged":["Bash","Defend_R","Strike_R"],"score":693,"play_id":"27c4c3cb-0529-445f-a461-cdf032052af6","local_time":"20190512104601","is_ascension_mode":false,"campfire_choices":[{"data":"Cleave","floor":6.0,"key":"SMITH"},{"data":"Bash","floor":10.0,"key":"SMITH"},{"floor":15.0,"key":"REST"},{"floor":24.0,"key":"RECALL"},{"floor":27.0,"key":"REST"},{"floor":32.0,"key":"REST"},{"data":"Strike_R","floor":40.0,"key":"PURGE"},{"floor":46.0,"key":"REST"},{"data":"Strike_R","floor":49.0,"key":"PURGE"},{"data":"Strike_R","floor":52.0,"key":"PURGE"}],"neow_cost":"NONE","seed_source_timestamp":362462817604,"circlet_count":0,"master_deck":["Defend_R","Defend_R+1","Defend_R+1","Bash+1","Twin Strike","Thunderclap","Cleave+1","Rage+1","Rampage","Battle Trance","Impervious","Clash","Spot Weakness","Limit Break","Armaments","Clash","Pommel Strike+1","Hemokinesis+1","Flex","Blood for Blood","Immolate","Infernal Blade+1","Feed","Dark Shackles+1","Body Slam+1","Dropkick+1","Double Tap+1","Iron Wave+1","Power Through+1","Rage+1","Heavy Blade+1"],"special_seed":0,"relics":["Black Blood","Art of War","Ancient Tea Set","Nunchaku","Fusion Hammer","Torii","Pantograph","Peace Pipe","Toxic Egg 2","Ginger","War Paint","Incense Burner","Thread and Needle"],"potions_floor_usage":[55],"damage_taken":[{"damage":10.0,"enemies":"Small Slimes","floor":1.0,"turns":4.0},{"damage":6.0,"enemies":"Cultist","floor":3.0,"turns":3.0},{"damage":26.0,"enemies":"Lagavulin","floor":7.0,"turns":5.0},{"damage":11.0,"enemies":"Jaw Worm","floor":8.0,"turns":2.0},{"damage":0.0,"enemies":"Exordium Thugs","floor":12.0,"turns":3.0},{"damage":25.0,"enemies":"Gremlin Nob","floor":13.0,"turns":4.0},{"damage":37.0,"enemies":"Slime Boss","floor":16.0,"turns":9.0},{"damage":5.0,"enemies":"2 Thieves","floor":18.0,"turns":4.0},{"damage":0.0,"enemies":"Spheric Guardian","floor":22.0,"turns":4.0},{"damage":11.0,"enemies":"Slavers","floor":23.0,"turns":5.0},{"damage":21.0,"enemies":"3 Cultists","floor":25.0,"turns":6.0},{"damage":1.0,"enemies":"Colosseum Slavers","floor":28.0,"turns":2.0},{"damage":20.0,"enemies":"Colosseum Nobs","floor":28.0,"turns":4.0},{"damage":38.0,"enemies":"Book of Stabbing","floor":29.0,"turns":5.0},{"damage":12.0,"enemies":"Cultist and Chosen","floor":31.0,"turns":4.0},{"damage":34.0,"enemies":"Champ","floor":33.0,"turns":7.0},{"damage":15.0,"enemies":"Orb Walker","floor":35.0,"turns":3.0},{"damage":1.0,"enemies":"3 Darklings","floor":36.0,"turns":2.0},{"damage":20.0,"enemies":"Sphere and 2 Shapes","floor":39.0,"turns":4.0},{"damage":0.0,"enemies":"4 Shapes","floor":42.0,"turns":3.0},{"damage":68.0,"enemies":"Nemesis","floor":44.0,"turns":9.0},{"damage":3.0,"enemies":"Transient","floor":45.0,"turns":5.0},{"damage":36.0,"enemies":"Sphere and 2 Shapes","floor":48.0,"turns":5.0},{"damage":35.0,"enemies":"Donu and Deca","floor":50.0,"turns":8.0},{"damage":63,"enemies":"Shield and Spear","floor":54,"turns":10},{"damage":61,"enemies":"The Heart","floor":55,"turns":3}],"seed_played":"7090629740430930157","potions_obtained":[{"floor":1.0,"key":"Ancient Potion"},{"floor":7.0,"key":"SkillPotion"},{"floor":8.0,"key":"Energy Potion"},{"floor":23.0,"key":"SkillPotion"},{"floor":25.0,"key":"AttackPotion"},{"floor":31.0,"key":"SteroidPotion"},{"floor":35.0,"key":"Fire Potion"},{"floor":36.0,"key":"SteroidPotion"},{"floor":39.0,"key":"AttackPotion"},{"floor":42.0,"key":"Regen Potion"},{"floor":54,"key":"GamblersBrew"}],"is_trial":false,"path_per_floor":["M","$","M","?","$","R","E","M","T","R","?","M","E","$","R","B",null,"M","$","?","$","M","E","R","M","T","R","?","E","?","M","R","B",null,"M","M","$","?","M","R","?","M","T","E","M","R","$","M","R","B",null,"R","$","E","B"],"character_chosen":"IRONCLAD","items_purchased":["Cleave","Battle Trance","Clash","Incense Burner","Rage+1"],"campfire_rested":4,"item_purchase_floors":[2,5,19,47,53],"current_hp_per_floor":[76,76,76,76,76,76,56,51,51,51,51,57,38,38,62,31,80,80,80,80,80,80,75,75,60,60,80,66,34,34,28,52,49,80,78,83,83,83,73,73,73,83,83,25,47,71,71,48,48,51,89,89,89,36,0],"gold":140,"neow_bonus":"THREE_CARDS","is_prod":false,"is_daily":false,"chose_seed":false,"campfire_upgraded":2,"win_rate":0,"timestamp":1557625561,"path_taken":["M","$","M","?","?","R","E","M","T","R","?","?","E","?","R","BOSS","M","$","?","$","M","E","R","M","T","R","?","E","?","M","R","BOSS","M","M","$","?","M","R","?","M","T","E","M","R","$","M","R","BOSS","R","$","E","BOSS"],"build_version":"2019-01-23","purchased_purges":3,"victory":false,"max_hp_per_floor":[80,80,80,80,80,80,80,80,80,80,80,80,80,80,80,80,80,80,80,80,80,80,80,80,80,80,80,80,80,80,80,80,80,80,83,83,83,83,83,83,83,83,83,83,83,83,83,86,86,89,89,89,89,89,89],"card_choices":[{"not_picked":["Sword Boomerang","Headbutt"],"picked":"Twin Strike","floor":0.0},{"not_picked":["Intimidate","Blood for Blood"],"picked":"Thunderclap","floor":1.0},{"not_picked":["Flex","Heavy Blade"],"picked":"Rage","floor":3.0},{"not_picked":["Heavy Blade","Headbutt","Cleave"],"picked":"SKIP","floor":7.0},{"not_picked":["Heavy Blade","Dropkick","Corruption"],"picked":"SKIP","floor":8.0},{"not_picked":["Wild Strike","Flex"],"picked":"Clash","floor":12.0},{"not_picked":["Pummel","Infernal Blade"],"picked":"Spot Weakness","floor":13.0},{"not_picked":["Fiend Fire","Exhume"],"picked":"Limit Break","floor":16.0},{"not_picked":["Burning Pact+1","Headbutt"],"picked":"Armaments","floor":18.0},{"not_picked":["Metallicize","Anger"],"picked":"Pommel Strike+1","floor":22.0},{"not_picked":["Evolve+1","True Grit+1"],"picked":"Hemokinesis+1","floor":23.0},{"not_picked":["Second Wind+1","True Grit"],"picked":"Flex","floor":25.0},{"not_picked":["Body Slam","Rupture"],"picked":"Blood for Blood","floor":28.0},{"not_picked":["Sentinel+1","Havoc+1"],"picked":"Immolate","floor":29.0},{"not_picked":["Body Slam","Headbutt"],"picked":"Infernal Blade+1","floor":31.0},{"not_picked":["Reaper","Limit Break+1"],"picked":"Feed","floor":33.0},{"not_picked":["Pommel Strike","Battle Trance+1","Bloodletting+1"],"picked":"SKIP","floor":35.0},{"not_picked":["Searing Blow","Anger+1","Battle Trance+1"],"picked":"SKIP","floor":36.0},{"not_picked":["Flash of Steel","Metamorphosis+1"],"picked":"Dark Shackles+1","floor":38.0},{"not_picked":["Reckless Charge+1","Sword Boomerang+1"],"picked":"Body Slam+1","floor":39.0},{"not_picked":["Thunderclap","Anger"],"picked":"Dropkick+1","floor":42.0},{"not_picked":["Offering+1","Spot Weakness+1"],"picked":"Double Tap+1","floor":44.0},{"not_picked":["Warcry+1","Wild Strike+1"],"picked":"Iron Wave+1","floor":45.0},{"not_picked":["Body Slam+1","Seeing Red+1"],"picked":"Power Through+1","floor":48.0},{"not_picked":["Rampage","Warcry+1"],"picked":"Heavy Blade+1","floor":54}],"player_experience":770921,"relics_obtained":[{"floor":7.0,"key":"Art of War"},{"floor":9.0,"key":"Ancient Tea Set"},{"floor":13.0,"key":"Nunchaku"},{"floor":23.0,"key":"Torii"},{"floor":26.0,"key":"Pantograph"},{"floor":28.0,"key":"Peace Pipe"},{"floor":28.0,"key":"Toxic Egg 2"},{"floor":29.0,"key":"Ginger"},{"floor":44.0,"key":"War Paint"},{"floor":54,"key":"Thread and Needle"}],"event_choices":[{"damage_healed":0.0,"max_hp_gain":0.0,"max_hp_loss":0.0,"gold_gain":0.0,"cards_transformed":["Strike_R"],"event_name":"Transmorgrifier","player_choice":"Transformed","floor":4.0,"gold_loss":0.0,"damage_taken":0.0,"cards_obtained":["Rampage"]},{"damage_healed":0.0,"max_hp_gain":0.0,"max_hp_loss":0.0,"gold_gain":0.0,"event_name":"Match and Keep!","player_choice":"2 cards matched","floor":11.0,"gold_loss":0.0,"damage_taken":0.0,"cards_obtained":["Impervious","Bash"]},{"damage_healed":0.0,"max_hp_gain":0.0,"max_hp_loss":0.0,"gold_gain":0.0,"event_name":"Vampires","player_choice":"Ignored","floor":20.0,"gold_loss":0.0,"damage_taken":0.0},{"damage_healed":0.0,"max_hp_gain":0.0,"max_hp_loss":0.0,"gold_gain":0.0,"event_name":"Colosseum","player_choice":"Fight","floor":28.0,"gold_loss":0.0,"damage_taken":0.0},{"damage_healed":0.0,"max_hp_gain":0.0,"max_hp_loss":0.0,"gold_gain":0.0,"event_name":"Colosseum","player_choice":"Fought Nobs","floor":28.0,"gold_loss":0.0,"damage_taken":0.0},{"damage_healed":0.0,"max_hp_gain":0.0,"max_hp_loss":0.0,"gold_gain":99.0,"event_name":"Nest","player_choice":"Stole From Cult","floor":30.0,"gold_loss":0.0,"damage_taken":0.0},{"damage_healed":0.0,"max_hp_gain":0.0,"max_hp_loss":0.0,"gold_gain":0.0,"event_name":"SensoryStone","player_choice":"Memory 1","floor":38.0,"gold_loss":0.0,"damage_taken":0.0},{"damage_healed":0.0,"max_hp_gain":0.0,"max_hp_loss":0.0,"gold_gain":0.0,"event_name":"Designer","player_choice":"Upgrade","floor":41.0,"gold_loss":40.0,"damage_taken":0.0,"cards_upgraded":["Rage"]}],"is_beta":false,"boss_relics":[{"not_picked":["Tiny House","Snecko Eye"],"picked":"Fusion Hammer"},{"not_picked":["Coffee Dripper","White Beast Statue"],"picked":"Black Blood"}],"items_purged_floors":[14,19,37],"is_endless":false,"potions_floor_spawned":[1,7,8,12,22,23,25,31,35,36,39,42,54],"killed_by":"The Heart","ascension_level":0}