{"gold_per_floor":[119,133,149,36,36,36,68,68,68,68,78,90,104,124,124,200,200,217,236,236,216,236,236,236,141,141,65,65,77,89,100,100,100],"floor_reached":33,"playtime":1096,"items_purged":[],"score":502,"play_id":"84dc78a8-dad0-4eb6-aae0-e7b605cbd26b","local_time":"20190226022010","is_ascension_mode":true,"campfire_choices":[{"data":"Static Discharge","floor":6,"key":"SMITH"},{"data":"Sunder","floor":8,"key":"SMITH"},{"floor":15,"key":"REST"},{"data":"Zap","floor":23,"key":"SMITH"},{"floor":32,"key":"REST"}],"neow_cost":"NONE","seed_source_timestamp":2910495772602575,"circlet_count":0,"master_deck":["AscendersBane","Strike_B+1","Strike_B+1","Strike_B+1","Defend_B+1","Defend_B+1","Defend_B+1","Defend_B+1","Zap+1","Dualcast","Coolheaded","Steam","Melter","Sunder+1","Static Discharge+1","Hologram","Glacier","Doom and Gloom","Seek","Reboot","Ball Lightning","Blind","Defragment+1","Reprogram"],"relics":["Cracked Core","NeowsBlessing","Du-Vu Doll","Bag of Preparation","Pear","Velvet Choker","Frozen Egg 2"],"potions_floor_usage":[13,33,33],"damage_taken":[{"damage":0,"enemies":"Cultist","floor":1,"turns":1},{"damage":0,"enemies":"Jaw Worm","floor":2,"turns":1},{"damage":0,"enemies":"Small Slimes","floor":3,"turns":1},{"damage":20,"enemies":"3 Sentries","floor":7,"turns":5},{"damage":5,"enemies":"Exordium Thugs","floor":11,"turns":4},{"damage":5,"enemies":"Looter","floor":12,"turns":2},{"damage":4,"enemies":"Gremlin Gang","floor":13,"turns":3},{"damage":9,"enemies":"Exordium Wildlife","floor":14,"turns":3},{"damage":40,"enemies":"Slime Boss","floor":16,"turns":10},{"damage":0,"enemies":"Spheric Guardian","floor":18,"turns":1},{"damage":0,"enemies":"Chosen","floor":19,"turns":5},{"damage":11,"enemies":"3 Cultists","floor":22,"turns":4},{"damage":12,"enemies":"Cultist and Chosen","floor":29,"turns":6},{"damage":1,"enemies":"Snecko","floor":30,"turns":5},{"damage":23,"enemies":"Shelled Parasite and Fungi","floor":31,"turns":4},{"damage":46,"enemies":"Automaton","floor":33,"turns":8}],"seed_played":"4708596445133067304","potions_obtained":[{"floor":3,"key":"SpeedPotion"},{"floor":11,"key":"Strength Potion"},{"floor":14,"key":"Ancient Potion"},{"floor":29,"key":"AttackPotion"},{"floor":31,"key":"PowerPotion"}],"is_trial":false,"path_per_floor":["M","M","M","$","?","R","E","R","T","?","M","M","M","M","R","B",null,"M","M","?","?","M","R","?","$","T","$","?","M","M","M","R","B"],"character_chosen":"DEFECT","items_purchased":["Sunder","Static Discharge","Blind","Defragment+1"],"campfire_rested":2,"item_purchase_floors":[4,4,25,27],"current_hp_per_floor":[64,64,64,64,59,59,39,39,49,49,44,39,35,26,50,10,63,63,63,63,63,52,52,52,52,52,52,52,40,39,16,40,0],"gold":100,"neow_bonus":"THREE_ENEMY_KILL","is_prod":false,"is_daily":false,"chose_seed":false,"campfire_upgraded":3,"win_rate":0,"timestamp":1551115210,"path_taken":["M","?","M","?","?","R","E","R","T","?","M","M","?","M","R","BOSS","M","M","?","?","?","R","?","?","T","$","?","M","M","M","R","BOSS"],"build_version":"2019-01-23","purchased_purges":0,"victory":false,"max_hp_per_floor":[71,71,71,71,71,71,71,71,81,81,81,81,81,81,81,81,81,81,81,81,81,81,81,81,81,81,81,81,81,81,81,81,81],"card_choices":[{"not_picked":["Gash","Skim"],"picked":"Coolheaded","floor":1},{"not_picked":["Genetic Algorithm","Darkness"],"picked":"Steam","floor":2},{"not_picked":["Leap","Barrage"],"picked":"Melter","floor":3},{"not_picked":["Redo","Hyperbeam"],"picked":"Hologram","floor":7},{"not_picked":["Leap","Capacitor"],"picked":"Glacier","floor":11},{"not_picked":["Tempest","Compile Driver"],"picked":"Doom and Gloom","floor":12},{"not_picked":["Reprogram","Capacitor"],"picked":"Seek","floor":13},{"not_picked":["Barrage","Doom and Gloom","Hologram"],"picked":"SKIP","floor":14},{"not_picked":["Hyperbeam","Rainbow"],"picked":"Reboot","floor":16},{"not_picked":["Lockon","Gash","Steam"],"picked":"SKIP","floor":18},{"not_picked":["Go for the Eyes","Steam"],"picked":"Ball Lightning","floor":19},{"not_picked":["Stack","Beam Cell","Reboot"],"picked":"SKIP","floor":22},{"not_picked":["Coolheaded","Redo","Rebound+1"],"picked":"SKIP","floor":29},{"not_picked":["Coolheaded","Storm+1","Gash"],"picked":"SKIP","floor":30},{"not_picked":["Coolheaded","Compile Driver"],"picked":"Reprogram","floor":31}],"player_experience":587657,"relics_obtained":[{"floor":7,"key":"Bag of Preparation"},{"floor":9,"key":"Pear"},{"floor":26,"key":"Frozen Egg 2"}],"event_choices":[{"damage_healed":0,"gold_gain":0,"player_choice":"Success","damage_taken":5,"relics_obtained":["Du-Vu Doll"],"max_hp_gain":0,"max_hp_loss":0,"event_name":"Scrap Ooze","floor":5,"gold_loss":0},{"cards_removed":["Strike_B"],"damage_healed":0,"gold_gain":0,"player_choice":"Purged","damage_taken":0,"max_hp_gain":0,"max_hp_loss":0,"event_name":"Purifier","floor":10,"gold_loss":0},{"damage_healed":0,"gold_gain":0,"player_choice":"Ignored","damage_taken":0,"max_hp_gain":0,"max_hp_loss":0,"event_name":"Vampires","floor":20,"gold_loss":0},{"damage_healed":0,"gold_gain":0,"player_choice":"Bought 1 Potion","damage_taken":0,"max_hp_gain":0,"max_hp_loss":0,"event_name":"The Woman in Blue","floor":21,"gold_loss":0},{"damage_healed":0,"gold_gain":0,"player_choice":"Simplicity","damage_taken":0,"max_hp_gain":0,"max_hp_loss":0,"event_name":"Back to Basics","floor":24,"gold_loss":0,"cards_upgraded":["Strike_B","Strike_B","Strike_B","Defend_B","Defend_B","Defend_B","Defend_B"]},{"damage_healed":0,"gold_gain":0,"player_choice":"Ignored","damage_taken":0,"max_hp_gain":0,"max_hp_loss":0,"event_name":"The Mausoleum","floor":28,"gold_loss":0}],"is_beta":false,"boss_relics":[{"not_picked":["Astrolabe","Tiny House"],"picked":"Velvet Choker"}],"items_purged_floors":[],"is_endless":false,"potions_floor_spawned":[3,11,14,16,18,19,29,31],"killed_by":"Automaton","ascension_level":20}