{"gold_per_floor":[119,119,136,64,64,89,89,124,178,190,190,140,140,140,140,268,268,286,44,44,49,64,64,78,78,105,139,159,202,227,227],"floor_reached":31,"playtime":2398,"items_purged":[],"score":456,"play_id":"8cd736b6-0b67-48b1-adf6-5077ab75b13a","local_time":"20190416214725","is_ascension_mode":true,"campfire_choices":[{"data":"Noxious Fumes","floor":7,"key":"SMITH"},{"data":"Cloak And Dagger","floor":13,"key":"SMITH"},{"data":"Deflect","floor":15,"key":"SMITH"},{"data":"Predator","floor":23,"key":"SMITH"},{"data":"Cloak And Dagger","floor":25,"key":"SMITH"}],"neow_cost":"NONE","seed_source_timestamp":198592280340290,"circlet_count":0,"master_deck":["Defend_G","Defend_G","Defend_G","Defend_G","Defend_G","Strike_G","Strike_G","Strike_G","Strike_G","Strike_G","Survivor+1","Neutralize+1","Deflect+1","PiercingWail","Noxious Fumes+1","Deadly Poison+1","Cloak And Dagger+1","Dagger Throw","After Image","Acrobatics+1","Dagger Spray","Predator+1","Cloak And Dagger+1","Decay","Backstab+1","Cloak And Dagger","Accuracy+1","Cloak And Dagger+1"],"relics":["Ring of the Snake","NeowsBlessing","Vajra","Anchor","Golden Idol","Cursed Key","Paper Crane","Dream Catcher","War Paint","PreservedInsect"],"potions_floor_usage":[16,27,29],"damage_taken":[{"damage":0,"enemies":"Jaw Worm","floor":1,"turns":1},{"damage":0,"enemies":"2 Louse","floor":3,"turns":1},{"damage":0,"enemies":"Gremlin Nob","floor":6,"turns":1},{"damage":22,"enemies":"3 Sentries","floor":8,"turns":7},{"damage":4,"enemies":"Small Slimes","floor":10,"turns":4},{"damage":37,"enemies":"The Guardian","floor":16,"turns":10},{"damage":6,"enemies":"Shell Parasite","floor":18,"turns":5},{"damage":0,"enemies":"2 Thieves","floor":21,"turns":4},{"damage":0,"enemies":"Snake Plant","floor":22,"turns":5},{"damage":14,"enemies":"Sentry and Sphere","floor":24,"turns":6},{"damage":1,"enemies":"Gremlin Leader","floor":27,"turns":6},{"damage":19,"enemies":"3 Cultists","floor":28,"turns":5},{"damage":9,"enemies":"Slavers","floor":29,"turns":6},{"damage":8,"enemies":"Cultist and Chosen","floor":30,"turns":5},{"damage":1,"enemies":"Sentry and Sphere","floor":31,"turns":3}],"seed_played":"1483217239696556412","potions_obtained":[{"floor":3,"key":"SteroidPotion"},{"floor":16,"key":"GhostInAJar"},{"floor":18,"key":"Dexterity Potion"},{"floor":24,"key":"Ancient Potion"},{"floor":28,"key":"FearPotion"}],"is_trial":false,"path_per_floor":["M","$","M","$","?","E","R","E","T","M","?","?","R","?","R","B",null,"M","$","?","M","M","R","M","R","T","E","M","E","M","M"],"character_chosen":"THE_SILENT","items_purchased":["Noxious Fumes","Paper Crane"],"campfire_rested":0,"item_purchase_floors":[4,19],"current_hp_per_floor":[63,63,63,63,63,63,63,41,41,37,37,37,37,42,42,5,58,52,52,52,52,52,52,38,38,38,37,18,9,1,0],"gold":227,"neow_bonus":"THREE_ENEMY_KILL","is_prod":false,"is_daily":false,"chose_seed":false,"campfire_upgraded":5,"win_rate":0,"timestamp":1555465645,"path_taken":["M","$","M","$","?","E","R","E","T","M","?","?","R","?","R","BOSS","M","$","?","M","M","R","M","R","T","E","M","E","?","M"],"build_version":"2019-01-23","purchased_purges":0,"victory":false,"max_hp_per_floor":[70,70,70,70,70,70,70,70,70,70,70,70,70,75,75,75,75,75,75,75,75,75,75,75,75,75,75,75,75,75,75],"card_choices":[{"not_picked":["Predator","Underhanded Strike"],"picked":"Deflect","floor":1},{"not_picked":["Riddle With Holes","Outmaneuver"],"picked":"PiercingWail","floor":3},{"not_picked":["Outmaneuver","Dodge and Roll"],"picked":"Deadly Poison","floor":6},{"not_picked":["Masterful Stab","Quick Slash"],"picked":"Cloak And Dagger","floor":8},{"not_picked":["Grand Finale","Underhanded Strike"],"picked":"Dagger Throw","floor":10},{"not_picked":["Bullet Time","Night Terror"],"picked":"After Image","floor":16},{"not_picked":["Riddle With Holes","Poisoned Stab"],"picked":"Acrobatics","floor":18},{"not_picked":["Deadly Poison","Deflect"],"picked":"Dagger Spray","floor":21},{"not_picked":["Finisher","Infinite Blades"],"picked":"Predator","floor":22},{"not_picked":["Acrobatics","Dodge and Roll"],"picked":"Cloak And Dagger","floor":24},{"not_picked":["Poisoned Stab+1","Bane+1"],"picked":"Backstab+1","floor":27},{"not_picked":["Deadly Poison","Leg Sweep"],"picked":"Cloak And Dagger","floor":28},{"not_picked":["Distraction+1","Blade Dance+1"],"picked":"Accuracy+1","floor":29},{"not_picked":["Flying Knee+1","Tactician+1"],"picked":"Cloak And Dagger+1","floor":30}],"player_experience":192891,"relics_obtained":[{"floor":6,"key":"Vajra"},{"floor":8,"key":"Anchor"},{"floor":26,"key":"Dream Catcher"},{"floor":27,"key":"War Paint"},{"floor":29,"key":"PreservedInsect"}],"event_choices":[{"damage_healed":0,"gold_gain":0,"player_choice":"Grow","damage_taken":0,"max_hp_gain":0,"max_hp_loss":0,"event_name":"Living Wall","floor":5,"gold_loss":0,"cards_upgraded":["Neutralize"]},{"damage_healed":0,"gold_gain":0,"player_choice":"Take Wound","damage_taken":0,"relics_obtained":["Golden Idol"],"max_hp_gain":0,"max_hp_loss":0,"event_name":"Golden Idol","floor":11,"gold_loss":0,"cards_obtained":["Injury"]},{"cards_removed":["Injury"],"damage_healed":0,"gold_gain":0,"player_choice":"Card Removal","damage_taken":0,"max_hp_gain":0,"max_hp_loss":0,"event_name":"The Cleric","floor":12,"gold_loss":50},{"damage_healed":0,"gold_gain":0,"player_choice":"Donut","damage_taken":0,"max_hp_gain":5,"max_hp_loss":0,"event_name":"Big Fish","floor":14,"gold_loss":0},{"damage_healed":0,"gold_gain":0,"player_choice":"Forge","damage_taken":0,"max_hp_gain":0,"max_hp_loss":0,"event_name":"Accursed Blacksmith","floor":20,"gold_loss":0,"cards_upgraded":["Survivor"]}],"is_beta":false,"boss_relics":[{"not_picked":["Astrolabe","Eternal Feather"],"picked":"Cursed Key"}],"items_purged_floors":[],"is_endless":false,"potions_floor_spawned":[3,16,18,24,28],"killed_by":"Sentry and Sphere","ascension_level":8}