{"gold_per_floor":[114,130,1,1,1,1,30,46,99,24,35,47,47,147,147,251,251,265,88,100,100,100,133,133,166,218,218,238,268,268,19,19,19],"floor_reached":33,"playtime":1951,"items_purged":["Strike_G","Decay"],"score":527,"play_id":"f3fb7e15-8d61-431e-bcac-b6a5e3116c19","local_time":"20190322162939","is_ascension_mode":true,"campfire_choices":[{"data":"Accuracy","floor":6,"key":"SMITH"},{"data":"Footwork","floor":15,"key":"SMITH"},{"floor":27,"key":"REST"},{"floor":32,"key":"REST"}],"neow_cost":"NONE","seed_source_timestamp":515972660592940,"circlet_count":0,"master_deck":["AscendersBane","Defend_G+1","Defend_G+1","Defend_G+1","Defend_G+1","Defend_G+1","Strike_G+1","Strike_G+1","Strike_G+1","Strike_G+1","Survivor","Neutralize","Bouncing Flask","Accuracy+1","Blade Dance","Deflect","Footwork+1","Accuracy","Corpse Explosion","Deadly Poison","Noxious Fumes","Backflip","Dodge and Roll","Blade Dance","After Image","PiercingWail"],"relics":["Ring of the Serpent","NeowsBlessing","Mercury Hourglass","Kunai","Ninja Scroll","Ancient Tea Set","Bronze Scales","Du-Vu Doll","Juzu Bracelet","Paper Crane","Vajra"],"potions_floor_usage":[16,24,24,29,29,29,33],"damage_taken":[{"damage":0,"enemies":"Jaw Worm","floor":1,"turns":1},{"damage":0,"enemies":"Cultist","floor":2,"turns":1},{"damage":0,"enemies":"3 Sentries","floor":7,"turns":1},{"damage":0,"enemies":"Small Slimes","floor":8,"turns":1},{"damage":0,"enemies":"Looter","floor":11,"turns":2},{"damage":5,"enemies":"Gremlin Gang","floor":12,"turns":4},{"damage":10,"enemies":"Hexaghost","floor":16,"turns":11},{"damage":15,"enemies":"2 Thieves","floor":18,"turns":3},{"damage":0,"enemies":"3 Byrds","floor":20,"turns":2},{"damage":1,"enemies":"Gremlin Leader","floor":23,"turns":8},{"damage":0,"enemies":"Colosseum Slavers","floor":24,"turns":4},{"damage":37,"enemies":"Slavers","floor":25,"turns":4},{"damage":11,"enemies":"Snake Plant","floor":28,"turns":5},{"damage":10,"enemies":"Gremlin Leader","floor":29,"turns":5},{"damage":42,"enemies":"Champ","floor":33,"turns":10}],"seed_played":"-2491573170927328017","potions_obtained":[{"floor":11,"key":"Poison Potion"},{"floor":12,"key":"AttackPotion"},{"floor":18,"key":"Block Potion"},{"floor":20,"key":"AttackPotion"},{"floor":25,"key":"Poison Potion"},{"floor":28,"key":"SkillPotion"},{"floor":29,"key":"SneckoOil"}],"is_trial":false,"path_per_floor":["M","M","$","?","T","R","E","M","T","$","M","M","?","?","R","B",null,"M","$","M","?","?","E","?","E","T","R","M","E","?","$","R","B"],"character_chosen":"THE_SILENT","items_purchased":["Accuracy","Blade Dance","Footwork","Noxious Fumes","Backflip","Vajra"],"campfire_rested":2,"item_purchase_floors":[3,3,10,19,19,31],"current_hp_per_floor":[63,63,63,60,60,60,60,60,60,60,60,55,60,60,60,50,69,54,54,54,54,54,53,53,16,16,38,27,17,17,17,39,0],"gold":19,"neow_bonus":"THREE_ENEMY_KILL","is_prod":false,"is_daily":false,"chose_seed":false,"campfire_upgraded":2,"win_rate":0,"timestamp":1553268579,"path_taken":["M","M","$","?","?","R","E","M","T","$","?","M","?","?","R","BOSS","M","$","?","?","?","E","?","E","T","R","M","E","?","$","R","BOSS"],"build_version":"2019-01-23","purchased_purges":2,"victory":false,"max_hp_per_floor":[70,70,70,70,70,70,70,70,70,70,70,70,75,75,75,75,75,75,75,75,75,75,75,75,75,75,75,75,75,75,75,75,75],"card_choices":[{"not_picked":["Bane","Acrobatics","Heel Hook"],"picked":"SKIP","floor":1},{"not_picked":["Blade Dance","Acrobatics"],"picked":"Bouncing Flask","floor":2},{"not_picked":["Flying Knee","Adrenaline"],"picked":"Deflect","floor":7},{"not_picked":["All Out Attack","Dagger Spray","Concentrate"],"picked":"SKIP","floor":8},{"not_picked":["Underhanded Strike","Dash"],"picked":"Accuracy","floor":11},{"not_picked":["Quick Slash","Dagger Throw","Outmaneuver"],"picked":"SKIP","floor":12},{"not_picked":["Malaise","Storm of Steel"],"picked":"Corpse Explosion","floor":16},{"not_picked":["Endless Agony","Flechettes"],"picked":"Deadly Poison","floor":18},{"not_picked":["Dagger Spray","Dagger Throw"],"picked":"Dodge and Roll","floor":20},{"not_picked":["Flying Knee","Quick Slash","Tactician"],"picked":"SKIP","floor":23},{"not_picked":["Endless Agony","Cloak And Dagger"],"picked":"After Image","floor":25},{"not_picked":["Flying Knee+1","Eviscerate","Slice"],"picked":"SKIP","floor":28},{"not_picked":["Poisoned Stab+1","Acrobatics"],"picked":"PiercingWail","floor":29}],"player_experience":345573,"relics_obtained":[{"floor":5,"key":"Kunai"},{"floor":7,"key":"Ninja Scroll"},{"floor":9,"key":"Ancient Tea Set"},{"floor":23,"key":"Bronze Scales"},{"floor":25,"key":"Du-Vu Doll"},{"floor":26,"key":"Juzu Bracelet"},{"floor":29,"key":"Paper Crane"}],"event_choices":[{"damage_healed":0,"gold_gain":0,"player_choice":"Success","damage_taken":3,"relics_obtained":["Mercury Hourglass"],"max_hp_gain":0,"max_hp_loss":0,"event_name":"Scrap Ooze","floor":4,"gold_loss":0},{"damage_healed":0,"gold_gain":0,"player_choice":"Donut","damage_taken":0,"max_hp_gain":5,"max_hp_loss":0,"event_name":"Big Fish","floor":13,"gold_loss":0},{"damage_healed":0,"gold_gain":100,"player_choice":"Gold","damage_taken":0,"max_hp_gain":0,"max_hp_loss":0,"event_name":"Wheel of Change","floor":14,"gold_loss":0},{"damage_healed":0,"gold_gain":0,"player_choice":"Simplicity","damage_taken":0,"max_hp_gain":0,"max_hp_loss":0,"event_name":"Back to Basics","floor":21,"gold_loss":0,"cards_upgraded":["Defend_G","Defend_G","Defend_G","Defend_G","Defend_G","Strike_G","Strike_G","Strike_G","Strike_G"]},{"damage_healed":0,"gold_gain":0,"player_choice":"Read","damage_taken":0,"max_hp_gain":0,"max_hp_loss":0,"event_name":"The Library","floor":22,"gold_loss":0,"cards_obtained":["Blade Dance"]},{"damage_healed":0,"gold_gain":0,"player_choice":"Fight","damage_taken":0,"max_hp_gain":0,"max_hp_loss":0,"event_name":"Colosseum","floor":24,"gold_loss":0},{"damage_healed":0,"gold_gain":0,"player_choice":"Fled From Nobs","damage_taken":0,"max_hp_gain":0,"max_hp_loss":0,"event_name":"Colosseum","floor":24,"gold_loss":0},{"damage_healed":0,"gold_gain":0,"player_choice":"Smashed Altar","damage_taken":0,"max_hp_gain":0,"max_hp_loss":0,"event_name":"Forgotten Altar","floor":30,"gold_loss":0,"cards_obtained":["Decay"]}],"is_beta":false,"boss_relics":[{"not_picked":["Tiny House","Lizard Tail"],"picked":"Ring of the Serpent"}],"items_purged_floors":[19,31],"is_endless":false,"potions_floor_spawned":[11,12,18,20,25,28,29],"killed_by":"Champ","ascension_level":10}