{"gold_per_floor":[113,127,27,27,38,67,67,85,85,113,27,40,40,60,60,134,134,149,149,179,193,206,206,223,252,276,276,306,306,178,178,178,253,253,271,284,304,320,62,62,90,312,312,312,338,338,366,386,386,386,386,386,386,125,155,155],"floor_reached":57,"playtime":3718,"items_purged":["Strike_G+1"],"score":3080,"play_id":"f0012b97-b5d3-40f0-ba96-a14a9b77a8c6","local_time":"20190504175204","is_ascension_mode":true,"campfire_choices":[{"data":"Footwork","floor":7,"key":"SMITH"},{"data":"Deadly Poison","floor":13,"key":"SMITH"},{"data":"Crippling Poison","floor":15,"key":"SMITH"},{"data":"Catalyst","floor":23,"key":"SMITH"},{"data":"Noxious Fumes","floor":27,"key":"SMITH"},{"data":"Footwork","floor":29,"key":"SMITH"},{"floor":32,"key":"REST"},{"data":"Well Laid Plans","floor":40,"key":"SMITH"},{"floor":46,"key":"REST"},{"floor":49,"key":"RECALL"},{"floor":53,"key":"REST"}],"neow_cost":"NONE","seed_source_timestamp":474916420397100,"circlet_count":0,"master_deck":["AscendersBane","Defend_G+1","Defend_G+1","Defend_G+1","Defend_G+1","Defend_G+1","Survivor","Neutralize+1","Poisoned Stab","Deadly Poison+1","Footwork+1","Dodge and Roll","PiercingWail","After Image","Crippling Poison+1","PiercingWail","Catalyst+1","PiercingWail","Corpse Explosion","Dash","All Out Attack","Dodge and Roll","Footwork+1","Noxious Fumes+1","Bouncing Flask+1","Catalyst","Backflip","Necronomicurse","Cloak And Dagger+1","Footwork+1","Wraith Form v2+1","Well Laid Plans+1","Calculated Gamble","Backflip","PiercingWail","Escape Plan","Dagger Throw","Dark Shackles","Deflect"],"relics":["Ring of the Snake","Letter Opener","PreservedInsect","Du-Vu Doll","Art of War","StoneCalendar","Sozu","Red Mask","Tough Bandages","Centennial Puzzle","Dream Catcher","Necronomicon","Astrolabe","Oddly Smooth Stone","Singing Bowl","Ice Cream","Dodecahedron","Kunai"],"potions_floor_usage":[6,10,10,41],"damage_taken":[{"damage":0,"enemies":"Cultist","floor":1,"turns":5},{"damage":12,"enemies":"Jaw Worm","floor":2,"turns":5},{"damage":0,"enemies":"2 Louse","floor":5,"turns":2},{"damage":22,"enemies":"Gremlin Nob","floor":6,"turns":4},{"damage":2,"enemies":"Exordium Wildlife","floor":8,"turns":6},{"damage":1,"enemies":"3 Sentries","floor":10,"turns":8},{"damage":0,"enemies":"3 Louse","floor":12,"turns":4},{"damage":0,"enemies":"2 Fungi Beasts","floor":14,"turns":4},{"damage":0,"enemies":"Hexaghost","floor":16,"turns":9},{"damage":0,"enemies":"3 Byrds","floor":18,"turns":3},{"damage":5,"enemies":"Masked Bandits","floor":20,"turns":2},{"damage":4,"enemies":"Shell Parasite","floor":21,"turns":4},{"damage":0,"enemies":"Centurion and Healer","floor":22,"turns":4},{"damage":3,"enemies":"Snecko","floor":24,"turns":5},{"damage":2,"enemies":"Gremlin Leader","floor":25,"turns":4},{"damage":6,"enemies":"Slavers","floor":28,"turns":3},{"damage":25,"enemies":"Automaton","floor":33,"turns":9},{"damage":1,"enemies":"3 Darklings","floor":35,"turns":4},{"damage":0,"enemies":"3 Shapes","floor":36,"turns":5},{"damage":0,"enemies":"Sphere and 2 Shapes","floor":37,"turns":6},{"damage":9,"enemies":"Spire Growth","floor":38,"turns":7},{"damage":9,"enemies":"Reptomancer","floor":41,"turns":4},{"damage":0,"enemies":"Giant Head","floor":45,"turns":6},{"damage":0,"enemies":"Reptomancer","floor":47,"turns":5},{"damage":11,"enemies":"Transient","floor":48,"turns":6},{"damage":0,"enemies":"Time Eater","floor":50,"turns":8},{"damage":16,"enemies":"Awakened One","floor":51,"turns":16},{"damage":1,"enemies":"Shield and Spear","floor":55,"turns":7},{"damage":15,"enemies":"The Heart","floor":56,"turns":10}],"seed_played":"6733249395219398460","potions_obtained":[{"floor":2,"key":"Strength Potion"},{"floor":5,"key":"Explosive Potion"},{"floor":8,"key":"SkillPotion"},{"floor":16,"key":"Poison Potion"}],"is_trial":false,"path_per_floor":["M","M","$","T","M","E","R","M","T","E","?","M","R","M","R","B",null,"M","?","?","M","M","R","M","E","T","R","E","R","$","?","R","B",null,"M","M","M","M","$","R","E","?","T","?","E","R","E","M","R","B","B",null,"R","$","E","B",null],"character_chosen":"THE_SILENT","items_purchased":["Footwork","Dodge and Roll","Backflip","Well Laid Plans","Oddly Smooth Stone","Escape Plan","Dagger Throw","Dark Shackles","Deflect"],"campfire_rested":3,"item_purchase_floors":[3,3,30,39,39,54,54,54,54],"current_hp_per_floor":[59,47,47,47,47,25,25,23,23,22,22,22,22,22,22,22,55,55,55,50,46,46,46,43,41,41,41,35,35,35,14,33,8,52,51,51,51,42,42,42,33,33,33,33,35,55,57,48,48,48,32,62,72,72,73,58],"gold":155,"neow_bonus":"UPGRADE_CARD","is_prod":false,"is_daily":false,"chose_seed":false,"campfire_upgraded":7,"win_rate":0,"timestamp":1556959924,"path_taken":["M","M","?","?","?","E","R","M","T","E","?","M","R","?","R","BOSS","M","?","?","M","M","R","M","E","T","R","E","R","?","?","R","BOSS","M","M","M","M","$","R","E","?","T","?","E","R","E","M","R","BOSS","BOSS","R","$","E","BOSS"],"build_version":"2019-01-23","purchased_purges":1,"victory":true,"max_hp_per_floor":[66,66,66,66,66,66,66,66,66,66,66,66,66,66,66,66,66,66,66,66,66,66,66,66,66,66,66,66,66,66,66,66,66,66,66,66,66,66,66,66,66,66,66,66,68,68,70,72,72,72,72,72,72,72,74,74],"card_choices":[{"not_picked":["Sucker Punch","Dodge and Roll"],"picked":"Poisoned Stab","floor":1},{"not_picked":["Outmaneuver","Bane"],"picked":"Deadly Poison","floor":2},{"not_picked":["Storm of Steel","Crippling Poison"],"picked":"PiercingWail","floor":5},{"not_picked":["Blur","Backflip"],"picked":"After Image","floor":6},{"not_picked":["Dodge and Roll","PiercingWail"],"picked":"Crippling Poison","floor":8},{"not_picked":["Caltrops","Accuracy"],"picked":"PiercingWail","floor":10},{"not_picked":["Prepared","Poisoned Stab"],"picked":"Catalyst","floor":12},{"not_picked":["Deadly Poison","After Image"],"picked":"PiercingWail","floor":14},{"not_picked":["Glass Knife","Doppelganger"],"picked":"Corpse Explosion","floor":16},{"not_picked":["Acrobatics","Expertise+1"],"picked":"Dash","floor":18},{"not_picked":["Deadly Poison","Concentrate+1"],"picked":"All Out Attack","floor":20},{"not_picked":["Blade Dance","PiercingWail"],"picked":"Dodge and Roll","floor":21},{"not_picked":["Setup","Backflip"],"picked":"Footwork","floor":22},{"not_picked":["Escape Plan","Backflip"],"picked":"Noxious Fumes","floor":24},{"not_picked":["Backstab","Doppelganger"],"picked":"Bouncing Flask+1","floor":25},{"not_picked":["Deadly Poison","Accuracy"],"picked":"Catalyst","floor":28},{"not_picked":["Infinite Blades","Underhanded Strike","Accuracy"],"picked":"SKIP","floor":35},{"not_picked":["Sucker Punch","Catalyst","Flying Knee+1"],"picked":"SKIP","floor":36},{"not_picked":["Outmaneuver","Dagger Throw+1","Poisoned Stab"],"picked":"SKIP","floor":37},{"not_picked":["Blade Dance+1","Flying Knee+1","Dagger Spray"],"picked":"SKIP","floor":38},{"not_picked":["Storm of Steel","Flying Knee"],"picked":"Calculated Gamble","floor":41},{"not_picked":["Concentrate","Deflect","Crippling Poison+1"],"picked":"Singing Bowl","floor":45},{"not_picked":["Skewer","Blade Dance"],"picked":"Backflip","floor":46},{"not_picked":["Flechettes","Flying Knee","Slice+1"],"picked":"Singing Bowl","floor":47},{"not_picked":["Deflect+1","Footwork","Slice"],"picked":"Singing Bowl","floor":48},{"not_picked":["Dodge and Roll","Underhanded Strike"],"picked":"PiercingWail","floor":53},{"not_picked":["Acrobatics","Finisher","Accuracy+1"],"picked":"Singing Bowl","floor":55}],"player_experience":1216720,"relics_obtained":[{"floor":4,"key":"Letter Opener"},{"floor":6,"key":"PreservedInsect"},{"floor":9,"key":"Du-Vu Doll"},{"floor":10,"key":"Art of War"},{"floor":20,"key":"Red Mask"},{"floor":25,"key":"Tough Bandages"},{"floor":26,"key":"Centennial Puzzle"},{"floor":28,"key":"Dream Catcher"},{"floor":31,"key":"Necronomicon"},{"floor":41,"key":"Singing Bowl"},{"floor":45,"key":"Ice Cream"},{"floor":47,"key":"Dodecahedron"},{"floor":55,"key":"Kunai"}],"event_choices":[{"damage_healed":0,"gold_gain":0,"player_choice":"Paid Gold","damage_taken":0,"relics_obtained":["StoneCalendar"],"max_hp_gain":0,"max_hp_loss":0,"event_name":"WeMeetAgain","floor":11,"gold_loss":86},{"damage_healed":0,"gold_gain":0,"player_choice":"Simplicity","damage_taken":0,"max_hp_gain":0,"max_hp_loss":0,"event_name":"Back to Basics","floor":19,"gold_loss":0,"cards_upgraded":["Defend_G","Defend_G","Defend_G","Defend_G","Defend_G","Strike_G","Strike_G","Strike_G","Strike_G","Strike_G"]},{"damage_healed":0,"gold_gain":0,"player_choice":"Fought Bandits","damage_taken":0,"max_hp_gain":0,"max_hp_loss":0,"event_name":"Masked Bandits","floor":20,"gold_loss":0},{"damage_healed":0,"gold_gain":0,"player_choice":"Obtained Book","damage_taken":21,"max_hp_gain":0,"max_hp_loss":0,"event_name":"Cursed Tome","floor":31,"gold_loss":0},{"damage_healed":0,"gold_gain":222,"player_choice":"Wore Mask","damage_taken":0,"max_hp_gain":0,"max_hp_loss":0,"event_name":"Tomb of Lord Red Mask","floor":42,"gold_loss":0},{"cards_removed":["Strike_G"],"damage_healed":0,"gold_gain":0,"player_choice":"Purged","damage_taken":0,"max_hp_gain":0,"max_hp_loss":0,"event_name":"Purifier","floor":44,"gold_loss":0}],"is_beta":false,"boss_relics":[{"not_picked":["Empty Cage","Runic Dome"],"picked":"Sozu"},{"not_picked":["Fusion Hammer","Philosopher\u0027s Stone"],"picked":"Astrolabe"}],"items_purged_floors":[30],"is_endless":false,"potions_floor_spawned":[2,5,8,16,20,21,22,25,28,36,38,45],"ascension_level":20}