{"gold_per_floor":[112,112,287,16,30,64,64,94,140,140,60,60,80,97,97,97],"floor_reached":16,"playtime":661,"items_purged":["Doubt","Defend_R"],"score":130,"play_id":"ef414e43-d23c-4346-916f-5613563e1382","local_time":"20180807002240","is_ascension_mode":true,"campfire_choices":[{"data":"Shrug It Off","floor":7,"key":"SMITH"},{"floor":10,"key":"REST"},{"data":"Flex","floor":15,"key":"SMITH"}],"neow_cost":"NONE","seed_source_timestamp":108530521623853,"circlet_count":0,"master_deck":["Strike_R","Strike_R","Strike_R","Strike_R","Strike_R","Defend_R+1","Defend_R+1","Wild Strike+1","Shrug It Off+1","Flex+1"],"relics":["Burning Blood","Membership Card","Happy Flower","Unceasing Top","War Paint"],"potions_floor_usage":[6,16,16],"damage_taken":[{"damage":10,"enemies":"Jaw Worm","floor":1,"turns":6},{"damage":1,"enemies":"Cultist","floor":5,"turns":3},{"damage":13,"enemies":"3 Sentries","floor":6,"turns":6},{"damage":48,"enemies":"Gremlin Nob","floor":8,"turns":5},{"damage":0,"enemies":"2 Louse","floor":13,"turns":2},{"damage":0,"enemies":"Looter","floor":14,"turns":3},{"damage":68,"enemies":"Hexaghost","floor":16,"turns":9}],"seed_played":"5499492947584579268","potions_obtained":[{"floor":1,"key":"AttackPotion"},{"floor":6,"key":"SkillPotion"},{"floor":8,"key":"SpeedPotion"}],"is_trial":false,"path_per_floor":["M","?","?","$","M","E","R","E","T","R","$","?","M","M","R"],"character_chosen":"IRONCLAD","items_purchased":["Membership Card"],"campfire_rested":1,"item_purchase_floors":[4],"current_hp_per_floor":[76,76,76,76,80,73,73,31,31,55,55,55,61,67,67,0],"gold":97,"neow_bonus":"REMOVE_CARD","is_prod":false,"is_daily":false,"chose_seed":false,"campfire_upgraded":2,"win_rate":0,"timestamp":1533572560,"path_taken":["M","?","?","$","?","E","R","E","T","R","$","?","M","M","R","BOSS"],"build_version":"2018-08-02","purchased_purges":2,"victory":false,"max_hp_per_floor":[80,80,80,80,80,80,80,80,80,80,80,80,80,80,80,80],"card_choices":[{"not_picked":["Disarm","Twin Strike"],"picked":"Wild Strike","floor":1},{"not_picked":["Anger","Cleave"],"picked":"Shrug It Off","floor":5},{"not_picked":["Twin Strike","Headbutt","Shrug It Off"],"picked":"SKIP","floor":6},{"not_picked":["Feel No Pain","Iron Wave","Havoc"],"picked":"SKIP","floor":8},{"not_picked":["Rupture","Clothesline","True Grit"],"picked":"SKIP","floor":13},{"not_picked":["Iron Wave","Sever Soul"],"picked":"Flex","floor":14}],"player_experience":289860,"relics_obtained":[{"floor":6,"key":"Happy Flower"},{"floor":8,"key":"Unceasing Top"},{"floor":9,"key":"War Paint"}],"event_choices":[{"event_name":"Upgrade Shrine","player_choice":"Upgraded","floor":2,"damage_taken":0},{"event_name":"Liars Game","player_choice":"agreed","floor":3,"damage_taken":0},{"event_name":"Living Wall","player_choice":"Forget","floor":12,"damage_taken":0}],"is_beta":false,"boss_relics":[],"items_purged_floors":[4,11],"is_endless":false,"potions_floor_spawned":[1,6,8],"killed_by":"Hexaghost","ascension_level":4}