{"gold_per_floor":[117,46,56,66,86,86,86,86,109,109,142,142,142,160,160,260,260,271,290,301,2,17,43,43,43,43,43,43,54,54,69,69,165,165,184,184,144,144,69,95,107,132,168,215,227,257,169,183,183,183,183,183,32,63,63],"floor_reached":55,"playtime":2322,"items_purged":["Strike_G","Strike_G"],"score":745,"play_id":"60fcfa57-196d-4e35-ae2a-b4c1264ec40d","local_time":"20190504160211","is_ascension_mode":false,"campfire_choices":[{"data":"Crippling Poison","floor":6.0,"key":"SMITH"},{"data":"Neutralize","floor":8.0,"key":"SMITH"},{"floor":10.0,"key":"REST"},{"data":"Poisoned Stab","floor":13.0,"key":"SMITH"},{"data":"Well Laid Plans","floor":15.0,"key":"SMITH"},{"floor":24.0,"key":"REST"},{"data":"Backflip","floor":28.0,"key":"SMITH"},{"floor":32.0,"key":"REST"},{"data":"Night Terror","floor":41.0,"key":"SMITH"},{"floor":45.0,"key":"REST"},{"floor":49,"key":"RECALL"},{"data":"Adrenaline","floor":52,"key":"SMITH"}],"neow_cost":"TEN_PERCENT_HP_LOSS","seed_source_timestamp":0,"circlet_count":0,"master_deck":["Defend_G+1","Defend_G","Defend_G","Defend_G","Survivor","Neutralize+1","Dodge and Roll","Escape Plan+1","Deflect","Caltrops","Crippling Poison+1","Well Laid Plans+1","Catalyst+1","Poisoned Stab+1","Blur","Deadly Poison+1","Calculated Gamble+1","Sucker Punch+1","Dash","Adrenaline+1","Backflip+1","Unload","Sucker Punch","Footwork+1","Night Terror+1","Catalyst+1","Backstab","PiercingWail+1","Die Die Die","Backflip+1","Dash+1"],"special_seed":0,"relics":["Ring of the Snake","Dream Catcher","Oddly Smooth Stone","Black Star","Bag of Preparation","Bag of Marbles","Juzu Bracelet","Pear","Bottled Lightning","Sozu","Orichalcum","MawBank","Toxic Egg 2","Boot","Strawberry","StoneCalendar","Thread and Needle"],"potions_floor_usage":[50],"damage_taken":[{"damage":8.0,"enemies":"2 Louse","floor":1.0,"turns":3.0},{"damage":0.0,"enemies":"Cultist","floor":3.0,"turns":5.0},{"damage":6.0,"enemies":"Small Slimes","floor":4.0,"turns":4.0},{"damage":11.0,"enemies":"Exordium Thugs","floor":5.0,"turns":5.0},{"damage":21.0,"enemies":"Gremlin Nob","floor":11.0,"turns":5.0},{"damage":0.0,"enemies":"Blue Slaver","floor":14.0,"turns":3.0},{"damage":5.0,"enemies":"Hexaghost","floor":16.0,"turns":7.0},{"damage":21.0,"enemies":"2 Thieves","floor":18.0,"turns":4.0},{"damage":0.0,"enemies":"Spheric Guardian","floor":19.0,"turns":2.0},{"damage":4.0,"enemies":"Snake Plant","floor":20.0,"turns":3.0},{"damage":7.0,"enemies":"Cultist and Chosen","floor":22.0,"turns":6.0},{"damage":27.0,"enemies":"Gremlin Leader","floor":23.0,"turns":6.0},{"damage":6.0,"enemies":"Shelled Parasite and Fungi","floor":29.0,"turns":4.0},{"damage":8.0,"enemies":"Snake Plant","floor":31.0,"turns":3.0},{"damage":31.0,"enemies":"Automaton","floor":33.0,"turns":10.0},{"damage":21.0,"enemies":"3 Darklings","floor":35.0,"turns":9.0},{"damage":9.0,"enemies":"Giant Head","floor":40.0,"turns":4.0},{"damage":10.0,"enemies":"3 Shapes","floor":42.0,"turns":4.0},{"damage":0.0,"enemies":"Nemesis","floor":44.0,"turns":3.0},{"damage":12.0,"enemies":"Transient","floor":46.0,"turns":2.0},{"damage":0.0,"enemies":"Maw","floor":48.0,"turns":5.0},{"damage":28,"enemies":"Donu and Deca","floor":50,"turns":18},{"damage":49,"enemies":"Shield and Spear","floor":54,"turns":9},{"damage":40,"enemies":"The Heart","floor":55,"turns":3}],"seed_played":"-483602908183712566","potions_obtained":[{"floor":3.0,"key":"EssenceOfSteel"},{"floor":4.0,"key":"Ancient Potion"},{"floor":14.0,"key":"Swift Potion"},{"floor":19.0,"key":"SkillPotion"},{"floor":22.0,"key":"PowerPotion"},{"floor":29.0,"key":"PowerPotion"},{"floor":33.0,"key":"GhostInAJar"}],"is_trial":false,"path_per_floor":["M","$","M","M","M","R","?","R","T","R","E","?","R","M","R","B",null,"M","M","M","$","M","E","R","?","T","$","R","M","?","M","R","B",null,"M","?","?","?","$","E","R","M","T","E","R","M","$","M","R","B",null,"R","$","E","B"],"character_chosen":"THE_SILENT","items_purchased":["Caltrops","Bag of Preparation","Bag of Marbles","Strawberry"],"campfire_rested":4,"item_purchase_floors":[2,21,21,53],"current_hp_per_floor":[55,55,55,49,38,38,43,43,43,63,42,42,42,42,42,37,68,47,47,43,43,36,19,42,42,42,42,42,36,36,28,51,20,78,57,57,57,57,57,48,48,38,38,38,60,48,48,48,48,20,74,74,81,32,0],"gold":63,"neow_bonus":"TRANSFORM_TWO_CARDS","is_prod":false,"is_daily":false,"chose_seed":false,"campfire_upgraded":7,"win_rate":0,"timestamp":1557000131,"path_taken":["M","$","M","M","M","R","?","R","T","R","E","?","R","M","R","BOSS","M","M","M","$","M","E","R","?","T","$","R","M","?","M","R","BOSS","M","?","?","?","$","E","R","M","T","E","R","M","$","M","R","BOSS","R","$","E","BOSS"],"build_version":"2019-01-23","purchased_purges":2,"victory":false,"max_hp_per_floor":[63,63,63,63,63,63,68,68,68,68,68,68,68,68,68,68,68,68,68,68,68,68,78,78,78,78,78,78,78,78,78,78,78,78,78,74,74,74,74,74,74,74,74,74,74,74,74,74,74,74,74,74,81,81,81],"card_choices":[{"not_picked":["Prepared","Underhanded Strike"],"picked":"Deflect","floor":1.0},{"not_picked":["Dagger Throw","Distraction"],"picked":"Crippling Poison","floor":3.0},{"not_picked":["Distraction","Eviscerate"],"picked":"Well Laid Plans","floor":4.0},{"not_picked":["Outmaneuver","Acrobatics","Blade Dance"],"picked":"SKIP","floor":5.0},{"not_picked":["Quick Slash","Dodge and Roll"],"picked":"Catalyst","floor":10.0},{"not_picked":["Backflip","Die Die Die"],"picked":"Poisoned Stab","floor":11.0},{"not_picked":["Terror","Prepared"],"picked":"Blur","floor":14.0},{"not_picked":["Tactician","Endless Agony"],"picked":"Deadly Poison+1","floor":18.0},{"not_picked":["Dagger Throw+1","Bane"],"picked":"Calculated Gamble+1","floor":19.0},{"not_picked":["Dagger Spray","Prepared"],"picked":"Sucker Punch+1","floor":20.0},{"not_picked":["Well Laid Plans+1","Reflex","Quick Slash"],"picked":"SKIP","floor":22.0},{"not_picked":["Masterful Stab","Infinite Blades"],"picked":"Dash","floor":23.0},{"not_picked":["Deadly Poison","Skewer"],"picked":"Adrenaline","floor":24.0},{"not_picked":["Finisher+1","Sucker Punch+1","Endless Agony+1"],"picked":"SKIP","floor":29.0},{"not_picked":["Caltrops","Eviscerate+1"],"picked":"Footwork+1","floor":31.0},{"not_picked":["Storm of Steel","Adrenaline"],"picked":"Night Terror","floor":33.0},{"not_picked":["Bane","Acrobatics+1","Blade Dance+1"],"picked":"SKIP","floor":35.0},{"not_picked":["All Out Attack","Cloak And Dagger+1"],"picked":"Backstab","floor":40.0},{"not_picked":["Flying Knee+1","Cloak And Dagger"],"picked":"PiercingWail+1","floor":42.0},{"not_picked":["Slice","Blade Dance+1"],"picked":"Die Die Die","floor":44.0},{"not_picked":["Dagger Spray+1","Heel Hook","Glass Knife"],"picked":"SKIP","floor":46.0},{"not_picked":["Flying Knee","Deadly Poison+1"],"picked":"Backflip+1","floor":48},{"not_picked":["Adrenaline+1","Flying Knee"],"picked":"Dash+1","floor":54}],"player_experience":83743,"relics_obtained":[{"floor":9.0,"key":"Dream Catcher"},{"floor":11.0,"key":"Oddly Smooth Stone"},{"floor":23.0,"key":"Juzu Bracelet"},{"floor":23.0,"key":"Pear"},{"floor":26.0,"key":"Bottled Lightning"},{"floor":40.0,"key":"Orichalcum"},{"floor":40.0,"key":"MawBank"},{"floor":44.0,"key":"Toxic Egg 2"},{"floor":44.0,"key":"Boot"},{"floor":54,"key":"StoneCalendar"},{"floor":54,"key":"Thread and Needle"}],"event_choices":[{"damage_healed":0.0,"max_hp_gain":5.0,"max_hp_loss":0.0,"gold_gain":0.0,"event_name":"Big Fish","player_choice":"Donut","floor":7.0,"gold_loss":0.0,"damage_taken":0.0},{"damage_healed":0.0,"max_hp_gain":0.0,"max_hp_loss":0.0,"gold_gain":0.0,"event_name":"Upgrade Shrine","player_choice":"Upgraded","floor":12.0,"gold_loss":0.0,"damage_taken":0.0,"cards_upgraded":["Catalyst"]},{"damage_healed":0.0,"max_hp_gain":0.0,"max_hp_loss":0.0,"gold_gain":0.0,"event_name":"The Library","player_choice":"Read","floor":25.0,"gold_loss":0.0,"damage_taken":0.0,"cards_obtained":["Backflip"]},{"damage_healed":0.0,"max_hp_gain":0.0,"max_hp_loss":0.0,"gold_gain":0.0,"cards_transformed":["Strike_G","Strike_G"],"event_name":"Drug Dealer","player_choice":"Became Test Subject","floor":30.0,"gold_loss":0.0,"damage_taken":0.0,"cards_obtained":["Unload","Sucker Punch"]},{"damage_healed":0.0,"max_hp_gain":0.0,"max_hp_loss":4.0,"gold_gain":0.0,"event_name":"Winding Halls","player_choice":"Max HP","floor":36.0,"gold_loss":0.0,"damage_taken":0.0},{"damage_healed":0.0,"max_hp_gain":0.0,"max_hp_loss":0.0,"gold_gain":0.0,"event_name":"Designer","player_choice":"Upgraded Two","floor":37.0,"gold_loss":40.0,"damage_taken":0.0,"cards_upgraded":["Escape Plan","Defend_G"]},{"damage_healed":0.0,"max_hp_gain":0.0,"max_hp_loss":0.0,"gold_gain":0.0,"event_name":"Duplicator","player_choice":"Copied","floor":38.0,"gold_loss":0.0,"damage_taken":0.0,"cards_obtained":["Catalyst"]}],"is_beta":false,"boss_relics":[{"not_picked":["Runic Dome","Orrery"],"picked":"Black Star"},{"not_picked":["Tiny House","Philosopher\u0027s Stone"],"picked":"Sozu"}],"items_purged_floors":[39,47],"is_endless":false,"potions_floor_spawned":[3,4,14,19,22,29,33,44,46,48],"killed_by":"The Heart","ascension_level":0}