{"gold_per_floor":[111,186,186,186,211,211,251,274,299,319,58,101,155,155,155,276,276,294,294],"floor_reached":19,"playtime":1003,"items_purged":[],"score":300,"play_id":"1249be47-1e96-48e5-a2cb-1a02d89f3499","local_time":"20190331135256","is_ascension_mode":true,"campfire_choices":[{"data":"Well Laid Plans","floor":6,"key":"SMITH"},{"data":"Skewer","floor":15,"key":"SMITH"}],"neow_cost":"NONE","seed_source_timestamp":572583370709039,"circlet_count":0,"master_deck":["AscendersBane","Defend_G","Defend_G","Defend_G","Defend_G","Defend_G","Strike_G","Strike_G","Strike_G+1","Strike_G+1","Survivor","Neutralize","Skewer+1","Well Laid Plans+1","Noxious Fumes","Cloak And Dagger","Cloak And Dagger","Phantasmal Killer"],"relics":["Ring of the Snake","NeowsBlessing","Golden Idol","PreservedInsect","Vajra","Ninja Scroll","Whetstone","Juzu Bracelet","HoveringKite"],"potions_floor_usage":[10,16],"damage_taken":[{"damage":0,"enemies":"Small Slimes","floor":1,"turns":2},{"damage":0,"enemies":"2 Louse","floor":5,"turns":1},{"damage":0,"enemies":"Lagavulin","floor":7,"turns":1},{"damage":2,"enemies":"Cultist","floor":8,"turns":4},{"damage":6,"enemies":"Gremlin Gang","floor":10,"turns":4},{"damage":12,"enemies":"3 Sentries","floor":12,"turns":5},{"damage":8,"enemies":"Slime Boss","floor":16,"turns":6},{"damage":32,"enemies":"3 Byrds","floor":18,"turns":7},{"damage":18,"enemies":"Masked Bandits","floor":19,"turns":3}],"seed_played":"-1333745405133917024","potions_obtained":[{"floor":5,"key":"Strength Potion"},{"floor":7,"key":"Fire Potion"},{"floor":16,"key":"Weak Potion"}],"is_trial":false,"path_per_floor":["M","?","?","?","M","R","E","M","T","M","$","E","T","?","R","B",null,"M","?"],"character_chosen":"THE_SILENT","items_purchased":["Ninja Scroll"],"campfire_rested":0,"item_purchase_floors":[11],"current_hp_per_floor":[63,52,57,57,57,57,57,55,55,49,49,37,37,37,37,29,59,27,9],"gold":294,"neow_bonus":"THREE_ENEMY_KILL","is_prod":false,"is_daily":false,"chose_seed":false,"campfire_upgraded":2,"win_rate":0,"timestamp":1554033176,"path_taken":["M","?","?","?","M","R","E","M","T","M","$","E","?","?","R","BOSS","M","?"],"build_version":"2019-01-23","purchased_purges":0,"victory":false,"max_hp_per_floor":[70,70,75,69,69,69,69,69,69,69,69,69,69,69,69,69,69,69,69],"card_choices":[{"not_picked":["Deflect","Infinite Blades"],"picked":"Skewer","floor":1},{"not_picked":["Quick Slash","Distraction"],"picked":"Well Laid Plans","floor":5},{"not_picked":["Bane","Dash"],"picked":"Noxious Fumes","floor":7},{"not_picked":["Sucker Punch","Wraith Form v2"],"picked":"Cloak And Dagger","floor":8},{"not_picked":["PiercingWail","Deadly Poison"],"picked":"Cloak And Dagger","floor":10},{"not_picked":["Wraith Form v2","Doppelganger","Noxious Fumes"],"picked":"SKIP","floor":12},{"not_picked":["Malaise","Unload"],"picked":"Phantasmal Killer","floor":16},{"not_picked":["Underhanded Strike","Eviscerate+1","Backstab"],"picked":"SKIP","floor":18}],"player_experience":395822,"relics_obtained":[{"floor":7,"key":"PreservedInsect"},{"floor":9,"key":"Vajra"},{"floor":12,"key":"Whetstone"},{"floor":13,"key":"Juzu Bracelet"}],"event_choices":[{"damage_healed":0,"gold_gain":75,"player_choice":"Gather Gold","damage_taken":11,"max_hp_gain":0,"max_hp_loss":0,"event_name":"World of Goop","floor":2,"gold_loss":0},{"damage_healed":0,"gold_gain":0,"player_choice":"Donut","damage_taken":0,"max_hp_gain":5,"max_hp_loss":0,"event_name":"Big Fish","floor":3,"gold_loss":0},{"damage_healed":0,"gold_gain":0,"player_choice":"Lose Max HP","damage_taken":0,"relics_obtained":["Golden Idol"],"max_hp_gain":0,"max_hp_loss":6,"event_name":"Golden Idol","floor":4,"gold_loss":0},{"cards_removed":["Strike_G"],"damage_healed":0,"gold_gain":0,"player_choice":"Offered Basic","damage_taken":0,"max_hp_gain":0,"max_hp_loss":0,"event_name":"Bonfire Elementals","floor":14,"gold_loss":0},{"damage_healed":0,"gold_gain":0,"player_choice":"Fought Bandits","damage_taken":0,"max_hp_gain":0,"max_hp_loss":0,"event_name":"Masked Bandits","floor":19,"gold_loss":0}],"is_beta":false,"boss_relics":[{"not_picked":["Orrery","Cursed Key"],"picked":"HoveringKite"}],"items_purged_floors":[],"is_endless":false,"potions_floor_spawned":[5,7,16],"killed_by":"Masked Bandits","ascension_level":10}