{"gold_per_floor":[118,132,147,166,7,7,7,64,64,64,77,108,119,132,132,227,227,244,169,14,24,51,80,90,90],"floor_reached":25,"playtime":3351,"items_purged":[],"score":273,"play_id":"4d177c76-c027-4853-a114-ab2416acfc15","local_time":"20190421111024","is_ascension_mode":true,"campfire_choices":[{"floor":6.0,"key":"RECALL"},{"data":"Defragment","floor":10.0,"key":"SMITH"},{"data":"Glacier","floor":15.0,"key":"SMITH"}],"neow_cost":"NONE","seed_source_timestamp":0,"circlet_count":0,"master_deck":["Strike_B","Strike_B","Strike_B","Strike_B","Defend_B","Defend_B","Defend_B","Defend_B","Zap","Dualcast","Biased Cognition","Chill","Glacier+1","Fusion","Lockon","Defragment+1","Melter","Doom and Gloom","Consume","Auto Shields","Leap","Sweeping Beam","Amplify","Conserve Battery","Leap+1","Static Discharge","Go for the Eyes","Auto Shields","Cold Snap+1","Auto Shields"],"special_seed":0,"relics":["Cracked Core","Tiny Chest","Bottled Lightning","Inserter","Omamori","Bronze Scales"],"potions_floor_usage":[24,25],"damage_taken":[{"damage":2.0,"enemies":"2 Louse","floor":1.0,"turns":2.0},{"damage":1.0,"enemies":"Cultist","floor":2.0,"turns":3.0},{"damage":0.0,"enemies":"Small Slimes","floor":3.0,"turns":3.0},{"damage":0.0,"enemies":"Blue Slaver","floor":4.0,"turns":3.0},{"damage":0.0,"enemies":"3 Sentries","floor":8.0,"turns":5.0},{"damage":0.0,"enemies":"Red Slaver","floor":11.0,"turns":3.0},{"damage":16.0,"enemies":"Gremlin Nob","floor":12.0,"turns":5.0},{"damage":8.0,"enemies":"3 Louse","floor":13.0,"turns":3.0},{"damage":0.0,"enemies":"2 Fungi Beasts","floor":14.0,"turns":3.0},{"damage":43.0,"enemies":"Hexaghost","floor":16.0,"turns":14.0},{"damage":0.0,"enemies":"Chosen","floor":18.0,"turns":6.0},{"damage":10.0,"enemies":"2 Thieves","floor":19.0,"turns":5.0},{"damage":10.0,"enemies":"Sentry and Sphere","floor":21.0,"turns":4.0},{"damage":10.0,"enemies":"Slavers","floor":23.0,"turns":8.0},{"damage":0,"enemies":"Snecko","floor":24,"turns":6},{"damage":75,"enemies":"Gremlin Leader","floor":25,"turns":9}],"seed_played":"-3250056949232333970","potions_obtained":[{"floor":1.0,"key":"Block Potion"},{"floor":4.0,"key":"Explosive Potion"},{"floor":11.0,"key":"Swift Potion"},{"floor":13.0,"key":"AttackPotion"},{"floor":14.0,"key":"Dexterity Potion"},{"floor":23,"key":"Regen Potion"},{"floor":24,"key":"AttackPotion"}],"is_trial":false,"path_per_floor":["M","M","M","M","$","R","?","E","T","R","M","E","M","M","R","B",null,"M","M","$","M","T","E","M","E"],"character_chosen":"DEFECT","items_purchased":["Defragment","Melter","Static Discharge","Go for the Eyes","FocusPotion"],"campfire_rested":0,"item_purchase_floors":[5,5,20,20,20],"current_hp_per_floor":[73,72,72,72,72,72,75,75,75,75,75,59,51,51,51,8,75,75,65,65,55,55,45,59,0],"gold":90,"neow_bonus":"ONE_RANDOM_RARE_CARD","is_prod":false,"is_daily":false,"chose_seed":false,"campfire_upgraded":2,"win_rate":0,"timestamp":1555837824,"path_taken":["M","M","M","M","$","R","?","E","T","R","M","E","M","M","R","BOSS","M","M","$","M","?","E","M","E"],"build_version":"2019-01-23","purchased_purges":0,"victory":false,"max_hp_per_floor":[75,75,75,75,75,75,75,75,75,75,75,75,75,75,75,75,75,75,75,75,75,75,75,75,75],"card_choices":[{"not_picked":["Stack","Redo"],"picked":"Chill","floor":1.0},{"not_picked":["Rebound","BootSequence"],"picked":"Glacier","floor":2.0},{"not_picked":["Genetic Algorithm","Hologram"],"picked":"Fusion","floor":3.0},{"not_picked":["Turbo","Storm"],"picked":"Lockon","floor":4.0},{"not_picked":["Chill","Loop"],"picked":"Doom and Gloom","floor":8.0},{"not_picked":["Leap","Ball Lightning"],"picked":"Consume","floor":11.0},{"not_picked":["Hologram","Gash"],"picked":"Auto Shields","floor":12.0},{"not_picked":["Reinforced Body","Redo"],"picked":"Leap","floor":13.0},{"not_picked":["Redo","Fusion"],"picked":"Sweeping Beam","floor":14.0},{"not_picked":["All For One","Reboot"],"picked":"Amplify","floor":16.0},{"not_picked":["Compile Driver","Beam Cell"],"picked":"Conserve Battery","floor":18.0},{"not_picked":["Doom and Gloom","Gash"],"picked":"Leap+1","floor":19.0},{"not_picked":["Turbo","Stack"],"picked":"Auto Shields","floor":21.0},{"not_picked":["Streamline+1","Genetic Algorithm"],"picked":"Cold Snap+1","floor":23},{"not_picked":["Redo","Compile Driver+1"],"picked":"Auto Shields","floor":24}],"player_experience":127957,"relics_obtained":[{"floor":8.0,"key":"Tiny Chest"},{"floor":12.0,"key":"Bottled Lightning"},{"floor":22.0,"key":"Omamori"},{"floor":23,"key":"Bronze Scales"}],"event_choices":[{"damage_healed":3.0,"max_hp_gain":0.0,"max_hp_loss":0.0,"gold_gain":0.0,"event_name":"Wheel of Change","player_choice":"Full Heal","floor":7.0,"gold_loss":0.0,"damage_taken":0.0}],"is_beta":false,"boss_relics":[{"not_picked":["Runic Dome","Sozu"],"picked":"Inserter"}],"items_purged_floors":[],"is_endless":false,"potions_floor_spawned":[1,4,11,13,14,23,24],"killed_by":"Gremlin Leader","ascension_level":1}