{"gold_per_floor":[114,138,138,163,0,31,31,44,124,33,33,64,84,104,104,224,224,239,164,104,128,153,191,191,222,273,293,336,349,373,414,414,534,534,549,574,643,95,95,139,139,139,208,208,246,270,198,238,238,238,238,238,87,123,123],"floor_reached":56,"playtime":3960,"items_purged":["Strike_G","Strike_G"],"score":2160,"play_id":"de6d75dd-b851-4afe-95be-91e510304e0f","local_time":"20190511130125","is_ascension_mode":true,"campfire_choices":[{"data":"Apotheosis","floor":11,"key":"SMITH"},{"data":"Neutralize","floor":15,"key":"SMITH"},{"floor":24,"key":"RECALL"},{"floor":32,"key":"REST"},{"floor":42,"key":"REST"},{"floor":49,"key":"REST"},{"floor":52,"key":"REST"}],"neow_cost":"NONE","seed_source_timestamp":1781363437833004,"circlet_count":0,"master_deck":["Defend_G","Defend_G","Defend_G","Defend_G","Defend_G","Strike_G+1","Survivor","Neutralize+1","PiercingWail","Dash","Apotheosis+1","Leg Sweep+1","Caltrops","Dagger Spray+1","Caltrops","Prepared+1","Adrenaline+1","Prepared+1","Adrenaline+1","Backflip+1","Adrenaline+1","Blur+1","Well Laid Plans","Footwork+1","Blur+1","PiercingWail+1","A Thousand Cuts","Footwork+1","Cloak And Dagger+1","Infinite Blades+1","Impatience+1","The Bomb+1","Bandage Up+1","Cloak And Dagger+1","Infinite Blades+1","Backflip+1"],"relics":["Ring of the Snake","NeowsBlessing","Juzu Bracelet","Golden Idol","Toxic Egg 2","Thread and Needle","Pear","Tingsha","Fusion Hammer","Strawberry","Whetstone","Centennial Puzzle","Anchor","Bottled Flame","Black Star","Pocketwatch","Mercury Hourglass","Vajra","Kunai","PreservedInsect","Potion Belt","Bag of Marbles","Boot","Calipers","Gremlin Horn","Oddly Smooth Stone"],"potions_floor_usage":[25,25,50,55,55,55,55],"damage_taken":[{"damage":0,"enemies":"Cultist","floor":1,"turns":1},{"damage":0,"enemies":"Jaw Worm","floor":4,"turns":1},{"damage":0,"enemies":"Lagavulin","floor":6,"turns":1},{"damage":0,"enemies":"Small Slimes","floor":8,"turns":5},{"damage":16,"enemies":"3 Sentries","floor":12,"turns":7},{"damage":10,"enemies":"3 Louse","floor":13,"turns":4},{"damage":5,"enemies":"Blue Slaver","floor":14,"turns":3},{"damage":12,"enemies":"The Guardian","floor":16,"turns":12},{"damage":0,"enemies":"Chosen","floor":18,"turns":4},{"damage":3,"enemies":"Spheric Guardian","floor":21,"turns":3},{"damage":0,"enemies":"Snake Plant","floor":22,"turns":2},{"damage":0,"enemies":"Book of Stabbing","floor":23,"turns":4},{"damage":0,"enemies":"Gremlin Leader","floor":25,"turns":6},{"damage":3,"enemies":"Sentry and Sphere","floor":27,"turns":4},{"damage":0,"enemies":"Book of Stabbing","floor":28,"turns":5},{"damage":0,"enemies":"3 Cultists","floor":29,"turns":4},{"damage":0,"enemies":"Shelled Parasite and Fungi","floor":30,"turns":5},{"damage":0,"enemies":"Slavers","floor":31,"turns":4},{"damage":0,"enemies":"Automaton","floor":33,"turns":20},{"damage":0,"enemies":"3 Shapes","floor":35,"turns":5},{"damage":0,"enemies":"3 Darklings","floor":36,"turns":5},{"damage":0,"enemies":"2 Orb Walkers","floor":37,"turns":7},{"damage":0,"enemies":"Giant Head","floor":40,"turns":10},{"damage":0,"enemies":"Nemesis","floor":45,"turns":5},{"damage":0,"enemies":"Jaw Worm Horde","floor":46,"turns":4},{"damage":0,"enemies":"Reptomancer","floor":48,"turns":5},{"damage":29,"enemies":"Awakened One","floor":50,"turns":18},{"damage":15,"enemies":"Shield and Spear","floor":54,"turns":5},{"damage":4,"enemies":"The Heart","floor":55,"turns":11}],"seed_played":"3886063052669477269","potions_obtained":[{"floor":4,"key":"FearPotion"},{"floor":12,"key":"Energy Potion"},{"floor":14,"key":"FearPotion"},{"floor":16,"key":"SpeedPotion"},{"floor":21,"key":"Fire Potion"},{"floor":27,"key":"SteroidPotion"},{"floor":29,"key":"Ancient Potion"},{"floor":31,"key":"Swift Potion"},{"floor":45,"key":"SpeedPotion"},{"floor":48,"key":"Dexterity Potion"}],"is_trial":false,"path_per_floor":["M","T","?","M","$","E","?","M","T","$","R","E","M","M","R","B",null,"M","?","?","M","M","E","R","E","T","M","E","M","M","E","R","B",null,"M","M","?","$","?","E","?","R","T","?","E","M","$","E","R","B",null,"R","$","E","B",null],"character_chosen":"THE_SILENT","items_purchased":["Apotheosis","Dagger Spray","Caltrops","Mercury Hourglass","Vajra","LiquidBronze","GhostInAJar","Dexterity Potion"],"campfire_rested":4,"item_purchase_floors":[5,10,10,38,38,38,47,53],"current_hp_per_floor":[63,63,63,63,63,63,63,63,73,73,73,57,47,42,42,30,68,68,68,68,65,65,72,72,72,72,69,69,69,69,69,87,87,87,87,87,87,87,83,83,83,83,83,73,79,79,79,83,83,60,77,83,83,74,76],"gold":123,"neow_bonus":"THREE_ENEMY_KILL","is_prod":false,"is_daily":false,"chose_seed":false,"campfire_upgraded":2,"win_rate":0,"timestamp":1557594085,"path_taken":["M","?","?","M","?","E","?","M","T","$","R","E","M","M","R","BOSS","M","?","?","M","M","E","R","E","T","M","E","M","M","E","R","BOSS","M","M","?","$","?","E","?","R","T","?","E","M","?","E","R","BOSS","R","$","E","BOSS"],"build_version":"2019-01-23","purchased_purges":2,"victory":true,"max_hp_per_floor":[70,70,70,70,70,70,70,70,80,80,80,80,80,80,80,80,80,80,80,80,80,80,87,87,87,87,87,87,87,87,87,87,87,87,87,87,87,87,83,83,83,83,83,83,83,83,83,83,83,83,83,83,83,83,83],"card_choices":[{"not_picked":["Poisoned Stab","Dagger Throw"],"picked":"PiercingWail","floor":1},{"not_picked":["Deadly Poison","Endless Agony"],"picked":"Dash","floor":4},{"not_picked":["Endless Agony","Expertise"],"picked":"Leg Sweep","floor":6},{"not_picked":["Flying Knee","Prepared+1"],"picked":"Caltrops","floor":8},{"not_picked":["Bane","Calculated Gamble+1"],"picked":"Prepared+1","floor":12},{"not_picked":["Quick Slash","Flying Knee"],"picked":"Adrenaline+1","floor":13},{"not_picked":["Expertise+1","Underhanded Strike"],"picked":"Prepared+1","floor":14},{"not_picked":["Glass Knife","A Thousand Cuts"],"picked":"Adrenaline+1","floor":16},{"not_picked":["Flying Knee","Deadly Poison+1"],"picked":"Backflip+1","floor":18},{"not_picked":["Slice","Leg Sweep+1"],"picked":"Adrenaline+1","floor":21},{"not_picked":["Poisoned Stab","Heel Hook+1"],"picked":"Blur+1","floor":22},{"not_picked":["Concentrate+1","Glass Knife"],"picked":"Well Laid Plans","floor":23},{"not_picked":["Flying Knee","Dodge and Roll+1","Eviscerate"],"picked":"SKIP","floor":25},{"not_picked":["Underhanded Strike","Flying Knee+1","Dagger Throw"],"picked":"SKIP","floor":27},{"not_picked":["Concentrate+1","Deadly Poison+1"],"picked":"Footwork+1","floor":28},{"not_picked":["Flechettes","Slice"],"picked":"Blur+1","floor":29},{"not_picked":["Bane","Poisoned Stab","Crippling Poison+1"],"picked":"SKIP","floor":30},{"not_picked":["Dash","Finisher"],"picked":"PiercingWail+1","floor":31},{"not_picked":["Storm of Steel+1","Corpse Explosion+1"],"picked":"A Thousand Cuts","floor":33},{"not_picked":["Catalyst+1","Flying Knee+1"],"picked":"Footwork+1","floor":35},{"not_picked":["Quick Slash+1","PiercingWail+1"],"picked":"Cloak And Dagger+1","floor":36},{"not_picked":["Cloak And Dagger+1","Dagger Spray"],"picked":"Infinite Blades+1","floor":37},{"not_picked":["Storm of Steel+1","Underhanded Strike","Catalyst+1"],"picked":"SKIP","floor":40},{"not_picked":["Madness+1","PanicButton+1"],"picked":"Impatience+1","floor":44},{"not_picked":["Secret Technique+1","Discovery+1"],"picked":"The Bomb+1","floor":44},{"not_picked":["HandOfGreed","Purity+1"],"picked":"Bandage Up+1","floor":44},{"not_picked":["Distraction+1","Crippling Poison+1"],"picked":"Cloak And Dagger+1","floor":45},{"not_picked":["Catalyst+1","Blade Dance+1"],"picked":"Infinite Blades+1","floor":46},{"not_picked":["Choke+1","Finisher","Predator+1"],"picked":"SKIP","floor":48},{"not_picked":["Quick Slash","Backstab+1"],"picked":"Backflip+1","floor":54}],"player_experience":237151,"relics_obtained":[{"floor":2,"key":"Juzu Bracelet"},{"floor":6,"key":"Toxic Egg 2"},{"floor":9,"key":"Pear"},{"floor":12,"key":"Tingsha"},{"floor":23,"key":"Strawberry"},{"floor":25,"key":"Whetstone"},{"floor":26,"key":"Centennial Puzzle"},{"floor":28,"key":"Anchor"},{"floor":31,"key":"Bottled Flame"},{"floor":37,"key":"Pocketwatch"},{"floor":40,"key":"Kunai"},{"floor":40,"key":"PreservedInsect"},{"floor":45,"key":"Potion Belt"},{"floor":45,"key":"Bag of Marbles"},{"floor":48,"key":"Boot"},{"floor":48,"key":"Calipers"},{"floor":54,"key":"Gremlin Horn"},{"floor":54,"key":"Oddly Smooth Stone"}],"event_choices":[{"damage_healed":0,"gold_gain":0,"player_choice":"Take Wound","damage_taken":0,"relics_obtained":["Golden Idol"],"max_hp_gain":0,"max_hp_loss":0,"event_name":"Golden Idol","floor":3,"gold_loss":0,"cards_obtained":["Injury"]},{"damage_healed":0,"gold_gain":0,"player_choice":"Gave Potion","damage_taken":0,"relics_obtained":["Thread and Needle"],"max_hp_gain":0,"max_hp_loss":0,"event_name":"WeMeetAgain","floor":7,"gold_loss":0},{"cards_removed":["Injury"],"damage_healed":0,"gold_gain":0,"player_choice":"Gave Gold","damage_taken":0,"max_hp_gain":0,"max_hp_loss":0,"event_name":"Beggar","floor":19,"gold_loss":75},{"cards_removed":["Strike_G"],"damage_healed":0,"gold_gain":0,"player_choice":"Single Remove","damage_taken":0,"max_hp_gain":0,"max_hp_loss":0,"event_name":"Designer","floor":20,"gold_loss":60},{"damage_healed":0,"gold_gain":0,"player_choice":"Fight","damage_taken":0,"max_hp_gain":0,"max_hp_loss":0,"event_name":"Mysterious Sphere","floor":37,"gold_loss":0},{"damage_healed":0,"gold_gain":0,"player_choice":"Max HP","damage_taken":0,"max_hp_gain":0,"max_hp_loss":4,"event_name":"Winding Halls","floor":39,"gold_loss":0},{"cards_removed":["Strike_G"],"damage_healed":0,"gold_gain":0,"player_choice":"Removed Attack","damage_taken":0,"max_hp_gain":0,"max_hp_loss":0,"event_name":"Falling","floor":41,"gold_loss":0},{"damage_healed":0,"gold_gain":0,"player_choice":"Memory 3","damage_taken":10,"max_hp_gain":0,"max_hp_loss":0,"event_name":"SensoryStone","floor":44,"gold_loss":0}],"is_beta":false,"boss_relics":[{"not_picked":["Astrolabe","Busted Crown"],"picked":"Fusion Hammer"},{"not_picked":["Runic Pyramid","Velvet Choker"],"picked":"Black Star"}],"items_purged_floors":[38,53],"is_endless":false,"potions_floor_spawned":[4,12,14,16,18,21,27,29,31,36,45,48,54],"ascension_level":9}