{"gold_per_floor":[365,376,78,78,94,94,114,114,114,155,155,155,155,168,168,292,292,311,325,152,173,48,48,89,89,116,116,139,139,139,179,179,303,303,323,30,43,43,66,66,104,437,464,464,494,505,15,32,32,32],"floor_reached":51,"playtime":4024,"items_purged":["Strike_G","Strike_G","Strike_G","Skewer","Heel Hook"],"score":1166,"play_id":"aebcb32f-a73e-47ba-afd5-79c3d36bd01a","local_time":"20190322152904","is_ascension_mode":true,"campfire_choices":[{"data":"Footwork","floor":6,"key":"SMITH"},{"floor":8,"key":"REST"},{"floor":15,"key":"REST"},{"floor":23,"key":"REST"},{"floor":25,"key":"REST"},{"floor":30,"key":"REST"},{"data":"Noxious Fumes","floor":32,"key":"SMITH"},{"floor":40,"key":"REST"},{"floor":44,"key":"REST"},{"floor":49,"key":"REST"}],"neow_cost":"PERCENT_DAMAGE","seed_source_timestamp":510249713588494,"circlet_count":0,"master_deck":["Defend_G+1","Defend_G","Defend_G","Defend_G+1","Defend_G","Strike_G+1","Survivor","Neutralize","Deflect","Footwork+1","Poisoned Stab+1","Blur+1","Corpse Explosion+1","Noxious Fumes+1","Deadly Poison+1","Escape Plan+1","Expertise+1","Leg Sweep+1","Bandage Up+1","Bane+1"],"relics":["Ring of the Snake","Vajra","Whetstone","Toxic Egg 2","Gremlin Horn","Sozu","War Paint","Centennial Puzzle","Bag of Preparation","Busted Crown","PreservedInsect","Orichalcum","Regal Pillow","Boot","Dream Catcher"],"potions_floor_usage":[10,16],"damage_taken":[{"damage":3,"enemies":"Cultist","floor":1,"turns":4},{"damage":0,"enemies":"2 Louse","floor":2,"turns":3},{"damage":0,"enemies":"Small Slimes","floor":5,"turns":6},{"damage":5,"enemies":"3 Louse","floor":7,"turns":4},{"damage":23,"enemies":"Gremlin Nob","floor":10,"turns":5},{"damage":4,"enemies":"Exordium Thugs","floor":14,"turns":4},{"damage":29,"enemies":"Slime Boss","floor":16,"turns":14},{"damage":3,"enemies":"3 Byrds","floor":18,"turns":4},{"damage":0,"enemies":"Chosen","floor":19,"turns":5},{"damage":18,"enemies":"Snecko","floor":21,"turns":4},{"damage":28,"enemies":"Gremlin Leader","floor":24,"turns":7},{"damage":0,"enemies":"Chosen and Byrds","floor":28,"turns":5},{"damage":10,"enemies":"Book of Stabbing","floor":31,"turns":6},{"damage":35,"enemies":"Automaton","floor":33,"turns":10},{"damage":11,"enemies":"3 Darklings","floor":35,"turns":4},{"damage":0,"enemies":"Orb Walker","floor":37,"turns":4},{"damage":13,"enemies":"Spire Growth","floor":39,"turns":5},{"damage":8,"enemies":"Nemesis","floor":41,"turns":7},{"damage":31,"enemies":"Giant Head","floor":45,"turns":9},{"damage":0,"enemies":"Writhing Mass","floor":46,"turns":5},{"damage":8,"enemies":"3 Darklings","floor":48,"turns":3},{"damage":38,"enemies":"Time Eater","floor":50,"turns":18}],"seed_played":"-6050917620968096227","potions_obtained":[{"floor":5,"key":"Explosive Potion"},{"floor":7,"key":"FearPotion"},{"floor":10,"key":"GamblersBrew"}],"is_trial":false,"path_per_floor":["M","M","$","?","M","R","M","R","T","E","?","?","?","M","R","B",null,"M","M","$","M","$","R","E","R","T","$","M","?","R","E","R","B",null,"M","$","M","?","M","R","E","?","T","R","E","M","$","M","R","B",null],"character_chosen":"THE_SILENT","items_purchased":["Vajra","Footwork","Escape Plan+1","PreservedInsect","Dream Catcher","Leg Sweep+1","Bandage Up+1"],"campfire_rested":8,"item_purchase_floors":[3,3,20,36,47,47,47],"current_hp_per_floor":[42,42,42,42,42,42,37,56,56,33,33,15,15,11,30,1,49,46,46,46,28,28,47,19,38,38,38,38,38,57,47,47,12,52,41,41,41,41,28,47,39,39,39,65,34,34,34,32,65,27],"gold":32,"neow_bonus":"TWO_FIFTY_GOLD","is_prod":false,"is_daily":false,"chose_seed":false,"campfire_upgraded":2,"win_rate":0,"timestamp":1553264944,"path_taken":["M","M","$","?","M","R","M","R","T","E","?","?","?","?","R","BOSS","M","?","?","M","$","R","E","R","T","$","M","?","R","E","R","BOSS","M","$","M","?","M","R","E","?","T","R","E","M","$","M","R","BOSS"],"build_version":"2019-01-23","purchased_purges":5,"victory":true,"max_hp_per_floor":[70,70,70,65,65,65,65,65,65,65,65,65,65,65,65,65,65,65,65,65,65,65,65,65,65,65,65,65,65,65,65,65,65,65,65,65,65,65,65,65,65,65,65,65,65,65,65,65,65,65],"card_choices":[{"not_picked":["Flying Knee","Backflip"],"picked":"Skewer","floor":1},{"not_picked":["Riddle With Holes","Caltrops"],"picked":"Deflect","floor":2},{"not_picked":["Finisher","Dagger Throw"],"picked":"Poisoned Stab","floor":5},{"not_picked":["Predator","Heel Hook","Underhanded Strike"],"picked":"SKIP","floor":7},{"not_picked":["Outmaneuver","Cloak And Dagger","Sucker Punch"],"picked":"SKIP","floor":10},{"not_picked":["Outmaneuver","Cloak And Dagger","Sucker Punch"],"picked":"SKIP","floor":10},{"not_picked":["Acrobatics+1","Backflip+1"],"picked":"Blur+1","floor":14},{"not_picked":["Malaise+1","Night Terror+1"],"picked":"Corpse Explosion+1","floor":16},{"not_picked":["Prepared+1","Cloak And Dagger+1"],"picked":"Noxious Fumes","floor":18},{"not_picked":["Slice","All Out Attack"],"picked":"Deadly Poison+1","floor":19},{"not_picked":["Distraction+1","Choke+1"],"picked":"Expertise+1","floor":21},{"not_picked":["Bouncing Flask+1","Prepared+1","Escape Plan+1"],"picked":"SKIP","floor":24},{"not_picked":["Wraith Form v2","Sucker Punch","Heel Hook"],"picked":"SKIP","floor":28},{"not_picked":["Cloak And Dagger+1","Quick Slash+1","Blade Dance+1"],"picked":"SKIP","floor":31},{"not_picked":["Heel Hook"],"picked":"SKIP","floor":35},{"not_picked":["Dagger Spray+1"],"picked":"SKIP","floor":37},{"not_picked":["Dagger Throw+1"],"picked":"SKIP","floor":39},{"not_picked":["Skewer"],"picked":"SKIP","floor":41},{"not_picked":["Underhanded Strike"],"picked":"SKIP","floor":45},{"not_picked":["Dash"],"picked":"SKIP","floor":46},{"not_picked":[],"picked":"Bane+1","floor":48}],"player_experience":340453,"relics_obtained":[{"floor":9,"key":"Whetstone"},{"floor":10,"key":"Toxic Egg 2"},{"floor":24,"key":"War Paint"},{"floor":26,"key":"Centennial Puzzle"},{"floor":31,"key":"Bag of Preparation"},{"floor":41,"key":"Orichalcum"},{"floor":43,"key":"Regal Pillow"},{"floor":45,"key":"Boot"}],"event_choices":[{"damage_healed":0,"gold_gain":0,"player_choice":"Lose Max HP","damage_taken":0,"relics_obtained":["Golden Idol"],"max_hp_gain":0,"max_hp_loss":5,"event_name":"Golden Idol","floor":4,"gold_loss":0},{"damage_healed":0,"gold_gain":0,"player_choice":"Ignored","damage_taken":0,"max_hp_gain":0,"max_hp_loss":0,"event_name":"Shining Light","floor":11,"gold_loss":0},{"damage_healed":0,"gold_gain":0,"player_choice":"Success","damage_taken":18,"relics_obtained":["Gremlin Horn"],"max_hp_gain":0,"max_hp_loss":0,"event_name":"Scrap Ooze","floor":12,"gold_loss":0},{"damage_healed":0,"gold_gain":0,"cards_transformed":["Strike_G"],"player_choice":"Transformed","damage_taken":0,"max_hp_gain":0,"max_hp_loss":0,"event_name":"Transmorgrifier","floor":13,"gold_loss":0,"cards_obtained":["Heel Hook"]},{"damage_healed":0,"gold_gain":0,"player_choice":"Ignored","damage_taken":0,"max_hp_gain":0,"max_hp_loss":0,"event_name":"Vampires","floor":29,"gold_loss":0},{"damage_healed":0,"gold_gain":0,"player_choice":"Memory 1","damage_taken":0,"max_hp_gain":0,"max_hp_loss":0,"event_name":"SensoryStone","floor":38,"gold_loss":0},{"damage_healed":0,"gold_gain":333,"player_choice":"Gave Idol","damage_taken":0,"max_hp_gain":0,"max_hp_loss":0,"event_name":"The Moai Head","floor":42,"relics_lost":["Golden Idol"],"gold_loss":0}],"is_beta":false,"boss_relics":[{"not_picked":["Lizard Tail","Fusion Hammer"],"picked":"Sozu"},{"not_picked":["Pandora\u0027s Box","Calling Bell"],"picked":"Busted Crown"}],"items_purged_floors":[3,20,22,36,47],"is_endless":false,"potions_floor_spawned":[5,7,10,21,28,31,33,39,41,45,48],"ascension_level":9}