{"gold_per_floor":[113,22,97,107,257,257,292,292,292,292,304,315,342,153,153,153],"floor_reached":16,"playtime":344,"items_purged":["Strike_B"],"score":258,"play_id":"8ed77dbc-d119-460c-a212-b1f5b81c8d47","local_time":"20190408234618","is_ascension_mode":true,"campfire_choices":[{"data":"Gash","floor":6,"key":"SMITH"},{"data":"Self Repair","floor":8,"key":"SMITH"},{"floor":15,"key":"REST"}],"neow_cost":"NONE","seed_source_timestamp":779534318503600,"circlet_count":0,"master_deck":["AscendersBane","Strike_B","Strike_B","Strike_B","Defend_B","Defend_B","Defend_B","Defend_B","Zap","Dualcast","Gash+1","Flash of Steel","Self Repair+1","Rebound","Reprogram","Steam","Skim","FTL","Turbo"],"relics":["Cracked Core","NeowsBlessing","Bottled Lightning","Smiling Mask","Spirit Poop","StoneCalendar"],"potions_floor_usage":[13,16],"damage_taken":[{"damage":0,"enemies":"Small Slimes","floor":1,"turns":1},{"damage":0,"enemies":"2 Louse","floor":4,"turns":1},{"damage":0,"enemies":"Lagavulin","floor":7,"turns":2},{"damage":1,"enemies":"Cultist","floor":11,"turns":3},{"damage":39,"enemies":"Exordium Thugs","floor":12,"turns":5},{"damage":34,"enemies":"3 Sentries","floor":13,"turns":6},{"damage":40,"enemies":"Hexaghost","floor":16,"turns":7}],"seed_played":"5977916802517467115","potions_obtained":[{"floor":4,"key":"LiquidBronze"},{"floor":7,"key":"SteroidPotion"},{"floor":13,"key":"Swift Potion"}],"is_trial":false,"path_per_floor":["M","$","?","M","?","R","E","R","T","?","M","M","E","$","R","B"],"character_chosen":"DEFECT","items_purchased":["Flash of Steel","FTL","Turbo"],"campfire_rested":1,"item_purchase_floors":[2,14,14],"current_hp_per_floor":[64,64,53,53,53,53,60,60,60,60,69,40,16,16,37,0],"gold":153,"neow_bonus":"THREE_ENEMY_KILL","is_prod":false,"is_daily":false,"chose_seed":false,"campfire_upgraded":2,"win_rate":0,"timestamp":1554759978,"path_taken":["M","$","?","M","?","R","E","R","T","?","M","M","E","$","R","BOSS"],"build_version":"2019-01-23","purchased_purges":1,"victory":false,"max_hp_per_floor":[71,71,71,71,71,71,71,71,71,71,71,71,71,71,71,71],"card_choices":[{"not_picked":["Cold Snap","Streamline"],"picked":"Gash","floor":1},{"not_picked":["Rebound","Force Field"],"picked":"Self Repair","floor":4},{"not_picked":["Self Repair","Multi-Cast"],"picked":"Rebound","floor":7},{"not_picked":["Sweeping Beam","Compile Driver"],"picked":"Reprogram","floor":11},{"not_picked":["Redo","Hologram"],"picked":"Steam","floor":12},{"not_picked":["Aggregate","Loop"],"picked":"Skim","floor":13}],"player_experience":518640,"relics_obtained":[{"floor":7,"key":"Bottled Lightning"},{"floor":9,"key":"Smiling Mask"},{"floor":13,"key":"StoneCalendar"}],"event_choices":[{"damage_healed":0,"gold_gain":75,"player_choice":"Gather Gold","damage_taken":11,"max_hp_gain":0,"max_hp_loss":0,"event_name":"World of Goop","floor":3,"gold_loss":0},{"damage_healed":0,"gold_gain":150,"player_choice":"AGREE","damage_taken":0,"max_hp_gain":0,"max_hp_loss":0,"event_name":"Liars Game","floor":5,"gold_loss":0,"cards_obtained":["Doubt"]},{"cards_removed":["Doubt"],"damage_healed":0,"gold_gain":0,"player_choice":"Offered Curse","damage_taken":0,"relics_obtained":["Spirit Poop"],"max_hp_gain":0,"max_hp_loss":0,"event_name":"Bonfire Elementals","floor":10,"gold_loss":0}],"is_beta":false,"boss_relics":[],"items_purged_floors":[14],"is_endless":false,"potions_floor_spawned":[4,7,13],"killed_by":"Hexaghost","ascension_level":19}