{"gold_per_floor":[109,109,121,136,136,136,146,91,91,91,107,121,121,271,271,342,342,342,342,342,342,267,267],"floor_reached":23,"playtime":538,"items_purged":["Doubt"],"score":339,"play_id":"ff554ceb-f61b-46fd-a672-182f1f7b7dd5","local_time":"20190314211950","is_ascension_mode":true,"campfire_choices":[{"data":"Zap","floor":6,"key":"SMITH"},{"data":"Dualcast","floor":10,"key":"SMITH"},{"floor":15,"key":"REST"}],"neow_cost":"PERCENT_DAMAGE","seed_source_timestamp":86353481954900,"circlet_count":0,"master_deck":["AscendersBane","Strike_B","Strike_B","Strike_B","Strike_B","Defend_B","Defend_B","Defend_B","Defend_B","Zap+1","Dualcast+1","Coolheaded","Creative AI","Cold Snap","Rainbow","Rainbow","Conserve Battery+1"],"relics":["Cracked Core","Turnip","Bronze Scales","Blue Candle","Ectoplasm","Vajra"],"potions_floor_usage":[16],"damage_taken":[{"damage":1,"enemies":"2 Louse","floor":1,"turns":2},{"damage":5,"enemies":"Cultist","floor":3,"turns":4},{"damage":13,"enemies":"Small Slimes","floor":4,"turns":4},{"damage":2,"enemies":"Red Slaver","floor":7,"turns":4},{"damage":9,"enemies":"Exordium Thugs","floor":11,"turns":4},{"damage":2,"enemies":"3 Louse","floor":12,"turns":4},{"damage":13,"enemies":"The Guardian","floor":16,"turns":9},{"damage":20,"enemies":"Shell Parasite","floor":18,"turns":6},{"damage":9,"enemies":"3 Byrds","floor":20,"turns":3},{"damage":10,"enemies":"Snake Plant","floor":21,"turns":3},{"damage":19,"enemies":"Book of Stabbing","floor":23,"turns":3}],"seed_played":"5799932270089468705","potions_obtained":[{"floor":3,"key":"SpeedPotion"},{"floor":4,"key":"GamblersBrew"},{"floor":7,"key":"FocusPotion"},{"floor":18,"key":"SpeedPotion"}],"is_trial":false,"path_per_floor":["M","?","M","M","T","R","M","$","T","R","M","M","$","?","R","B",null,"M","?","M","M","$","E"],"character_chosen":"DEFECT","items_purchased":["Cold Snap"],"campfire_rested":1,"item_purchase_floors":[8],"current_hp_per_floor":[45,41,36,23,23,23,21,21,21,21,12,10,10,10,31,18,58,38,38,29,19,19,0],"gold":267,"neow_bonus":"ONE_RARE_RELIC","is_prod":false,"is_daily":false,"chose_seed":false,"campfire_upgraded":2,"win_rate":0,"timestamp":1552594790,"path_taken":["M","?","M","?","?","R","?","?","T","R","?","M","$","?","R","BOSS","M","?","M","?","$","E"],"build_version":"2019-01-23","purchased_purges":1,"victory":false,"max_hp_per_floor":[71,71,71,71,71,71,71,71,71,71,71,71,71,71,71,71,71,71,71,71,71,71,71],"card_choices":[{"not_picked":["Stack","Steam"],"picked":"Coolheaded","floor":1},{"not_picked":["Redo","Streamline"],"picked":"Creative AI","floor":3},{"not_picked":["Lockon","Ball Lightning","Steam"],"picked":"SKIP","floor":4},{"not_picked":["Sweeping Beam","Steam","Aggregate"],"picked":"SKIP","floor":7},{"not_picked":["Barrage","Stack","Rip and Tear"],"picked":"SKIP","floor":11},{"not_picked":["Stack","Steam"],"picked":"Rainbow","floor":12},{"not_picked":["Creative AI","Fission"],"picked":"Rainbow","floor":16},{"not_picked":["Compile Driver","Go for the Eyes","Sweeping Beam+1"],"picked":"SKIP","floor":18},{"not_picked":["Steam","Rainbow"],"picked":"Conserve Battery+1","floor":20},{"not_picked":["Cold Snap","Redo","Go for the Eyes"],"picked":"SKIP","floor":21}],"player_experience":482359,"relics_obtained":[{"floor":5,"key":"Bronze Scales"},{"floor":9,"key":"Blue Candle"}],"event_choices":[{"damage_healed":0,"gold_gain":0,"player_choice":"Bought 0 Potions","damage_taken":0,"max_hp_gain":0,"max_hp_loss":0,"event_name":"The Woman in Blue","floor":2,"gold_loss":0},{"damage_healed":0,"gold_gain":150,"player_choice":"AGREE","damage_taken":0,"max_hp_gain":0,"max_hp_loss":0,"event_name":"Liars Game","floor":14,"gold_loss":0,"cards_obtained":["Doubt"]},{"damage_healed":0,"gold_gain":0,"player_choice":"Gave Potion","damage_taken":0,"relics_obtained":["Vajra"],"max_hp_gain":0,"max_hp_loss":0,"event_name":"WeMeetAgain","floor":19,"gold_loss":0}],"is_beta":false,"boss_relics":[{"not_picked":["Lizard Tail","Runic Dome"],"picked":"Ectoplasm"}],"items_purged_floors":[22],"is_endless":false,"potions_floor_spawned":[3,4,7,18],"killed_by":"Book of Stabbing","ascension_level":17}