{"gold_per_floor":[109,109,125,138,138,138,138,138,138,154,154,181,200,216,216,320,320,330,344,358,376,386,386,403,431,454,379,379,420,531,562,574,683,695,717,729,741,800,823,835,879,906,918,954,978,1004,1016,1059,1071,1083],"floor_reached":50,"playtime":3310,"items_purged":["Strike_B"],"score":598,"play_id":"881f5dd6-a9ab-4cbf-985b-242fe14c5261","local_time":"20190407130138","is_ascension_mode":true,"campfire_choices":[{"data":"Genetic Algorithm","floor":6,"key":"SMITH"},{"data":"Zap","floor":8,"key":"SMITH"},{"floor":11,"key":"REST"},{"data":"Sunder","floor":15,"key":"SMITH"},{"data":"Seek","floor":23,"key":"SMITH"},{"data":"Go for the Eyes","floor":32,"key":"SMITH"},{"data":"Hologram","floor":40,"key":"SMITH"},{"data":"Echo Form","floor":47,"key":"SMITH"},{"data":"Chaos","floor":49,"key":"SMITH"}],"neow_cost":"NONE","seed_source_timestamp":137826548222430,"circlet_count":0,"master_deck":["Strike_B","Defend_B+1","Defend_B+1","Defend_B","Defend_B","Zap+1","Cold Snap","BootSequence","Genetic Algorithm+1","Core Surge","Coolheaded+1","Sunder+1","Seek+1","Cold Snap+1","Barrage+1","Tempest","Echo Form+1","Go for the Eyes+1","FTL+1","Biased Cognition","Hologram+1","Chaos+1","Defragment+1"],"relics":["Cracked Core","Pen Nib","Smiling Mask","Philosopher\u0027s Stone","Question Card","Bag of Preparation","MawBank","War Paint","Runic Pyramid","Nunchaku","Potion Belt","Meat on the Bone","Vajra","DataDisk"],"potions_floor_usage":[18,21,29,29,33,41,48,48,50],"damage_taken":[{"damage":0,"enemies":"2 Louse","floor":1,"turns":1},{"damage":5,"enemies":"Small Slimes","floor":3,"turns":4},{"damage":4,"enemies":"Cultist","floor":4,"turns":3},{"damage":9,"enemies":"Gremlin Gang","floor":10,"turns":4},{"damage":2,"enemies":"Lagavulin","floor":12,"turns":8},{"damage":0,"enemies":"Blue Slaver","floor":13,"turns":4},{"damage":0,"enemies":"Large Slime","floor":14,"turns":5},{"damage":5,"enemies":"Slime Boss","floor":16,"turns":12},{"damage":6,"enemies":"3 Byrds","floor":18,"turns":3},{"damage":0,"enemies":"Chosen","floor":19,"turns":5},{"damage":4,"enemies":"Centurion and Healer","floor":20,"turns":8},{"damage":0,"enemies":"Chosen and Byrds","floor":21,"turns":6},{"damage":4,"enemies":"Shelled Parasite and Fungi","floor":22,"turns":8},{"damage":0,"enemies":"3 Cultists","floor":24,"turns":5},{"damage":34,"enemies":"Gremlin Leader","floor":25,"turns":6},{"damage":4,"enemies":"Book of Stabbing","floor":29,"turns":5},{"damage":0,"enemies":"Snecko","floor":31,"turns":4},{"damage":32,"enemies":"Champ","floor":33,"turns":11},{"damage":8,"enemies":"3 Darklings","floor":35,"turns":4},{"damage":0,"enemies":"2 Orb Walkers","floor":38,"turns":4},{"damage":0,"enemies":"3 Shapes","floor":39,"turns":3},{"damage":30,"enemies":"Giant Head","floor":41,"turns":8},{"damage":20,"enemies":"Writhing Mass","floor":42,"turns":6},{"damage":0,"enemies":"4 Shapes","floor":45,"turns":4},{"damage":0,"enemies":"Transient","floor":46,"turns":5},{"damage":2,"enemies":"Reptomancer","floor":48,"turns":6},{"damage":62,"enemies":"Donu and Deca","floor":50,"turns":7}],"seed_played":"4453579177591210647","potions_obtained":[{"floor":3,"key":"LiquidBronze"},{"floor":4,"key":"Block Potion"},{"floor":10,"key":"FocusPotion"},{"floor":19,"key":"Energy Potion"},{"floor":20,"key":"Regen Potion"},{"floor":25,"key":"GamblersBrew"},{"floor":35,"key":"Fire Potion"},{"floor":42,"key":"Regen Potion"},{"floor":45,"key":"GamblersBrew"},{"floor":48,"key":"Energy Potion"}],"is_trial":false,"path_per_floor":["M","?","M","M","?","R","?","R","T","M","R","E","M","M","R","B",null,"M","M","M","M","M","R","M","E","T","$","?","E","?","M","R","B",null,"M","?","?","?","M","R","E","M","T","T","M","M","R","E","R","B"],"character_chosen":"DEFECT","items_purchased":["Go for the Eyes"],"campfire_rested":1,"item_purchase_floors":[27],"current_hp_per_floor":[75,68,63,59,59,59,44,44,44,35,57,55,55,55,55,50,75,69,69,65,65,61,61,61,27,27,27,27,37,37,37,37,5,75,67,67,67,67,67,67,37,17,17,17,29,41,41,54,54,0],"gold":1083,"neow_bonus":"RANDOM_COMMON_RELIC","is_prod":false,"is_daily":false,"chose_seed":false,"campfire_upgraded":8,"win_rate":0,"timestamp":1554634898,"path_taken":["M","?","M","M","?","R","?","R","T","M","R","E","M","M","R","BOSS","M","M","M","M","M","R","M","E","T","$","?","E","?","M","R","BOSS","M","?","?","?","M","R","E","M","T","?","M","M","R","E","R","BOSS"],"build_version":"2019-01-23","purchased_purges":1,"victory":false,"max_hp_per_floor":[75,75,75,75,75,75,75,75,75,75,75,75,75,75,75,75,75,75,75,75,75,75,75,75,75,75,75,75,75,75,75,75,75,75,75,75,75,75,75,75,75,75,75,75,75,75,75,75,75,75],"card_choices":[{"not_picked":["Redo","Barrage"],"picked":"Cold Snap","floor":1},{"not_picked":["Chill","Leap"],"picked":"BootSequence","floor":3},{"not_picked":["Coolheaded","Beam Cell"],"picked":"Genetic Algorithm","floor":4},{"not_picked":["Static Discharge","Redo"],"picked":"Coolheaded","floor":10},{"not_picked":["Thunder Strike","Turbo","Melter"],"picked":"SKIP","floor":12},{"not_picked":["Hello World","Beam Cell"],"picked":"Sunder","floor":13},{"not_picked":["Fusion","Gash","Double Energy"],"picked":"SKIP","floor":14},{"not_picked":["Meteor Strike","Amplify"],"picked":"Seek","floor":16},{"not_picked":["Turbo","Conserve Battery+1","Cold Snap+1"],"picked":"SKIP","floor":18},{"not_picked":["Ball Lightning","Auto Shields","Coolheaded"],"picked":"SKIP","floor":19},{"not_picked":["Redo","Reinforced Body","Turbo"],"picked":"SKIP","floor":20},{"not_picked":["Redo","Stack"],"picked":"Cold Snap+1","floor":21},{"not_picked":["Ball Lightning","Gash"],"picked":"Barrage+1","floor":22},{"not_picked":["Turbo","Force Field+1"],"picked":"Tempest","floor":24},{"not_picked":["Beam Cell","Double Energy+1"],"picked":"Echo Form","floor":25},{"not_picked":["Rebound+1","Beam Cell","Recycle","Fusion+1"],"picked":"SKIP","floor":29},{"not_picked":["Go for the Eyes+1","Ball Lightning","Steam Power"],"picked":"FTL+1","floor":31},{"not_picked":["Rainbow","Buffer","Seek"],"picked":"Biased Cognition","floor":33},{"not_picked":["Turbo","Redo+1","FTL","Go for the Eyes+1"],"picked":"SKIP","floor":35},{"not_picked":["Ball Lightning+1","Sunder","Reprogram"],"picked":"Hologram","floor":38},{"not_picked":["Blizzard","Hello World","Beam Cell"],"picked":"Chaos","floor":39},{"not_picked":["Steam","Gash+1","Leap+1"],"picked":"Defragment+1","floor":41},{"not_picked":["Doom and Gloom","Sweeping Beam+1","Hologram","Gash"],"picked":"SKIP","floor":42},{"not_picked":["Recycle+1","Scrape","Conserve Battery+1","Amplify"],"picked":"SKIP","floor":45},{"not_picked":["BootSequence","Conserve Battery","Coolheaded","Barrage+1"],"picked":"SKIP","floor":46},{"not_picked":["Redo+1","Double Energy","Skim","Doom and Gloom+1"],"picked":"SKIP","floor":48}],"player_experience":454883,"relics_obtained":[{"floor":12,"key":"Smiling Mask"},{"floor":25,"key":"Question Card"},{"floor":26,"key":"Bag of Preparation"},{"floor":29,"key":"War Paint"},{"floor":38,"key":"Nunchaku"},{"floor":41,"key":"Potion Belt"},{"floor":43,"key":"Meat on the Bone"},{"floor":44,"key":"Vajra"},{"floor":48,"key":"DataDisk"}],"event_choices":[{"cards_removed":["Strike_B"],"damage_healed":0,"gold_gain":0,"player_choice":"Card Removal","damage_taken":7,"max_hp_gain":0,"max_hp_loss":0,"event_name":"Golden Wing","floor":2,"gold_loss":0},{"damage_healed":0,"gold_gain":0,"cards_transformed":["Strike_B"],"player_choice":"Change","damage_taken":0,"max_hp_gain":0,"max_hp_loss":0,"event_name":"Living Wall","floor":5,"gold_loss":0,"cards_obtained":["Core Surge"]},{"damage_healed":0,"gold_gain":0,"player_choice":"Entered Light","damage_taken":15,"max_hp_gain":0,"max_hp_loss":0,"event_name":"Shining Light","floor":7,"gold_loss":0,"cards_upgraded":["Defend_B","Dualcast"]},{"damage_healed":0,"gold_gain":0,"player_choice":"Opened","damage_taken":0,"relics_obtained":["MawBank"],"max_hp_gain":0,"max_hp_loss":0,"event_name":"The Mausoleum","floor":28,"gold_loss":0},{"damage_healed":0,"gold_gain":99,"player_choice":"Stole From Cult","damage_taken":0,"max_hp_gain":0,"max_hp_loss":0,"event_name":"Nest","floor":30,"gold_loss":0},{"damage_healed":0,"gold_gain":0,"player_choice":"Memory 1","damage_taken":0,"max_hp_gain":0,"max_hp_loss":0,"event_name":"SensoryStone","floor":36,"gold_loss":0},{"cards_removed":["Dualcast"],"damage_healed":0,"gold_gain":0,"player_choice":"Removed Skill","damage_taken":0,"max_hp_gain":0,"max_hp_loss":0,"event_name":"Falling","floor":37,"gold_loss":0},{"damage_healed":0,"gold_gain":0,"player_choice":"Fight","damage_taken":0,"max_hp_gain":0,"max_hp_loss":0,"event_name":"Mysterious Sphere","floor":38,"gold_loss":0}],"is_beta":false,"boss_relics":[{"not_picked":["White Beast Statue","Runic Dome"],"picked":"Philosopher\u0027s Stone"},{"not_picked":["Velvet Choker","Snecko Eye"],"picked":"Runic Pyramid"}],"items_purged_floors":[27],"is_endless":false,"potions_floor_spawned":[3,4,10,13,16,19,20,25,35,42,45,48],"killed_by":"Donu and Deca","ascension_level":1}