{"gold_per_floor":[119,44,44,54,64,93,93,108,108,163,109,124,124,124,124,201,201,212,212,212,17,36,62,62,89,116,116,16,16,34,44,44,117,117,131,131,131,148,164,164,199,199,199,21,21,21,21,41,41,41,41],"floor_reached":51,"playtime":2066,"items_purged":["Strike_R","Doubt","Regret"],"score":1372,"play_id":"45c4356a-f703-417f-8ae0-3e54fe88e268","local_time":"20190412224036","is_ascension_mode":true,"campfire_choices":[{"floor":7.0,"key":"RECALL"},{"floor":15.0,"key":"REST"},{"floor":24.0,"key":"REST"},{"floor":27.0,"key":"REST"},{"data":"Battle Trance","floor":29.0,"key":"SMITH"},{"floor":32.0,"key":"REST"},{"floor":40.0,"key":"REST"},{"floor":46.0,"key":"REST"},{"floor":49.0,"key":"REST"}],"neow_cost":"TEN_PERCENT_HP_LOSS","seed_source_timestamp":116481425566100,"circlet_count":0,"master_deck":["AscendersBane","Strike_R","Strike_R","Strike_R","Defend_R","Defend_R","Defend_R","Defend_R","Bash","Dramatic Entrance","Apotheosis+1","Cleave","Exhume","Clothesline","Thunderclap","Warcry+1","Rampage","Barricade","Metallicize","RitualDagger","Burning Pact","Battle Trance+1","Warcry","Demon Form+1","Deep Breath"],"special_seed":0,"relics":["Burning Blood","Bag of Preparation","Bottled Flame","Magic Flower","Blue Candle","Cursed Key","Frozen Egg 2","Gremlin Horn","Busted Crown","StoneCalendar","Champion Belt"],"potions_floor_usage":[51],"damage_taken":[{"damage":10.0,"enemies":"Small Slimes","floor":1.0,"turns":2.0},{"damage":1.0,"enemies":"Cultist","floor":4.0,"turns":4.0},{"damage":7.0,"enemies":"Jaw Worm","floor":5.0,"turns":2.0},{"damage":15.0,"enemies":"Lagavulin","floor":6.0,"turns":6.0},{"damage":13.0,"enemies":"Blue Slaver","floor":8.0,"turns":3.0},{"damage":29.0,"enemies":"Lagavulin Event","floor":10.0,"turns":5.0},{"damage":10.0,"enemies":"3 Louse","floor":12.0,"turns":4.0},{"damage":46.0,"enemies":"Slime Boss","floor":16.0,"turns":9.0},{"damage":19.0,"enemies":"Spheric Guardian","floor":18.0,"turns":4.0},{"damage":9.0,"enemies":"2 Thieves","floor":22.0,"turns":3.0},{"damage":8.0,"enemies":"Gremlin Leader","floor":23.0,"turns":5.0},{"damage":22.0,"enemies":"Slavers","floor":25.0,"turns":3.0},{"damage":15.0,"enemies":"Cultist and Chosen","floor":30.0,"turns":5.0},{"damage":26.0,"enemies":"Snake Plant","floor":31.0,"turns":4.0},{"damage":39.0,"enemies":"Automaton","floor":33.0,"turns":9.0},{"damage":44.0,"enemies":"Orb Walker","floor":35.0,"turns":5.0},{"damage":9.0,"enemies":"3 Shapes","floor":38.0,"turns":3.0},{"damage":12.0,"enemies":"Jaw Worm Horde","floor":39.0,"turns":3.0},{"damage":37.0,"enemies":"Giant Head","floor":41.0,"turns":6.0},{"damage":18.0,"enemies":"Transient","floor":48.0,"turns":6.0},{"damage":49.0,"enemies":"Awakened One","floor":50.0,"turns":17.0},{"damage":31,"enemies":"Time Eater","floor":51,"turns":5}],"seed_played":"-9199808345972432508","potions_obtained":[{"floor":1.0,"key":"SpeedPotion"},{"floor":12.0,"key":"Dexterity Potion"},{"floor":16.0,"key":"PowerPotion"},{"floor":22.0,"key":"Weak Potion"},{"floor":31.0,"key":"Swift Potion"},{"floor":35.0,"key":"Weak Potion"},{"floor":37.0,"key":"SteroidPotion"},{"floor":48.0,"key":"Regen Potion"}],"is_trial":false,"path_per_floor":["M","?","?","M","M","E","R","M","T","?","$","M","T","?","R","B",null,"M","?","?","$","M","E","R","E","T","R","$","R","M","M","R","B",null,"M","?","?","M","M","R","E","?","T","$","?","R","?","M","R","B","B"],"character_chosen":"IRONCLAD","items_purchased":["Warcry","Burning Pact","Inflame","Dexterity Potion"],"campfire_rested":7,"item_purchase_floors":[11,21,21,44],"current_hp_per_floor":[64,64,64,68,67,58,58,51,51,28,28,27,27,27,47,10,54,44,38,38,38,38,39,59,46,46,66,66,66,60,43,63,33,59,24,24,24,24,21,41,13,13,13,13,13,33,33,24,44,28,0],"gold":41,"neow_bonus":"RANDOM_COLORLESS_2","is_prod":false,"is_daily":false,"chose_seed":false,"campfire_upgraded":1,"win_rate":0,"timestamp":1555101636,"path_taken":["M","?","?","?","M","E","R","M","T","?","$","M","?","?","R","BOSS","M","?","?","$","M","E","R","E","T","R","$","R","M","M","R","BOSS","M","?","?","M","?","R","E","?","T","$","?","R","?","M","R","BOSS","BOSS"],"build_version":"2019-01-23","purchased_purges":3,"victory":false,"max_hp_per_floor":[68,68,68,68,68,68,68,68,68,68,68,68,68,68,68,68,68,68,68,68,68,68,68,68,68,68,68,68,68,68,68,68,68,68,68,68,68,68,68,68,68,68,68,68,68,68,68,68,68,68,68],"card_choices":[{"not_picked":["Twin Strike","Flex"],"picked":"Cleave","floor":1.0},{"not_picked":["Sword Boomerang","Evolve"],"picked":"Exhume","floor":4.0},{"not_picked":["Pummel","Rupture"],"picked":"Clothesline","floor":5.0},{"not_picked":["Bloodletting","Entrench","Clothesline"],"picked":"SKIP","floor":6.0},{"not_picked":["Havoc","True Grit","Flex"],"picked":"SKIP","floor":8.0},{"not_picked":["Wild Strike","Clothesline"],"picked":"Thunderclap","floor":10.0},{"not_picked":["Flex","Wild Strike"],"picked":"Rampage","floor":12.0},{"not_picked":["Feed","Bludgeon"],"picked":"Barricade","floor":16.0},{"not_picked":["Sword Boomerang","Rage"],"picked":"Metallicize","floor":18.0},{"not_picked":["Perfected Strike","Clothesline","Flex"],"picked":"SKIP","floor":22.0},{"not_picked":["Thunderclap","Power Through"],"picked":"Battle Trance","floor":23.0},{"not_picked":["Infernal Blade","Armaments","Whirlwind"],"picked":"SKIP","floor":25.0},{"not_picked":["Fire Breathing+1","Pummel"],"picked":"Warcry","floor":30.0},{"not_picked":["Flex","Clash+1","Wild Strike"],"picked":"SKIP","floor":31.0},{"not_picked":["Bludgeon","Immolate"],"picked":"Demon Form+1","floor":33.0},{"not_picked":["Headbutt"],"picked":"SKIP","floor":35.0},{"not_picked":["Cleave"],"picked":"SKIP","floor":38.0},{"not_picked":["Havoc+1"],"picked":"SKIP","floor":39.0},{"not_picked":["Hemokinesis"],"picked":"SKIP","floor":41.0},{"not_picked":[],"picked":"Deep Breath","floor":45.0},{"not_picked":["Thunderclap+1"],"picked":"SKIP","floor":48.0}],"player_experience":547525,"relics_obtained":[{"floor":6.0,"key":"Bag of Preparation"},{"floor":9.0,"key":"Bottled Flame"},{"floor":10.0,"key":"Magic Flower"},{"floor":13.0,"key":"Blue Candle"},{"floor":23.0,"key":"Frozen Egg 2"},{"floor":25.0,"key":"Gremlin Horn"},{"floor":41.0,"key":"StoneCalendar"},{"floor":43.0,"key":"Champion Belt"}],"event_choices":[{"cards_removed":["Strike_R"],"damage_healed":0.0,"max_hp_gain":0.0,"max_hp_loss":0.0,"gold_gain":0.0,"event_name":"The Cleric","player_choice":"Card Removal","floor":2.0,"gold_loss":75.0,"damage_taken":0.0},{"damage_healed":0.0,"max_hp_gain":0.0,"max_hp_loss":0.0,"gold_gain":0.0,"event_name":"Upgrade Shrine","player_choice":"Upgraded","floor":3.0,"gold_loss":0.0,"damage_taken":0.0,"cards_upgraded":["Apotheosis"]},{"damage_healed":0.0,"max_hp_gain":0.0,"max_hp_loss":0.0,"gold_gain":0.0,"event_name":"Dead Adventurer","player_choice":"Searched \u00272\u0027 times","floor":10.0,"gold_loss":0.0,"damage_taken":0.0},{"damage_healed":0.0,"max_hp_gain":0.0,"max_hp_loss":0.0,"gold_gain":0.0,"event_name":"Living Wall","player_choice":"Grow","floor":14.0,"gold_loss":0.0,"damage_taken":0.0,"cards_upgraded":["Warcry"]},{"damage_healed":0.0,"max_hp_gain":0.0,"max_hp_loss":0.0,"gold_gain":0.0,"event_name":"Nest","player_choice":"Joined the Cult","floor":19.0,"gold_loss":0.0,"damage_taken":6.0,"cards_obtained":["RitualDagger"]},{"damage_healed":0.0,"max_hp_gain":0.0,"max_hp_loss":0.0,"gold_gain":0.0,"event_name":"Ghosts","player_choice":"Ignored","floor":20.0,"gold_loss":0.0,"damage_taken":0.0},{"damage_healed":0.0,"max_hp_gain":0.0,"max_hp_loss":0.0,"gold_gain":0.0,"event_name":"Mysterious Sphere","player_choice":"Ignored","floor":36.0,"gold_loss":0.0,"damage_taken":0.0},{"damage_healed":0.0,"max_hp_gain":0.0,"max_hp_loss":0.0,"gold_gain":0.0,"event_name":"Lab","player_choice":"Got Potions","floor":37.0,"gold_loss":0.0,"damage_taken":0.0},{"damage_healed":0.0,"max_hp_gain":0.0,"max_hp_loss":0.0,"gold_gain":0.0,"event_name":"Tomb of Lord Red Mask","player_choice":"Ignored","floor":42.0,"gold_loss":0.0,"damage_taken":0.0},{"damage_healed":0.0,"max_hp_gain":0.0,"max_hp_loss":0.0,"gold_gain":0.0,"event_name":"SensoryStone","player_choice":"Memory 1","floor":45.0,"gold_loss":0.0,"damage_taken":0.0},{"cards_removed":["Inflame"],"damage_healed":0.0,"max_hp_gain":0.0,"max_hp_loss":0.0,"gold_gain":0.0,"event_name":"Falling","player_choice":"Removed Power","floor":47.0,"gold_loss":0.0,"damage_taken":0.0}],"is_beta":false,"boss_relics":[{"not_picked":["Runic Dome","Lizard Tail"],"picked":"Cursed Key"},{"not_picked":["Sozu","Velvet Choker"],"picked":"Busted Crown"}],"items_purged_floors":[21,28,44],"is_endless":false,"potions_floor_spawned":[1,12,16,22,31,35,48],"killed_by":"Time Eater","ascension_level":20}