{"gold_per_floor":[113,113,124,124,49,49,59,71,71,71,83,101,134,134,134,238,238,250,260,277,177,191,191,226,226,226,241,256,273,287,287,287,287],"floor_reached":33,"playtime":1635,"items_purged":["Defend_B","Strike_B"],"score":298,"play_id":"7be8faa8-7df9-419d-a2d5-211be4d0db63","local_time":"20181211233654","is_ascension_mode":false,"campfire_choices":[{"data":"Auto Shields","floor":10,"key":"SMITH"},{"data":"Dualcast","floor":15,"key":"SMITH"},{"data":"Seek","floor":23,"key":"SMITH"},{"floor":25,"key":"RECALL"},{"floor":32,"key":"REST"}],"neow_cost":"NONE","seed_source_timestamp":1116444923790253,"circlet_count":0,"master_deck":["Strike_B","Strike_B","Strike_B+1","Defend_B","Defend_B","Defend_B","Zap+1","Dualcast+1","Auto Shields+1","Cold Snap","Seek+1","Ball Lightning","Ball Lightning+1","Undo+1","Recycle"],"relics":["Cracked Core","Orichalcum","Anchor","Symbiotic Virus","Ancient Tea Set","Matryoshka","Velvet Choker","Whetstone","Pen Nib"],"potions_floor_usage":[8,13,13,13,24,24,24,27,33],"damage_taken":[{"damage":2,"enemies":"2 Louse","floor":1,"turns":2},{"damage":0,"enemies":"Jaw Worm","floor":3,"turns":2},{"damage":0,"enemies":"Cultist","floor":7,"turns":3},{"damage":0,"enemies":"Exordium Thugs","floor":8,"turns":4},{"damage":1,"enemies":"Lots of Slimes","floor":11,"turns":4},{"damage":0,"enemies":"Looter","floor":12,"turns":3},{"damage":2,"enemies":"Lagavulin","floor":13,"turns":5},{"damage":8,"enemies":"Slime Boss","floor":16,"turns":6},{"damage":12,"enemies":"Spheric Guardian","floor":18,"turns":4},{"damage":8,"enemies":"3 Byrds","floor":19,"turns":4},{"damage":12,"enemies":"Snecko","floor":20,"turns":4},{"damage":9,"enemies":"Snake Plant","floor":22,"turns":3},{"damage":0,"enemies":"Gremlin Leader","floor":24,"turns":6},{"damage":0,"enemies":"Cultist and Chosen","floor":27,"turns":6},{"damage":4,"enemies":"Centurion and Healer","floor":28,"turns":6},{"damage":1,"enemies":"Snake Plant","floor":29,"turns":3},{"damage":7,"enemies":"Snecko","floor":30,"turns":5},{"damage":104,"enemies":"Automaton","floor":33,"turns":12}],"seed_played":"1075849366652078934","potions_obtained":[{"floor":1,"key":"Dexterity Potion"},{"floor":7,"key":"Fire Potion"},{"floor":11,"key":"Ancient Potion"},{"floor":12,"key":"Fire Potion"},{"floor":16,"key":"EntropicBrew"},{"floor":19,"key":"FocusPotion"},{"floor":27,"key":"SkillPotion"},{"floor":28,"key":"Block Potion"},{"floor":29,"key":"FairyPotion"}],"is_trial":false,"path_per_floor":["M","?","M","?","$","$","M","M","T","R","M","M","E","T","R","B",null,"M","M","M","$","M","R","E","R","T","M","M","M","M","?","R","B"],"character_chosen":"DEFECT","items_purchased":[],"campfire_rested":1,"item_purchase_floors":[],"current_hp_per_floor":[73,61,61,61,61,61,61,61,61,61,60,60,58,58,58,50,75,63,55,43,43,34,34,34,34,34,34,30,29,22,22,44,0],"gold":287,"neow_bonus":"RANDOM_COMMON_RELIC","is_prod":false,"is_daily":false,"chose_seed":false,"campfire_upgraded":3,"win_rate":0,"timestamp":1544539014,"path_taken":["M","?","M","?","?","$","?","M","T","R","M","M","E","?","R","BOSS","M","M","M","$","M","R","E","R","T","M","M","M","?","?","R","BOSS"],"build_version":"2018-12-06","purchased_purges":2,"victory":false,"max_hp_per_floor":[75,75,75,75,75,75,75,75,75,75,75,75,75,75,75,75,75,75,75,75,75,75,75,75,75,75,75,75,75,75,75,75,75],"card_choices":[{"not_picked":["Defragment","Steam"],"picked":"Auto Shields","floor":1},{"not_picked":["Conserve Battery","Stack","Gash"],"picked":"SKIP","floor":3},{"not_picked":["Skim","Turbo","Steam"],"picked":"SKIP","floor":7},{"not_picked":["Stack","All For One"],"picked":"Cold Snap","floor":8},{"not_picked":["Conserve Battery","Reprogram","Steam Power"],"picked":"SKIP","floor":11},{"not_picked":["Storm","Sweeping Beam","Steam Power"],"picked":"SKIP","floor":12},{"not_picked":["Streamline","Steam","Redo"],"picked":"SKIP","floor":13},{"not_picked":["Creative AI","Meteor Strike"],"picked":"Seek","floor":16},{"not_picked":["Gash","Fusion"],"picked":"Ball Lightning","floor":18},{"not_picked":["Storm","Auto Shields+1"],"picked":"Ball Lightning","floor":19},{"not_picked":["Static Discharge","Leap"],"picked":"Undo+1","floor":20},{"not_picked":["FTL","Darkness+1","Steam"],"picked":"SKIP","floor":22},{"not_picked":["Gash","Reinforced Body","Sunder"],"picked":"SKIP","floor":24},{"not_picked":["Turbo","Beam Cell","Gash"],"picked":"SKIP","floor":27},{"not_picked":["Reprogram","Reboot","Leap"],"picked":"SKIP","floor":28},{"not_picked":["Melter","Skim"],"picked":"Hologram","floor":29},{"not_picked":["Heatsinks","Hologram+1","Rebound"],"picked":"SKIP","floor":30}],"player_experience":155058,"relics_obtained":[{"floor":9,"key":"Symbiotic Virus"},{"floor":13,"key":"Ancient Tea Set"},{"floor":14,"key":"Matryoshka"},{"floor":24,"key":"Whetstone"},{"floor":26,"key":"Pen Nib"}],"event_choices":[{"damage_healed":0,"gold_gain":0,"player_choice":"Success","damage_taken":12,"relics_obtained":["Anchor"],"max_hp_gain":0,"max_hp_loss":0,"event_name":"Scrap Ooze","floor":2,"gold_loss":0},{"damage_healed":0,"gold_gain":0,"player_choice":"Grow","damage_taken":0,"max_hp_gain":0,"max_hp_loss":0,"event_name":"Living Wall","floor":4,"gold_loss":0,"cards_upgraded":["Zap"]},{"damage_healed":0,"gold_gain":0,"cards_transformed":["Hologram"],"player_choice":"Transformed","damage_taken":0,"max_hp_gain":0,"max_hp_loss":0,"event_name":"Transmorgrifier","floor":31,"gold_loss":0,"cards_obtained":["Recycle"]}],"is_beta":false,"boss_relics":[{"not_picked":["Philosopher\u0027s Stone","Coffee Dripper"],"picked":"Velvet Choker"}],"items_purged_floors":[5,21],"is_endless":false,"potions_floor_spawned":[1,7,11,12,16,19,27,28,29],"killed_by":"Automaton","ascension_level":0}