{"gold_per_floor":[114,114,128,153,171,171,211,211,211,246,269,269],"floor_reached":12,"playtime":275,"items_purged":[],"score":158,"play_id":"973069b4-a63a-4153-8656-7636f3b03a33","local_time":"20190326200507","is_ascension_mode":true,"campfire_choices":[{"floor":6,"key":"REST"},{"floor":8,"key":"REST"}],"neow_cost":"TEN_PERCENT_HP_LOSS","seed_source_timestamp":327183594947520,"circlet_count":0,"master_deck":["AscendersBane","Strike_B","Strike_B","Strike_B","Strike_B","Defend_B","Defend_B","Defend_B","Defend_B","Zap","Dualcast","Ball Lightning","Ball Lightning","Tempest","Go for the Eyes","Sunder","Gash"],"relics":["Cracked Core","Nunchaku","Golden Idol","Vajra","Shuriken","StoneCalendar"],"potions_floor_usage":[7,12],"damage_taken":[{"damage":3,"enemies":"Small Slimes","floor":1,"turns":4},{"damage":1,"enemies":"Cultist","floor":3,"turns":3},{"damage":3,"enemies":"2 Louse","floor":4,"turns":2},{"damage":11,"enemies":"Looter","floor":5,"turns":2},{"damage":6,"enemies":"Gremlin Nob","floor":7,"turns":3},{"damage":42,"enemies":"Lagavulin","floor":10,"turns":6},{"damage":12,"enemies":"Lots of Slimes","floor":11,"turns":2},{"damage":5,"enemies":"3 Sentries","floor":12,"turns":2}],"seed_played":"7692352962709660903","potions_obtained":[{"floor":3,"key":"Fire Potion"},{"floor":5,"key":"Ancient Potion"},{"floor":7,"key":"Ancient Potion"},{"floor":10,"key":"FocusPotion"}],"is_trial":false,"path_per_floor":["M","?","M","M","M","R","E","R","T","E","M","E"],"character_chosen":"DEFECT","items_purchased":[],"campfire_rested":2,"item_purchase_floors":[],"current_hp_per_floor":[61,39,38,35,24,43,37,56,56,14,2,0],"gold":269,"neow_bonus":"ONE_RARE_RELIC","is_prod":false,"is_daily":false,"chose_seed":false,"campfire_upgraded":0,"win_rate":0,"timestamp":1553648707,"path_taken":["M","?","M","M","M","R","E","R","T","E","M","E"],"build_version":"2019-01-23","purchased_purges":0,"victory":false,"max_hp_per_floor":[64,64,64,64,64,64,64,64,64,64,64,64],"card_choices":[{"not_picked":["Steam","Cold Snap"],"picked":"Ball Lightning","floor":1},{"not_picked":["Blizzard","Stack"],"picked":"Ball Lightning","floor":3},{"not_picked":["Stack","Coolheaded"],"picked":"Tempest","floor":4},{"not_picked":["Stack","Hologram"],"picked":"Go for the Eyes","floor":5},{"not_picked":["Compile Driver","Redo","Scrape"],"picked":"SKIP","floor":7},{"not_picked":["Compile Driver","Coolheaded"],"picked":"Sunder","floor":10},{"not_picked":["Amplify","Stack"],"picked":"Gash","floor":11}],"player_experience":1160633,"relics_obtained":[{"floor":7,"key":"Vajra"},{"floor":9,"key":"Shuriken"},{"floor":10,"key":"StoneCalendar"}],"event_choices":[{"damage_healed":0,"gold_gain":0,"player_choice":"Take Damage","damage_taken":22,"relics_obtained":["Golden Idol"],"max_hp_gain":0,"max_hp_loss":0,"event_name":"Golden Idol","floor":2,"gold_loss":0}],"is_beta":false,"boss_relics":[],"items_purged_floors":[],"is_endless":false,"potions_floor_spawned":[3,5,7,10],"killed_by":"3 Sentries","ascension_level":15}