{"gold_per_floor":[216,216,44,44,64,123,123,7,30,49,3,49,49,84,84,184,184,203,217,266,266,266,266,295,295],"floor_reached":25,"playtime":1915,"items_purged":["Strike_G"],"score":236,"play_id":"ee11acd1-0e29-4f4e-b53c-b772671bd09c","local_time":"20180927205814","is_ascension_mode":true,"campfire_choices":[{"data":"Noxious Fumes","floor":7,"key":"SMITH"},{"data":"Catalyst","floor":13,"key":"SMITH"},{"floor":15,"key":"REST"},{"data":"Neutralize","floor":23,"key":"SMITH"}],"neow_cost":"NONE","seed_source_timestamp":540441082822305,"circlet_count":0,"master_deck":["Defend_G","Defend_G","Defend_G+1","Defend_G+1","Strike_G","Strike_G","Strike_G","Survivor","Neutralize+1","Deflect","Deadly Poison","Noxious Fumes+1","Dodge and Roll","All Out Attack","Catalyst+1","Bane","Deadly Poison","Deflect","Bullet Time","Leg Sweep+1","Backflip","J.A.X."],"relics":["Ring of the Snake","Tiny Chest","War Paint","Bag of Marbles","Darkstone Periapt","Empty Cage","Boot","Bottled Lightning"],"potions_floor_usage":[6,24],"damage_taken":[{"damage":1,"enemies":"Cultist","floor":1,"turns":4},{"damage":2,"enemies":"Small Slimes","floor":5,"turns":3},{"damage":15,"enemies":"Lagavulin","floor":6,"turns":6},{"damage":0,"enemies":"2 Louse","floor":10,"turns":3},{"damage":9,"enemies":"3 Sentries","floor":14,"turns":6},{"damage":51,"enemies":"Slime Boss","floor":16,"turns":12},{"damage":0,"enemies":"Chosen","floor":18,"turns":4},{"damage":7,"enemies":"Shell Parasite","floor":19,"turns":3},{"damage":51,"enemies":"Slavers","floor":24,"turns":9},{"damage":27,"enemies":"3 Cultists","floor":25,"turns":4}],"seed_played":"-5977841715961692767","potions_obtained":[{"floor":5,"key":"Poison Potion"},{"floor":14,"key":"Strength Potion"},{"floor":16,"key":"Dexterity Potion"},{"floor":24,"key":"Strength Potion"}],"is_trial":false,"path_per_floor":["M","?","$","$","M","E","R","$","T","M","$","T","R","E","R","B",null,"M","M","T","?","?","R","E"],"character_chosen":"THE_SILENT","items_purchased":["Deadly Poison","Noxious Fumes","Catalyst","Bane","Deadly Poison"],"campfire_rested":1,"item_purchase_floors":[3,3,8,8,11],"current_hp_per_floor":[69,74,74,74,72,57,57,57,57,57,57,57,57,48,70,19,75,75,68,68,68,68,68,17,0],"gold":295,"neow_bonus":"HUNDRED_GOLD","is_prod":false,"is_daily":false,"chose_seed":false,"campfire_upgraded":3,"win_rate":0,"timestamp":1538074694,"path_taken":["M","?","?","$","?","E","R","?","T","?","?","?","R","E","R","BOSS","M","M","?","?","?","R","E","M"],"build_version":"2018-09-20","purchased_purges":1,"victory":false,"max_hp_per_floor":[70,75,75,75,75,75,75,75,75,75,75,75,75,75,75,75,75,75,75,75,75,75,75,75,75],"card_choices":[{"not_picked":["Underhanded Strike","Bane"],"picked":"Deflect","floor":1},{"not_picked":["Outmaneuver","Flying Knee"],"picked":"Dodge and Roll","floor":5},{"not_picked":["Dash","Deadly Poison"],"picked":"All Out Attack","floor":6},{"not_picked":["Eviscerate","Bane","Dagger Throw"],"picked":"SKIP","floor":10},{"not_picked":["Outmaneuver","Prepared"],"picked":"Deflect","floor":14},{"not_picked":["Phantasmal Killer","Tools of the Trade"],"picked":"Bullet Time","floor":16},{"not_picked":["Bane","Terror"],"picked":"Leg Sweep+1","floor":18},{"not_picked":["Choke+1","Calculated Gamble"],"picked":"Backflip","floor":19},{"not_picked":["Infinite Blades","Distraction","Dagger Throw"],"picked":"SKIP","floor":24}],"player_experience":52238,"relics_obtained":[{"floor":6,"key":"Tiny Chest"},{"floor":9,"key":"War Paint"},{"floor":12,"key":"Bag of Marbles"},{"floor":14,"key":"Darkstone Periapt"},{"floor":20,"key":"Boot"},{"floor":24,"key":"Bottled Lightning"}],"event_choices":[{"event_name":"Big Fish","player_choice":"Donut","floor":2,"damage_taken":0},{"event_name":"Drug Dealer","player_choice":"Got JAX","floor":21,"damage_taken":0},{"event_name":"The Mausoleum","player_choice":"No","floor":22,"damage_taken":0}],"is_beta":false,"boss_relics":[{"not_picked":["Ectoplasm","Snecko Eye"],"picked":"Empty Cage"}],"items_purged_floors":[3],"is_endless":false,"potions_floor_spawned":[5,14,16,24],"killed_by":"3 Cultists","ascension_level":1}