{"gold_per_floor":[109,109,121,46,64,64,89,164,211,227,227,240,254,10,10,111,111,126,139,39,39,49,83,182,194,217,217],"floor_reached":27,"playtime":680,"items_purged":["Strike_R","Strike_R"],"score":235,"play_id":"05305b8c-2d81-4e67-a802-eecf09928ba0","local_time":"20190511110330","is_ascension_mode":false,"campfire_choices":[{"data":"Whirlwind","floor":6,"key":"SMITH"},{"floor":11,"key":"REST"},{"data":"Immolate","floor":15,"key":"SMITH"}],"neow_cost":"NONE","seed_source_timestamp":402422889174917,"circlet_count":0,"master_deck":["Strike_R","Strike_R","Strike_R","Defend_R","Defend_R","Defend_R","Defend_R","Bash","Whirlwind+1","Immolate+1","Body Slam","Shrug It Off","Body Slam","Entrench","Normality"],"relics":["Burning Blood","Bronze Scales","Dodecahedron","Happy Flower","Medical Kit","Cursed Key","Mercury Hourglass","Art of War"],"potions_floor_usage":[16,23,25],"damage_taken":[{"damage":3,"enemies":"2 Louse","floor":1,"turns":3},{"damage":8,"enemies":"Small Slimes","floor":3,"turns":4},{"damage":1,"enemies":"Jaw Worm","floor":5,"turns":3},{"damage":22,"enemies":"3 Sentries","floor":7,"turns":4},{"damage":13,"enemies":"Exordium Thugs","floor":10,"turns":2},{"damage":0,"enemies":"3 Louse","floor":12,"turns":1},{"damage":0,"enemies":"Gremlin Gang","floor":13,"turns":1},{"damage":3,"enemies":"Slime Boss","floor":16,"turns":6},{"damage":0,"enemies":"3 Byrds","floor":18,"turns":2},{"damage":10,"enemies":"2 Thieves","floor":19,"turns":2},{"damage":20,"enemies":"Shelled Parasite and Fungi","floor":22,"turns":5},{"damage":44,"enemies":"Book of Stabbing","floor":23,"turns":5},{"damage":18,"enemies":"Snake Plant","floor":25,"turns":3},{"damage":21,"enemies":"Cultist and Chosen","floor":27,"turns":4}],"seed_played":"-1264474817751255878","potions_obtained":[{"floor":0,"key":"LiquidBronze"},{"floor":0,"key":"SmokeBomb"},{"floor":0,"key":"SpeedPotion"},{"floor":7,"key":"PowerPotion"},{"floor":13,"key":"SteroidPotion"},{"floor":18,"key":"Dexterity Potion"},{"floor":23,"key":"PowerPotion"},{"floor":25,"key":"Dexterity Potion"}],"is_trial":false,"path_per_floor":["M","?","M","$","M","R","E","?","T","M","R","M","M","$","R","B",null,"M","M","$","?","M","E","?","M","T","M"],"character_chosen":"IRONCLAD","items_purchased":["Medical Kit","Shrug It Off"],"campfire_rested":1,"item_purchase_floors":[14,14],"current_hp_per_floor":[80,62,60,60,65,65,49,38,38,31,55,61,67,67,67,70,80,80,76,76,76,62,24,24,12,12,0],"gold":217,"neow_bonus":"THREE_SMALL_POTIONS","is_prod":false,"is_daily":false,"chose_seed":false,"campfire_upgraded":2,"win_rate":0,"timestamp":1557587010,"path_taken":["M","?","M","$","M","R","E","?","T","M","R","M","M","$","R","BOSS","M","M","$","?","M","E","?","M","T","M"],"build_version":"2019-01-23","purchased_purges":2,"victory":false,"max_hp_per_floor":[80,80,80,80,80,80,80,80,80,80,80,80,80,80,80,80,80,80,80,80,80,80,80,80,80,80,80],"card_choices":[{"not_picked":["Pommel Strike","Twin Strike","Clash"],"picked":"SKIP","floor":1},{"not_picked":["Anger","Corruption"],"picked":"Whirlwind","floor":3},{"not_picked":["Heavy Blade","Clash"],"picked":"Immolate","floor":5},{"not_picked":["Metallicize","Berserk"],"picked":"Body Slam","floor":7},{"not_picked":["Rage","Evolve","Sword Boomerang"],"picked":"SKIP","floor":10},{"not_picked":["Armaments","Clothesline","Sword Boomerang"],"picked":"SKIP","floor":12},{"not_picked":["Metallicize","Warcry","Sword Boomerang"],"picked":"SKIP","floor":13},{"not_picked":["Hemokinesis","Dropkick"],"picked":"Body Slam","floor":18},{"not_picked":["Anger","Dual Wield","Sword Boomerang"],"picked":"SKIP","floor":19},{"not_picked":["Battle Trance","Wild Strike"],"picked":"Entrench","floor":22},{"not_picked":["Wild Strike","Disarm","Havoc"],"picked":"SKIP","floor":23},{"not_picked":["Heavy Blade+1","Flex","Twin Strike"],"picked":"SKIP","floor":25}],"player_experience":120877,"relics_obtained":[{"floor":7,"key":"Dodecahedron"},{"floor":9,"key":"Happy Flower"},{"floor":23,"key":"Mercury Hourglass"},{"floor":26,"key":"Art of War"}],"event_choices":[{"damage_healed":0,"gold_gain":0,"player_choice":"Success","damage_taken":18,"relics_obtained":["Bronze Scales"],"max_hp_gain":0,"max_hp_loss":0,"event_name":"Scrap Ooze","floor":2,"gold_loss":0},{"damage_healed":0,"gold_gain":75,"player_choice":"Gather Gold","damage_taken":11,"max_hp_gain":0,"max_hp_loss":0,"event_name":"World of Goop","floor":8,"gold_loss":0},{"damage_healed":0,"gold_gain":0,"player_choice":"Ignored","damage_taken":0,"max_hp_gain":0,"max_hp_loss":0,"event_name":"Beggar","floor":21,"gold_loss":0},{"damage_healed":0,"gold_gain":99,"player_choice":"Stole From Cult","damage_taken":0,"max_hp_gain":0,"max_hp_loss":0,"event_name":"Nest","floor":24,"gold_loss":0}],"is_beta":false,"boss_relics":[{"not_picked":["Black Blood","Velvet Choker"],"picked":"Cursed Key"}],"items_purged_floors":[4,20],"is_endless":false,"potions_floor_spawned":[7,12,13,18,23,25],"killed_by":"Cultist and Chosen","ascension_level":0}