{"gold_per_floor":[118,118,118,193,0,30,42,77,77,93,13,23,43,43,43,148,148,160,178,189,200,200,200,216,216,241,252,252,252,267,267,267,267],"floor_reached":33,"playtime":1329,"items_purged":[],"score":371,"play_id":"357b08b8-326f-465a-bea8-94a6114bc5db","local_time":"20190509235326","is_ascension_mode":true,"campfire_choices":[{"floor":15,"key":"REST"},{"data":"Dash","floor":23,"key":"SMITH"},{"data":"Catalyst","floor":25,"key":"SMITH"},{"floor":29,"key":"REST"},{"floor":32,"key":"REST"}],"neow_cost":"NONE","seed_source_timestamp":998314160950643,"circlet_count":0,"master_deck":["Defend_G+1","Defend_G+1","Defend_G+1","Defend_G+1","Defend_G+1","Strike_G+1","Strike_G+1","Strike_G+1","Strike_G+1","Survivor+1","Neutralize","Riddle With Holes+1","Poisoned Stab","Escape Plan","Deadly Poison","Acrobatics","Catalyst+1","Flying Knee","Dash","Venomology","Backflip","Dodge and Roll","Dash+1","Well Laid Plans","Deadly Poison","Noxious Fumes","Bouncing Flask"],"special_seed":0,"relics":["Ring of the Snake","NeowsBlessing","TwistedFunnel","Shuriken","Whetstone","Boot","Pen Nib","Snecko Eye","Blood Vial","Smiling Mask"],"potions_floor_usage":[8,16,20,21,24,27,27,30,30,33],"damage_taken":[{"damage":0.0,"enemies":"Jaw Worm","floor":1.0,"turns":1.0},{"damage":0.0,"enemies":"3 Sentries","floor":6.0,"turns":1.0},{"damage":0.0,"enemies":"Small Slimes","floor":7.0,"turns":1.0},{"damage":0,"enemies":"Lagavulin","floor":8,"turns":5},{"damage":0,"enemies":"2 Louse","floor":10,"turns":1},{"damage":0,"enemies":"Blue Slaver","floor":12,"turns":2},{"damage":9,"enemies":"Gremlin Gang","floor":13,"turns":3},{"damage":12,"enemies":"The Guardian","floor":16,"turns":7},{"damage":13,"enemies":"Chosen","floor":18,"turns":6},{"damage":4,"enemies":"Shell Parasite","floor":19,"turns":3},{"damage":3,"enemies":"Snecko","floor":20,"turns":3},{"damage":6,"enemies":"Shelled Parasite and Fungi","floor":21,"turns":4},{"damage":0,"enemies":"3 Cultists","floor":24,"turns":5},{"damage":20,"enemies":"Chosen and Byrds","floor":27,"turns":6},{"damage":23,"enemies":"Sentry and Sphere","floor":30,"turns":5},{"damage":61,"enemies":"Collector","floor":33,"turns":5}],"seed_played":"-8837568763969745913","potions_obtained":[{"floor":1.0,"key":"SkillPotion"},{"floor":7.0,"key":"Strength Potion"},{"floor":13,"key":"FearPotion"},{"floor":16,"key":"LiquidBronze"},{"floor":24,"key":"SkillPotion"},{"floor":27,"key":"SteroidPotion"}],"is_trial":false,"path_per_floor":["M","?","?","?","$","E","M","E","T","M","$","M","M","?","R","B",null,"M","M","M","M","?","R","M","R","T","M","?","R","M","T","R","B"],"character_chosen":"THE_SILENT","items_purchased":["TwistedFunnel","Catalyst"],"campfire_rested":3,"item_purchase_floors":[5,11],"current_hp_per_floor":[70,63,49,38,38,38,38,38,38,38,38,38,29,22,43,31,70,57,53,50,44,44,44,44,44,44,26,26,47,26,26,47,0],"gold":267,"neow_bonus":"THREE_ENEMY_KILL","is_prod":false,"is_daily":false,"chose_seed":false,"campfire_upgraded":2,"win_rate":0,"timestamp":1557460406,"path_taken":["M","?","?","?","$","E","M","E","T","M","?","M","?","?","R","BOSS","M","M","M","M","?","R","M","R","T","M","?","R","M","?","R","BOSS"],"build_version":"2019-01-23","purchased_purges":0,"victory":false,"max_hp_per_floor":[70,70,70,70,70,70,70,70,70,70,70,70,70,70,70,70,70,70,70,70,70,70,70,70,70,70,70,70,70,70,70,70,70],"card_choices":[{"not_picked":["Masterful Stab","Infinite Blades"],"picked":"Riddle With Holes","floor":1.0},{"not_picked":["PiercingWail","Bane"],"picked":"Poisoned Stab","floor":6.0},{"not_picked":["Infinite Blades","All Out Attack"],"picked":"Escape Plan","floor":7.0},{"not_picked":["Tools of the Trade","Backflip"],"picked":"Deadly Poison","floor":8},{"not_picked":["Escape Plan","All Out Attack"],"picked":"Acrobatics","floor":10},{"not_picked":["Dagger Throw","Deflect"],"picked":"Flying Knee","floor":12},{"not_picked":["Dagger Throw","Prepared"],"picked":"Dash","floor":13},{"not_picked":["Unload","Grand Finale"],"picked":"Venomology","floor":16},{"not_picked":["Outmaneuver","Bane+1"],"picked":"Backflip","floor":18},{"not_picked":["Deflect","Prepared"],"picked":"Dodge and Roll","floor":19},{"not_picked":["Backstab","Outmaneuver"],"picked":"Dash","floor":20},{"not_picked":["Dagger Throw","Die Die Die"],"picked":"Well Laid Plans","floor":21},{"not_picked":["Tactician","Backflip"],"picked":"Deadly Poison","floor":24},{"not_picked":["Outmaneuver+1","Underhanded Strike"],"picked":"Noxious Fumes","floor":27},{"not_picked":["Poisoned Stab+1","Blur+1"],"picked":"Bouncing Flask","floor":30}],"player_experience":229210,"relics_obtained":[{"floor":6.0,"key":"Shuriken"},{"floor":8,"key":"Whetstone"},{"floor":9,"key":"Boot"},{"floor":26,"key":"Blood Vial"},{"floor":31,"key":"Smiling Mask"}],"event_choices":[{"cards_removed":["Strike_G"],"damage_healed":0.0,"max_hp_gain":0.0,"max_hp_loss":0.0,"gold_gain":0.0,"event_name":"Golden Wing","player_choice":"Card Removal","floor":2.0,"gold_loss":0.0,"damage_taken":7.0},{"damage_healed":0.0,"max_hp_gain":0.0,"max_hp_loss":0.0,"gold_gain":0.0,"event_name":"Shining Light","player_choice":"Entered Light","floor":3.0,"gold_loss":0.0,"damage_taken":14.0,"cards_upgraded":["Defend_G","Survivor"]},{"damage_healed":0.0,"max_hp_gain":0.0,"max_hp_loss":0.0,"gold_gain":75.0,"event_name":"World of Goop","player_choice":"Gather Gold","floor":4.0,"gold_loss":0.0,"damage_taken":11.0},{"damage_healed":0,"gold_gain":0,"player_choice":"Success","damage_taken":7,"relics_obtained":["Pen Nib"],"max_hp_gain":0,"max_hp_loss":0,"event_name":"Scrap Ooze","floor":14,"gold_loss":0},{"damage_healed":0,"gold_gain":0,"player_choice":"Ignored","damage_taken":0,"max_hp_gain":0,"max_hp_loss":0,"event_name":"Ghosts","floor":22,"gold_loss":0},{"damage_healed":0,"gold_gain":0,"player_choice":"Simplicity","damage_taken":0,"max_hp_gain":0,"max_hp_loss":0,"event_name":"Back to Basics","floor":28,"gold_loss":0,"cards_upgraded":["Defend_G","Defend_G","Defend_G","Defend_G","Strike_G","Strike_G","Strike_G"]}],"is_beta":false,"boss_relics":[{"not_picked":["Ring of the Serpent","Sozu"],"picked":"Snecko Eye"}],"items_purged_floors":[],"is_endless":false,"potions_floor_spawned":[1,7,13,16,24,27],"killed_by":"Collector","ascension_level":4}