{"gold_per_floor":[109,109,127,127,141,176,176,176,255,255,255],"floor_reached":11,"playtime":372,"items_purged":[],"score":142,"play_id":"fa82de2b-1aca-41c2-8038-e16f95eec3d5","local_time":"20190430201555","is_ascension_mode":true,"campfire_choices":[{"data":"Cold Snap","floor":8,"key":"SMITH"}],"neow_cost":"NONE","seed_source_timestamp":141329806413200,"circlet_count":0,"master_deck":["AscendersBane","Strike_B","Strike_B","Strike_B","Strike_B","Defend_B","Defend_B","Defend_B","Defend_B","Zap+1","Dualcast","BootSequence","Cold Snap+1","Leap"],"relics":["Cracked Core","Juzu Bracelet","FaceOfCleric","Anchor","Tiny Chest"],"potions_floor_usage":[],"damage_taken":[{"damage":9,"enemies":"2 Louse","floor":1,"turns":3},{"damage":1,"enemies":"Cultist","floor":3,"turns":3},{"damage":0,"enemies":"Small Slimes","floor":5,"turns":3},{"damage":14,"enemies":"3 Sentries","floor":6,"turns":10},{"damage":45,"enemies":"Gremlin Gang","floor":11,"turns":3}],"seed_played":"-7508508383958494803","potions_obtained":[{"floor":5,"key":"FairyPotion"},{"floor":6,"key":"SpeedPotion"},{"floor":10,"key":"Ancient Potion"}],"is_trial":false,"path_per_floor":["M","?","M","?","M","E","?","R","T","?","M"],"character_chosen":"DEFECT","items_purchased":[],"campfire_rested":0,"item_purchase_floors":[],"current_hp_per_floor":[55,55,55,55,56,43,43,43,43,43,0],"gold":255,"neow_bonus":"RANDOM_COMMON_RELIC","is_prod":false,"is_daily":false,"chose_seed":false,"campfire_upgraded":1,"win_rate":0,"timestamp":1556622955,"path_taken":["M","?","M","?","M","E","?","R","T","?","M"],"build_version":"2019-01-23","purchased_purges":0,"victory":false,"max_hp_per_floor":[71,71,72,72,73,74,74,74,74,74,74],"card_choices":[{"not_picked":["Coolheaded","Steam"],"picked":"BootSequence","floor":1},{"not_picked":["Go for the Eyes","Hologram"],"picked":"Cold Snap","floor":3},{"not_picked":["Stack","Heatsinks"],"picked":"Leap","floor":5},{"not_picked":["Streamline","Auto Shields","Stack"],"picked":"SKIP","floor":6}],"player_experience":1163433,"relics_obtained":[{"floor":6,"key":"Anchor"},{"floor":9,"key":"Tiny Chest"}],"event_choices":[{"damage_healed":0,"gold_gain":0,"player_choice":"Trade","damage_taken":0,"relics_obtained":["FaceOfCleric"],"max_hp_gain":0,"max_hp_loss":0,"event_name":"FaceTrader","floor":2,"gold_loss":0},{"damage_healed":0,"gold_gain":0,"player_choice":"Grow","damage_taken":0,"max_hp_gain":0,"max_hp_loss":0,"event_name":"Living Wall","floor":4,"gold_loss":0,"cards_upgraded":["Zap"]},{"damage_healed":0,"gold_gain":0,"player_choice":"0 cards matched","damage_taken":0,"max_hp_gain":0,"max_hp_loss":0,"event_name":"Match and Keep!","floor":7,"gold_loss":0,"cards_obtained":[]},{"damage_healed":0,"gold_gain":0,"player_choice":"Got Potions","damage_taken":0,"max_hp_gain":0,"max_hp_loss":0,"event_name":"Lab","floor":10,"gold_loss":0}],"is_beta":false,"boss_relics":[],"items_purged_floors":[],"is_endless":false,"potions_floor_spawned":[5,6],"killed_by":"Gremlin Gang","ascension_level":20}