{"gold_per_floor":[113,126,142,92,102,102,134,134,134,134,59,59,59,72,72,170,170,187,218,218,118,133,133,133,150,150,170,45,62,77,93,93,93],"floor_reached":33,"playtime":1600,"items_purged":["Strike_G","Defend_G","Normality"],"score":274,"play_id":"7fe4a533-8cc3-4842-847b-ffde4fe33d8b","local_time":"20190126122209","is_ascension_mode":true,"campfire_choices":[{"data":"Neutralize","floor":6,"key":"SMITH"},{"data":"Quick Slash","floor":8,"key":"SMITH"},{"floor":13,"key":"REST"},{"data":"Poisoned Stab","floor":15,"key":"SMITH"},{"floor":23,"key":"REST"},{"floor":32,"key":"REST"}],"neow_cost":"NONE","seed_source_timestamp":6195087730046,"circlet_count":0,"master_deck":["Defend_G","Defend_G","Defend_G","Strike_G","Strike_G","Strike_G","Survivor","Neutralize+1","Backflip","Blur","Outmaneuver","Quick Slash+1","Heel Hook","Poisoned Stab+1","Envenom","Poisoned Stab+1","Slice+1","RitualDagger","Cloak And Dagger","Catalyst","Infinite Blades","Blade Dance+1","Bane"],"relics":["Ring of the Snake","Vajra","Shuriken","Cursed Key","Red Mask","Darkstone Periapt"],"potions_floor_usage":[7,19,27,29,30,33],"damage_taken":[{"damage":0,"enemies":"Cultist","floor":1,"turns":3},{"damage":5,"enemies":"2 Louse","floor":2,"turns":3},{"damage":0,"enemies":"Jaw Worm","floor":3,"turns":9},{"damage":10,"enemies":"Exordium Wildlife","floor":5,"turns":7},{"damage":30,"enemies":"Lagavulin","floor":7,"turns":11},{"damage":6,"enemies":"3 Louse","floor":14,"turns":4},{"damage":13,"enemies":"Hexaghost","floor":16,"turns":9},{"damage":18,"enemies":"3 Byrds","floor":18,"turns":5},{"damage":27,"enemies":"Masked Bandits","floor":19,"turns":5},{"damage":14,"enemies":"Spheric Guardian","floor":22,"turns":4},{"damage":0,"enemies":"Chosen and Byrds","floor":25,"turns":4},{"damage":13,"enemies":"Snake Plant","floor":27,"turns":3},{"damage":5,"enemies":"Snecko","floor":29,"turns":4},{"damage":11,"enemies":"Sentry and Sphere","floor":30,"turns":4},{"damage":3,"enemies":"Centurion and Healer","floor":31,"turns":5},{"damage":39,"enemies":"Collector","floor":33,"turns":6}],"seed_played":"-7581669206566951380","potions_obtained":[{"floor":1,"key":"Strength Potion"},{"floor":3,"key":"GhostInAJar"},{"floor":16,"key":"SteroidPotion"},{"floor":19,"key":"Poison Potion"},{"floor":29,"key":"PowerPotion"},{"floor":31,"key":"Weak Potion"}],"is_trial":false,"path_per_floor":["M","M","M","?","M","R","E","R","T","?","$","$","R","M","R","B",null,"M","?","?","$","M","R","?","M","T","M","$","M","M","M","R","B"],"character_chosen":"THE_SILENT","items_purchased":[],"campfire_rested":3,"item_purchase_floors":[],"current_hp_per_floor":[77,72,72,72,62,62,32,32,32,25,25,25,48,42,42,29,77,59,32,26,26,12,35,35,35,35,22,22,17,6,3,26,0],"gold":93,"neow_bonus":"TEN_PERCENT_HP_BONUS","is_prod":false,"is_daily":false,"chose_seed":false,"campfire_upgraded":3,"win_rate":0,"timestamp":1548476529,"path_taken":["M","M","?","?","M","R","E","R","T","?","?","$","R","M","R","BOSS","M","?","?","$","M","R","?","M","T","?","$","M","M","M","R","BOSS"],"build_version":"2019-01-23","purchased_purges":3,"victory":false,"max_hp_per_floor":[77,77,77,77,77,77,77,77,77,77,77,77,77,77,77,77,77,77,77,77,77,77,77,77,77,77,77,77,77,77,77,77,77],"card_choices":[{"not_picked":["Tactician","Dodge and Roll"],"picked":"Backflip","floor":1},{"not_picked":["Outmaneuver","Quick Slash"],"picked":"Blur","floor":2},{"not_picked":["Dagger Spray","Cloak And Dagger"],"picked":"Outmaneuver","floor":3},{"not_picked":["Underhanded Strike","Slice"],"picked":"Quick Slash","floor":5},{"not_picked":["Deflect","Underhanded Strike"],"picked":"Heel Hook","floor":7},{"not_picked":["Deflect","Quick Slash"],"picked":"Poisoned Stab","floor":14},{"not_picked":["Bullet Time","Grand Finale"],"picked":"Envenom","floor":16},{"not_picked":["Concentrate","Caltrops"],"picked":"Poisoned Stab+1","floor":18},{"not_picked":["Skewer","Masterful Stab"],"picked":"Slice+1","floor":19},{"not_picked":["Slice","PiercingWail","Accuracy"],"picked":"SKIP","floor":22},{"not_picked":["Envenom","Expertise"],"picked":"Cloak And Dagger","floor":25},{"not_picked":["Deflect","Endless Agony"],"picked":"Catalyst","floor":27},{"not_picked":["Tactician","Acrobatics+1"],"picked":"Infinite Blades","floor":29},{"not_picked":["PiercingWail","Quick Slash"],"picked":"Blade Dance+1","floor":30},{"not_picked":["Flying Knee+1","Riddle With Holes"],"picked":"Bane","floor":31}],"player_experience":382435,"relics_obtained":[{"floor":7,"key":"Vajra"},{"floor":9,"key":"Shuriken"},{"floor":19,"key":"Red Mask"},{"floor":26,"key":"Darkstone Periapt"}],"event_choices":[{"cards_removed":["Strike_G"],"damage_healed":0,"gold_gain":0,"player_choice":"Card Removal","damage_taken":0,"max_hp_gain":0,"max_hp_loss":0,"event_name":"The Cleric","floor":4,"gold_loss":50},{"cards_removed":["Defend_G"],"damage_healed":0,"gold_gain":0,"player_choice":"Card Removal","damage_taken":7,"max_hp_gain":0,"max_hp_loss":0,"event_name":"Golden Wing","floor":10,"gold_loss":0},{"damage_healed":0,"gold_gain":0,"player_choice":"Fought Bandits","damage_taken":0,"max_hp_gain":0,"max_hp_loss":0,"event_name":"Masked Bandits","floor":19,"gold_loss":0},{"damage_healed":0,"gold_gain":0,"player_choice":"Joined the Cult","damage_taken":6,"max_hp_gain":0,"max_hp_loss":0,"event_name":"Nest","floor":20,"gold_loss":0,"cards_obtained":["RitualDagger"]},{"damage_healed":0,"gold_gain":0,"player_choice":"Ignored","damage_taken":0,"max_hp_gain":0,"max_hp_loss":0,"event_name":"Ghosts","floor":24,"gold_loss":0}],"is_beta":false,"boss_relics":[{"not_picked":["Ring of the Serpent","Tiny House"],"picked":"Cursed Key"}],"items_purged_floors":[11,21,28],"is_endless":false,"potions_floor_spawned":[1,3,16,19,29,31],"killed_by":"Collector","ascension_level":2}