{"gold_per_floor":[118,137,8,23,23,23,43,43,89,103,103,118,293,348,348,348],"floor_reached":16,"playtime":1995,"items_purged":["Strike_G"],"score":133,"play_id":"a0d3aa86-de65-4896-8575-125e45f5208b","local_time":"20181123204907","is_ascension_mode":true,"campfire_choices":[{"data":"Dagger Spray","floor":6.0,"key":"SMITH"},{"data":"Neutralize","floor":11.0,"key":"SMITH"},{"data":"Dodge and Roll","floor":15.0,"key":"SMITH"}],"neow_cost":"NONE","seed_source_timestamp":0,"circlet_count":0,"master_deck":["Defend_G","Defend_G","Defend_G","Defend_G","Defend_G","Strike_G","Strike_G","Strike_G","Strike_G","Survivor","Neutralize+1","Dodge and Roll","Sucker Punch","Dagger Spray+1","Flying Knee","Dodge and Roll+1","Backflip","Doubt"],"special_seed":0,"relics":["Ring of the Snake","Snake Skull","Happy Flower","Tiny Chest"],"potions_floor_usage":[16],"damage_taken":[{"damage":10.0,"enemies":"Small Slimes","floor":1.0,"turns":4.0},{"damage":7.0,"enemies":"Jaw Worm","floor":2.0,"turns":6.0},{"damage":0.0,"enemies":"2 Louse","floor":4.0,"turns":3.0},{"damage":4.0,"enemies":"2 Fungi Beasts","floor":7.0,"turns":2.0},{"damage":0.0,"enemies":"Gremlin Gang","floor":10.0,"turns":1.0},{"damage":8.0,"enemies":"Large Slime","floor":12.0,"turns":9.0},{"damage":13.0,"enemies":"3 Sentries","floor":14.0,"turns":9.0},{"damage":49,"enemies":"Slime Boss","floor":16,"turns":11}],"seed_played":"8082346150770309494","potions_obtained":[{"floor":2.0,"key":"Strength Potion"},{"floor":4.0,"key":"Weak Potion"},{"floor":14.0,"key":"LiquidBronze"}],"is_trial":false,"path_per_floor":["M","M","$","M","?","R","M","?","T","M","R","M","?","E","R","B"],"character_chosen":"THE_SILENT","items_purchased":["Dagger Spray"],"campfire_rested":0,"item_purchase_floors":[3],"current_hp_per_floor":[53,46,46,46,46,46,42,65,65,65,65,57,57,44,44,0],"gold":348,"neow_bonus":"RANDOM_COMMON_RELIC","is_prod":false,"is_daily":false,"chose_seed":false,"campfire_upgraded":3,"win_rate":0,"timestamp":1543027747,"path_taken":["M","M","$","M","?","R","M","?","T","M","R","M","?","E","R","BOSS"],"build_version":"2018-11-15","purchased_purges":1,"victory":false,"max_hp_per_floor":[70,70,70,70,70,70,70,70,70,70,70,70,70,70,70,70],"card_choices":[{"not_picked":["Outmaneuver","Deflect"],"picked":"Dodge and Roll","floor":1.0},{"not_picked":["Blade Dance","Bane"],"picked":"Sucker Punch","floor":2.0},{"not_picked":["Wraith Form v2","Underhanded Strike"],"picked":"Flying Knee","floor":4.0},{"not_picked":["Poisoned Stab","Slice"],"picked":"Dodge and Roll","floor":7.0},{"not_picked":["Underhanded Strike","Acrobatics","Deflect"],"picked":"SKIP","floor":10.0},{"not_picked":["Poisoned Stab","Sucker Punch"],"picked":"Backflip","floor":12.0},{"not_picked":["Dodge and Roll","Sucker Punch","Unload"],"picked":"SKIP","floor":14.0}],"player_experience":260117,"relics_obtained":[{"floor":9.0,"key":"Happy Flower"},{"floor":14.0,"key":"Tiny Chest"}],"event_choices":[{"damage_healed":0.0,"max_hp_gain":0.0,"max_hp_loss":0.0,"gold_gain":0.0,"event_name":"Scrap Ooze","player_choice":"Fled","floor":5.0,"gold_loss":0.0,"damage_taken":0.0},{"damage_healed":23.0,"max_hp_gain":0.0,"max_hp_loss":0.0,"gold_gain":0.0,"event_name":"Big Fish","player_choice":"Banana","floor":8.0,"gold_loss":0.0,"damage_taken":0.0},{"damage_healed":0.0,"max_hp_gain":0.0,"max_hp_loss":0.0,"gold_gain":175.0,"event_name":"Liars Game","player_choice":"AGREE","floor":13.0,"gold_loss":0.0,"damage_taken":0.0,"cards_obtained":["Doubt"]}],"is_beta":false,"boss_relics":[],"items_purged_floors":[3],"is_endless":false,"potions_floor_spawned":[2,4,14],"killed_by":"Slime Boss","ascension_level":6}