{"gold_per_floor":[19,19,29,47,47,74,136,44,69,69,10,10,73,73,73,149,149,169,185,9,26,26,26,45,60,84,84,84,111,126,141,141,141],"floor_reached":33,"playtime":1782,"items_purged":[],"score":550,"play_id":"19394787-7ff5-4b1d-b38a-023158fe274e","local_time":"20190414203220","is_ascension_mode":true,"campfire_choices":[{"data":"Doom and Gloom","floor":10.0,"key":"SMITH"},{"floor":12.0,"key":"REST"},{"data":"Fission","floor":15.0,"key":"SMITH"},{"floor":23.0,"key":"REST"},{"floor":27,"key":"REST"},{"floor":32,"key":"REST"}],"neow_cost":"NO_GOLD","seed_source_timestamp":1424143683938589,"circlet_count":0,"master_deck":["AscendersBane","Strike_B+1","Strike_B","Strike_B+1","Strike_B","Defend_B","Defend_B","Defend_B","Defend_B","Zap","Dualcast","Rebound","Doom and Gloom+1","Consume+1","Cold Snap","FTL","Conserve Battery","Hologram","Chill","Fission+1","Reboot","Coolheaded+1","Compile Driver","Echo Form","Fission+1","Self Repair","Double Energy","Loop"],"special_seed":0,"relics":["Cracked Core","Pocketwatch","CultistMask","Bottled Flame","Dream Catcher","Pen Nib","Whetstone","Tiny Chest","Velvet Choker","Happy Flower","Dodecahedron"],"potions_floor_usage":[29,31],"damage_taken":[{"damage":2.0,"enemies":"Jaw Worm","floor":1.0,"turns":3.0},{"damage":1.0,"enemies":"Cultist","floor":3.0,"turns":3.0},{"damage":0.0,"enemies":"2 Louse","floor":4.0,"turns":2.0},{"damage":10.0,"enemies":"Lagavulin","floor":6.0,"turns":7.0},{"damage":15.0,"enemies":"3 Sentries","floor":7.0,"turns":4.0},{"damage":5.0,"enemies":"3 Sentries","floor":13.0,"turns":4.0},{"damage":10.0,"enemies":"Hexaghost","floor":16.0,"turns":9.0},{"damage":23.0,"enemies":"Shell Parasite","floor":18.0,"turns":5.0},{"damage":0.0,"enemies":"Chosen","floor":19.0,"turns":4.0},{"damage":12.0,"enemies":"3 Cultists","floor":21.0,"turns":6.0},{"damage":24.0,"enemies":"Snake Plant","floor":24.0,"turns":5.0},{"damage":9,"enemies":"Centurion and Healer","floor":25,"turns":9},{"damage":26,"enemies":"Slavers","floor":29,"turns":6},{"damage":8,"enemies":"Snecko","floor":30,"turns":7},{"damage":15,"enemies":"Snake Plant","floor":31,"turns":4},{"damage":45,"enemies":"Automaton","floor":33,"turns":8}],"seed_played":"-1592612118050281902","potions_obtained":[{"floor":3.0,"key":"Fire Potion"},{"floor":4.0,"key":"Weak Potion"},{"floor":13.0,"key":"Dexterity Potion"},{"floor":21.0,"key":"Weak Potion"},{"floor":24.0,"key":"AttackPotion"},{"floor":29,"key":"SteroidPotion"},{"floor":30,"key":"Swift Potion"}],"is_trial":false,"path_per_floor":["M","?","M","M","T","E","?","$","T","R","$","R","E","?","R","B",null,"M","M","$","M","?","R","M","M","T","R","?","E","M","M","R","B"],"character_chosen":"DEFECT","items_purchased":["FTL","Conserve Battery","Hologram","Echo Form"],"campfire_rested":4,"item_purchase_floors":[8,8,11,20],"current_hp_per_floor":[62,62,61,61,61,51,36,36,36,36,36,57,52,52,52,42,64,41,41,41,29,29,50,26,31,31,52,32,20,26,18,40,0],"gold":141,"neow_bonus":"ONE_RARE_RELIC","is_prod":false,"is_daily":false,"chose_seed":false,"campfire_upgraded":2,"win_rate":0,"timestamp":1555241540,"path_taken":["M","?","M","?","?","E","?","$","T","R","?","R","E","?","R","BOSS","M","M","$","M","?","R","M","?","T","R","?","E","M","M","R","BOSS"],"build_version":"2019-01-23","purchased_purges":0,"victory":false,"max_hp_per_floor":[71,71,71,71,71,71,71,71,71,71,71,71,71,71,71,71,71,71,71,71,71,71,71,71,71,71,71,76,76,76,76,76,76],"card_choices":[{"not_picked":["Beam Cell","Steam"],"picked":"Rebound","floor":1.0},{"not_picked":["Beam Cell","Aggregate","Rebound"],"picked":"SKIP","floor":3.0},{"not_picked":["White Noise","Sweeping Beam"],"picked":"Doom and Gloom","floor":4.0},{"not_picked":["Beam Cell","Tempest"],"picked":"Consume","floor":6.0},{"not_picked":["Beam Cell","Redo"],"picked":"Cold Snap","floor":7.0},{"not_picked":["White Noise","Redo"],"picked":"Chill","floor":12.0},{"not_picked":["BootSequence","Fusion"],"picked":"Fission","floor":13.0},{"not_picked":["All For One","Thunder Strike"],"picked":"Reboot","floor":16.0},{"not_picked":["Conserve Battery","Steam"],"picked":"Coolheaded+1","floor":18.0},{"not_picked":["Chill","Turbo"],"picked":"Compile Driver","floor":19.0},{"not_picked":["Gash","Redo","Sweeping Beam"],"picked":"SKIP","floor":21.0},{"not_picked":["Rebound","Blizzard"],"picked":"Self Repair","floor":24.0},{"not_picked":["Buffer","Compile Driver","Undo"],"picked":"SKIP","floor":25},{"not_picked":["Compile Driver","Steam Power","Scrape"],"picked":"SKIP","floor":29},{"not_picked":["Static Discharge","Rebound"],"picked":"Double Energy","floor":30},{"not_picked":["Streamline","Rainbow"],"picked":"Loop","floor":31}],"player_experience":927458,"relics_obtained":[{"floor":5.0,"key":"Bottled Flame"},{"floor":6.0,"key":"Dream Catcher"},{"floor":7.0,"key":"Pen Nib"},{"floor":9.0,"key":"Whetstone"},{"floor":13.0,"key":"Tiny Chest"},{"floor":26,"key":"Happy Flower"},{"floor":29,"key":"Dodecahedron"}],"event_choices":[{"damage_healed":0.0,"max_hp_gain":0.0,"max_hp_loss":0.0,"gold_gain":0.0,"event_name":"FaceTrader","player_choice":"Trade","floor":2.0,"gold_loss":0.0,"damage_taken":0.0,"relics_obtained":["CultistMask"]},{"damage_healed":0.0,"max_hp_gain":0.0,"max_hp_loss":0.0,"gold_gain":0.0,"event_name":"Dead Adventurer","player_choice":"Searched \u00271\u0027 times","floor":7.0,"gold_loss":0.0,"damage_taken":0.0},{"damage_healed":0.0,"max_hp_gain":0.0,"max_hp_loss":0.0,"gold_gain":0.0,"event_name":"Living Wall","player_choice":"Grow","floor":14.0,"gold_loss":0.0,"damage_taken":0.0,"cards_upgraded":["Consume"]},{"damage_healed":0.0,"max_hp_gain":0.0,"max_hp_loss":0.0,"gold_gain":0.0,"event_name":"Duplicator","player_choice":"Copied","floor":22.0,"gold_loss":0.0,"damage_taken":0.0,"cards_obtained":["Fission"]},{"damage_healed":0,"gold_gain":0,"player_choice":"Shed Blood","damage_taken":25,"max_hp_gain":5,"max_hp_loss":0,"event_name":"Forgotten Altar","floor":28,"gold_loss":0}],"is_beta":false,"boss_relics":[{"not_picked":["Black Star","Pandora\u0027s Box"],"picked":"Velvet Choker"}],"items_purged_floors":[],"is_endless":false,"potions_floor_spawned":[3,4,13,21,24,29,30],"killed_by":"Automaton","ascension_level":20}