{"gold_per_floor":[115,135,145,156,168,200,200,165,165,80,80,80],"floor_reached":12,"playtime":331,"items_purged":[],"score":160,"play_id":"8caffe08-13a6-4b1e-a044-b36c9f458533","local_time":"20190512100410","is_ascension_mode":true,"campfire_choices":[{"data":"Whirlwind","floor":7,"key":"SMITH"},{"data":"Bash","floor":11,"key":"SMITH"}],"neow_cost":"NONE","seed_source_timestamp":518764191891900,"circlet_count":0,"master_deck":["AscendersBane","Strike_R","Strike_R","Strike_R","Strike_R","Strike_R","Defend_R","Defend_R","Defend_R","Defend_R","Bash+1","Whirlwind+1","Disarm","Clothesline","Flex","Evolve","Pommel Strike"],"relics":["Burning Blood","NeowsBlessing","Boot","Frozen Egg 2","Centennial Puzzle"],"potions_floor_usage":[6,6],"damage_taken":[{"damage":0,"enemies":"Cultist","floor":1,"turns":1},{"damage":0,"enemies":"2 Louse","floor":2,"turns":1},{"damage":0,"enemies":"Jaw Worm","floor":3,"turns":1},{"damage":0,"enemies":"Lots of Slimes","floor":4,"turns":1},{"damage":23,"enemies":"Exordium Thugs","floor":5,"turns":7},{"damage":38,"enemies":"Gremlin Nob","floor":6,"turns":5},{"damage":50,"enemies":"3 Sentries","floor":12,"turns":6}],"seed_played":"2924090021946413480","potions_obtained":[{"floor":1,"key":"Poison Potion"},{"floor":2,"key":"Dexterity Potion"},{"floor":3,"key":"Block Potion"}],"is_trial":false,"path_per_floor":["M","M","M","M","M","E","R","?","T","?","R","E"],"character_chosen":"IRONCLAD","items_purchased":[],"campfire_rested":0,"item_purchase_floors":[],"current_hp_per_floor":[74,75,75,75,58,26,26,44,44,44,44,0],"gold":80,"neow_bonus":"THREE_ENEMY_KILL","is_prod":false,"is_daily":false,"chose_seed":false,"campfire_upgraded":2,"win_rate":0,"timestamp":1557623050,"path_taken":["M","M","M","?","M","E","R","?","T","?","R","E"],"build_version":"2019-01-23","purchased_purges":0,"victory":false,"max_hp_per_floor":[75,75,75,75,75,75,75,75,75,75,75,75],"card_choices":[{"not_picked":["Warcry","True Grit"],"picked":"Whirlwind","floor":1},{"not_picked":["Body Slam","Heavy Blade"],"picked":"Disarm","floor":2},{"not_picked":["Body Slam","Headbutt"],"picked":"Clothesline","floor":3},{"not_picked":["Cleave","Whirlwind"],"picked":"Flex","floor":4},{"not_picked":["Clash","Armaments"],"picked":"Evolve","floor":5},{"not_picked":["Body Slam","Combust"],"picked":"Pommel Strike","floor":6}],"player_experience":1343643,"relics_obtained":[{"floor":6,"key":"Boot"},{"floor":9,"key":"Frozen Egg 2"}],"event_choices":[{"damage_healed":18,"gold_gain":0,"player_choice":"Healed","damage_taken":0,"max_hp_gain":0,"max_hp_loss":0,"event_name":"The Cleric","floor":8,"gold_loss":35},{"damage_healed":0,"gold_gain":0,"player_choice":"Paid Gold","damage_taken":0,"relics_obtained":["Centennial Puzzle"],"max_hp_gain":0,"max_hp_loss":0,"event_name":"WeMeetAgain","floor":10,"gold_loss":85}],"is_beta":false,"boss_relics":[],"items_purged_floors":[],"is_endless":false,"potions_floor_spawned":[1,2,3],"killed_by":"3 Sentries","ascension_level":20}