{"gold_per_floor":[115,115,131,131,142,170,44,44,44,60,235,248,248],"floor_reached":13,"playtime":465,"items_purged":["Strike_B"],"score":106,"play_id":"54f599b8-3317-43b9-8e8a-4b5b0a3edf98","local_time":"20181103152048","is_ascension_mode":true,"campfire_choices":[{"floor":8,"key":"REST"}],"neow_cost":"NONE","seed_source_timestamp":339721779887307,"circlet_count":0,"master_deck":["Strike_B","Strike_B","Strike_B","Defend_B","Defend_B","Defend_B","Defend_B","Zap","Dualcast","Blizzard","Zap","FTL+1","Beam Cell","Stack","Leap","Sunder","Doubt","Reinforced Body"],"relics":["Cracked Core","NeowsBlessing","Peace Pipe","Blue Candle"],"potions_floor_usage":[12,12,12,12,13,13,13],"damage_taken":[{"damage":0,"enemies":"2 Louse","floor":1,"turns":1},{"damage":0,"enemies":"Cultist","floor":3,"turns":1},{"damage":0,"enemies":"Small Slimes","floor":5,"turns":1},{"damage":50,"enemies":"Lagavulin","floor":6,"turns":6},{"damage":3,"enemies":"Looter","floor":10,"turns":3},{"damage":10,"enemies":"Large Slime","floor":12,"turns":5},{"damage":48,"enemies":"Gremlin Nob","floor":13,"turns":4}],"seed_played":"-517644595021929137","potions_obtained":[{"floor":1,"key":"Regen Potion"},{"floor":5,"key":"EntropicBrew"},{"floor":10,"key":"Poison Potion"},{"floor":12,"key":"Energy Potion"}],"is_trial":false,"path_per_floor":["M","?","M","?","M","E","$","R","T","M","?","M","E"],"character_chosen":"DEFECT","items_purchased":["Leap"],"campfire_rested":1,"item_purchase_floors":[7],"current_hp_per_floor":[75,75,75,75,75,25,25,47,47,44,44,48,0],"gold":248,"neow_bonus":"THREE_ENEMY_KILL","is_prod":false,"is_daily":false,"chose_seed":false,"campfire_upgraded":0,"win_rate":0,"timestamp":1541254848,"path_taken":["M","?","?","?","?","E","$","R","T","M","?","M","E"],"build_version":"2018-11-01","purchased_purges":1,"victory":false,"max_hp_per_floor":[75,75,75,75,75,75,75,75,75,75,75,75,75],"card_choices":[{"not_picked":["Skim","Scrape"],"picked":"Blizzard","floor":1},{"not_picked":["Gash","Ball Lightning"],"picked":"FTL","floor":3},{"not_picked":["Rip and Tear","Recycle"],"picked":"Beam Cell","floor":5},{"not_picked":["Compile Driver","Rebound"],"picked":"Stack","floor":6},{"not_picked":["Consume","Darkness"],"picked":"Sunder","floor":10},{"not_picked":["Consume","Redo"],"picked":"Reinforced Body","floor":12}],"player_experience":274089,"relics_obtained":[{"floor":6,"key":"Peace Pipe"},{"floor":9,"key":"Blue Candle"}],"event_choices":[{"damage_healed":0,"gold_gain":0,"player_choice":"1 cards matched","damage_taken":0,"max_hp_gain":0,"max_hp_loss":0,"event_name":"Match and Keep!","floor":2,"gold_loss":0,"cards_obtained":["Zap"]},{"damage_healed":0,"gold_gain":0,"player_choice":"Upgraded","damage_taken":0,"max_hp_gain":0,"max_hp_loss":0,"event_name":"Upgrade Shrine","floor":4,"gold_loss":0,"cards_upgraded":["FTL"]},{"damage_healed":0,"gold_gain":175,"player_choice":"AGREE","damage_taken":0,"max_hp_gain":0,"max_hp_loss":0,"event_name":"Liars Game","floor":11,"gold_loss":0,"cards_obtained":["Doubt"]}],"is_beta":false,"boss_relics":[],"items_purged_floors":[7],"is_endless":false,"potions_floor_spawned":[1,5,10,12],"killed_by":"Gremlin Nob","ascension_level":5}