{"gold_per_floor":[113,288,29,43,118,143,143,177,177,177,39,64,64,64,64,194,194,215,215,231,255,45,45,111,35,35,51,51,65,115,115],"floor_reached":31,"playtime":1241,"items_purged":["Doubt","Defend_B"],"score":339,"play_id":"e73ac69a-743d-46d5-8865-96d4f2d4336f","local_time":"20181107132741","is_ascension_mode":true,"campfire_choices":[{"data":"Static Discharge","floor":7,"key":"SMITH"},{"floor":13,"key":"REST"},{"floor":15,"key":"REST"},{"floor":23,"key":"REST"},{"floor":28,"key":"REST"}],"neow_cost":"NONE","seed_source_timestamp":315802590955459,"circlet_count":0,"master_deck":["Strike_B","Strike_B","Strike_B","Strike_B","Defend_B+1","Defend_B","Defend_B","Zap","Dualcast","Stack","Capacitor","Conserve Battery+1","Ball Lightning","Static Discharge+1","Conserve Battery","Steam","Defragment","Storm","Glacier","Glacier+1","Leap","Static Discharge","Self Repair","Clumsy","Stack"],"relics":["Cracked Core","War Paint","Ancient Tea Set","Cables","Golden Idol","Cursed Key","MutagenicStrength","PreservedInsect","Tiny Chest","Pen Nib"],"potions_floor_usage":[6,6,20],"damage_taken":[{"damage":4,"enemies":"Jaw Worm","floor":1,"turns":4},{"damage":0,"enemies":"Small Slimes","floor":4,"turns":3},{"damage":35,"enemies":"Gremlin Nob","floor":6,"turns":5},{"damage":15,"enemies":"3 Sentries","floor":8,"turns":5},{"damage":2,"enemies":"2 Louse","floor":12,"turns":2},{"damage":17,"enemies":"Slime Boss","floor":16,"turns":9},{"damage":14,"enemies":"Shell Parasite","floor":18,"turns":3},{"damage":14,"enemies":"3 Byrds","floor":20,"turns":3},{"damage":17,"enemies":"Shelled Parasite and Fungi","floor":21,"turns":5},{"damage":13,"enemies":"Slavers","floor":24,"turns":7},{"damage":26,"enemies":"Centurion and Healer","floor":27,"turns":6},{"damage":13,"enemies":"Snake Plant","floor":29,"turns":4},{"damage":27,"enemies":"3 Cultists","floor":31,"turns":5}],"seed_played":"-8275951152776138605","potions_obtained":[{"floor":1,"key":"Regen Potion"},{"floor":18,"key":"Block Potion"},{"floor":21,"key":"Poison Potion"},{"floor":24,"key":"SpeedPotion"},{"floor":27,"key":"Strength Potion"}],"is_trial":false,"path_per_floor":["M","?","$","M","?","E","R","E","T","?","$","M","R","$","R","B",null,"M","?","M","M","$","R","E","$","T","M","R","M","?","M"],"character_chosen":"DEFECT","items_purchased":["Capacitor","Conserve Battery","Ball Lightning","Block Potion","Defragment","PreservedInsect","Leap","Self Repair"],"campfire_rested":4,"item_purchase_floors":[3,3,3,3,11,22,22,25],"current_hp_per_floor":[71,71,71,71,60,37,37,22,22,22,22,20,42,42,64,47,69,55,55,41,24,24,46,33,33,33,14,36,23,23,0],"gold":115,"neow_bonus":"TEN_PERCENT_HP_BONUS","is_prod":false,"is_daily":false,"chose_seed":false,"campfire_upgraded":1,"win_rate":0,"timestamp":1541593661,"path_taken":["M","?","$","M","?","E","R","E","T","?","?","M","R","$","R","BOSS","M","?","M","M","$","R","E","$","T","M","R","M","?","?"],"build_version":"2018-11-01","purchased_purges":2,"victory":false,"max_hp_per_floor":[82,82,82,82,82,82,82,82,82,76,76,76,76,76,76,76,76,76,76,76,76,76,76,76,76,76,76,76,76,76,76],"card_choices":[{"not_picked":["Reprogram","Sweeping Beam"],"picked":"Stack","floor":1},{"not_picked":["Conserve Battery","Chill"],"picked":"Static Discharge","floor":4},{"not_picked":["Core Surge","Steam"],"picked":"Conserve Battery","floor":6},{"not_picked":["Streamline","Tempest"],"picked":"Steam","floor":8},{"not_picked":["Compile Driver","Stack","Rip and Tear"],"picked":"SKIP","floor":12},{"not_picked":["Hologram","Capacitor"],"picked":"Storm","floor":18},{"not_picked":["Conserve Battery","Aggregate"],"picked":"Glacier","floor":20},{"not_picked":["Sweeping Beam","Coolheaded"],"picked":"Glacier+1","floor":21},{"not_picked":["Darkness","Redo"],"picked":"Static Discharge","floor":24},{"not_picked":["Redo","Auto Shields"],"picked":"Stack","floor":27},{"not_picked":["Beam Cell+1","Hologram","Rebound+1"],"picked":"SKIP","floor":29}],"player_experience":303089,"relics_obtained":[{"floor":6,"key":"War Paint"},{"floor":8,"key":"Ancient Tea Set"},{"floor":9,"key":"Cables"},{"floor":24,"key":"Tiny Chest"},{"floor":26,"key":"Pen Nib"}],"event_choices":[{"damage_healed":0,"gold_gain":175,"player_choice":"AGREE","damage_taken":0,"max_hp_gain":0,"max_hp_loss":0,"event_name":"Liars Game","floor":2,"gold_loss":0,"cards_obtained":["Doubt"]},{"damage_healed":0,"gold_gain":75,"player_choice":"Gather Gold","damage_taken":11,"max_hp_gain":0,"max_hp_loss":0,"event_name":"World of Goop","floor":5,"gold_loss":0},{"damage_healed":0,"gold_gain":0,"player_choice":"Lose Max HP","damage_taken":0,"relics_obtained":["Golden Idol"],"max_hp_gain":0,"max_hp_loss":6,"event_name":"Golden Idol","floor":10,"gold_loss":0},{"damage_healed":0,"gold_gain":0,"player_choice":"Inject Mutagens","damage_taken":0,"relics_obtained":["MutagenicStrength"],"max_hp_gain":0,"max_hp_loss":0,"event_name":"Drug Dealer","floor":19,"gold_loss":0},{"damage_healed":0,"gold_gain":100,"player_choice":"Bet on Murderer","damage_taken":0,"max_hp_gain":0,"max_hp_loss":0,"event_name":"The Joust","floor":30,"gold_loss":50}],"is_beta":false,"boss_relics":[{"not_picked":["Coffee Dripper","Snecko Eye"],"picked":"Cursed Key"}],"items_purged_floors":[3,11],"is_endless":false,"potions_floor_spawned":[1,18,21,24,27],"killed_by":"3 Cultists","ascension_level":6}