{"gold_per_floor":[117,136,151,163,17,52,72,83,83,83,118,144,184,196,208,324,336,360,391,420,447,92,92],"floor_reached":23,"playtime":1666,"items_purged":["Strike_R"],"score":386,"play_id":"2255a53e-4480-4d78-a9fc-811567120208","local_time":"20190430074450","is_ascension_mode":true,"campfire_choices":[{"data":"Uppercut","floor":10,"key":"SMITH"},{"data":"Armaments","floor":15,"key":"SMITH"}],"neow_cost":"NONE","seed_source_timestamp":1444381473225787,"circlet_count":0,"master_deck":["Strike_R","Strike_R","Strike_R","Strike_R","Defend_R","Defend_R","Defend_R","Defend_R","Bash","Armaments+1","Rampage","Uppercut+1","Immolate","Evolve","True Grit","Flame Barrier","Spot Weakness","Battle Trance","Reaper","Rage","Rage","Spot Weakness","Shrug It Off"],"relics":["Cursed Key","Vajra","Bottled Flame","PreservedInsect","MawBank","Omamori","Spirit Poop","Black Star","Kunai"],"potions_floor_usage":[6,6,13,13,16,18,21],"damage_taken":[{"damage":1,"enemies":"Cultist","floor":1,"turns":3},{"damage":0,"enemies":"Small Slimes","floor":2,"turns":3},{"damage":0,"enemies":"2 Louse","floor":3,"turns":2},{"damage":14,"enemies":"Red Slaver","floor":4,"turns":3},{"damage":13,"enemies":"3 Sentries","floor":6,"turns":6},{"damage":0,"enemies":"Exordium Thugs","floor":7,"turns":2},{"damage":1,"enemies":"Looter","floor":8,"turns":3},{"damage":0,"enemies":"Gremlin Nob","floor":11,"turns":3},{"damage":1,"enemies":"Large Slime","floor":12,"turns":4},{"damage":0,"enemies":"Lagavulin","floor":13,"turns":5},{"damage":12,"enemies":"Hexaghost","floor":16,"turns":8},{"damage":22,"enemies":"2 Thieves","floor":18,"turns":4},{"damage":0,"enemies":"Chosen","floor":19,"turns":4},{"damage":25,"enemies":"Shelled Parasite and Fungi","floor":20,"turns":5},{"damage":33,"enemies":"Chosen and Byrds","floor":21,"turns":5},{"damage":14,"enemies":"Slavers","floor":23,"turns":1}],"seed_played":"4138228441026318524","potions_obtained":[{"floor":2,"key":"Poison Potion"},{"floor":4,"key":"PowerPotion"},{"floor":6,"key":"FearPotion"},{"floor":11,"key":"Weak Potion"},{"floor":12,"key":"SkillPotion"},{"floor":16,"key":"AttackPotion"},{"floor":20,"key":"Regen Potion"}],"is_trial":false,"path_per_floor":["M","M","M","M","$","E","M","M","T","R","E","M","E","?","R","B",null,"M","M","M","M","$","E"],"character_chosen":"IRONCLAD","items_purchased":["Vajra","Kunai","Shrug It Off"],"campfire_rested":0,"item_purchase_floors":[5,22,22],"current_hp_per_floor":[71,71,71,57,57,44,44,43,43,43,43,42,42,42,42,30,68,54,54,29,10,10,0],"gold":92,"neow_bonus":"BOSS_RELIC","is_prod":false,"is_daily":false,"chose_seed":false,"campfire_upgraded":2,"win_rate":0,"timestamp":1556628290,"path_taken":["M","M","M","M","$","E","M","M","T","R","E","?","E","?","R","BOSS","M","M","M","M","$","E"],"build_version":"2019-01-23","purchased_purges":1,"victory":false,"max_hp_per_floor":[80,80,80,80,80,80,80,80,80,80,80,80,80,80,80,80,80,80,80,80,80,80,80],"card_choices":[{"not_picked":["Iron Wave","Hemokinesis"],"picked":"Armaments","floor":1},{"not_picked":["Heavy Blade","Armaments"],"picked":"Rampage","floor":2},{"not_picked":["Whirlwind","Twin Strike"],"picked":"Uppercut","floor":3},{"not_picked":["Corruption","Wild Strike"],"picked":"Immolate","floor":4},{"not_picked":["Havoc","Body Slam"],"picked":"Evolve","floor":6},{"not_picked":["Body Slam","Cleave"],"picked":"True Grit","floor":7},{"not_picked":["Anger","Heavy Blade"],"picked":"Flame Barrier","floor":8},{"not_picked":["Evolve","Heavy Blade","Cleave"],"picked":"SKIP","floor":11},{"not_picked":["Clash","Juggernaut"],"picked":"Spot Weakness","floor":12},{"not_picked":["Heavy Blade","Pommel Strike"],"picked":"Battle Trance","floor":13},{"not_picked":["Dark Embrace","Feed"],"picked":"Reaper","floor":16},{"not_picked":["Pommel Strike","Sever Soul","Wild Strike"],"picked":"SKIP","floor":18},{"not_picked":["Heavy Blade","Warcry"],"picked":"Rage","floor":19},{"not_picked":["Body Slam","Iron Wave"],"picked":"Rage","floor":20},{"not_picked":["Feel No Pain","True Grit"],"picked":"Spot Weakness","floor":21}],"player_experience":358846,"relics_obtained":[{"floor":6,"key":"Bottled Flame"},{"floor":9,"key":"PreservedInsect"},{"floor":11,"key":"MawBank"},{"floor":13,"key":"Omamori"}],"event_choices":[{"cards_removed":["Injury"],"damage_healed":0,"gold_gain":0,"player_choice":"Offered Curse","damage_taken":0,"relics_obtained":["Spirit Poop"],"max_hp_gain":0,"max_hp_loss":0,"event_name":"Bonfire Elementals","floor":14,"gold_loss":0}],"is_beta":false,"boss_relics":[{"not_picked":["Calling Bell","Tiny House"],"picked":"Black Star"}],"items_purged_floors":[22],"is_endless":false,"potions_floor_spawned":[2,4,6,11,12,16,20],"killed_by":"Slavers","ascension_level":9}