{"gold_per_floor":[363,379,454,62,72,107,7,25,25,25,25,25,43,60,60,158,208,222,237,30,30,40,40,51,51,76,92,103,103,118,136,136,136],"floor_reached":33,"playtime":2040,"items_purged":["Strike_R","Strike_R","Strike_R"],"score":266,"play_id":"51d9a10c-08a9-48a9-8245-d629d3cc9b04","local_time":"20181003182057","is_ascension_mode":true,"campfire_choices":[{"data":"Intimidate","floor":11.0,"key":"SMITH"},{"data":"Inflame","floor":15.0,"key":"SMITH"},{"data":"Rage","floor":23.0,"key":"SMITH"},{"data":"Anger","floor":32,"key":"SMITH"}],"neow_cost":"TEN_PERCENT_HP_LOSS","seed_source_timestamp":0,"circlet_count":0,"master_deck":["Strike_R+1","Defend_R","Defend_R","Defend_R","Bash","Flex+1","Reaper","Anger+1","Shrug It Off","Cleave","Intimidate+1","Shrug It Off","Inflame+1","Rampage+1","Immolate+1","Pommel Strike+1","Anger+1","Rage+1","Body Slam+1","Shrug It Off+1","Ghostly Armor","Dropkick+1","Reckless Charge+1","Power Through","Uppercut+1","Heavy Blade+1","Heavy Blade+1"],"special_seed":0,"relics":["Burning Blood","Orichalcum","Molten Egg 2","Mercury Hourglass","Ancient Tea Set","Tiny House","Juzu Bracelet"],"potions_floor_usage":[],"damage_taken":[{"damage":13.0,"enemies":"Jaw Worm","floor":1.0,"turns":5.0},{"damage":10.0,"enemies":"Cultist","floor":2.0,"turns":4.0},{"damage":0.0,"enemies":"Small Slimes","floor":5.0,"turns":3.0},{"damage":18.0,"enemies":"Gremlin Nob","floor":6.0,"turns":5.0},{"damage":0.0,"enemies":"Gremlin Gang","floor":8.0,"turns":4.0},{"damage":7.0,"enemies":"Looter","floor":13.0,"turns":3.0},{"damage":0.0,"enemies":"Exordium Wildlife","floor":14.0,"turns":2.0},{"damage":37.0,"enemies":"Hexaghost","floor":16.0,"turns":8.0},{"damage":7.0,"enemies":"Shell Parasite","floor":18.0,"turns":4.0},{"damage":6.0,"enemies":"3 Byrds","floor":19.0,"turns":4.0},{"damage":23.0,"enemies":"Centurion and Healer","floor":22.0,"turns":5.0},{"damage":28.0,"enemies":"Snecko","floor":24.0,"turns":5.0},{"damage":9,"enemies":"Shelled Parasite and Fungi","floor":27,"turns":5},{"damage":6,"enemies":"Centurion and Healer","floor":28,"turns":5},{"damage":11,"enemies":"Chosen and Byrds","floor":30,"turns":5},{"damage":10,"enemies":"Snake Plant","floor":31,"turns":3},{"damage":61,"enemies":"Automaton","floor":33,"turns":6}],"seed_played":"-9052583134736649068","potions_obtained":[{"floor":1.0,"key":"PowerPotion"},{"floor":6.0,"key":"Poison Potion"},{"floor":8.0,"key":"Regen Potion"},{"floor":16.0,"key":"FearPotion"},{"floor":17.0,"key":"AttackPotion"},{"floor":22.0,"key":"Ancient Potion"},{"floor":24.0,"key":"Energy Potion"}],"is_trial":false,"path_per_floor":["M","M","?","$","M","E","$","M","T","?","R","?","M","M","R","B",null,"M","M","$","?","M","R","M","?","T","M","M","?","M","M","R"],"character_chosen":"IRONCLAD","items_purchased":["Reaper","Anger","Shrug It Off","Orichalcum","Inflame"],"campfire_rested":0,"item_purchase_floors":[4,4,4,4,20],"current_hp_per_floor":[65,61,54,54,64,56,56,62,62,67,67,67,72,77,77,63,82,81,81,81,81,80,80,60,60,60,57,57,57,58,54,54,0],"gold":136,"neow_bonus":"TWO_FIFTY_GOLD","is_prod":false,"is_daily":false,"chose_seed":false,"campfire_upgraded":4,"win_rate":0,"timestamp":1538583657,"path_taken":["M","M","?","$","?","E","$","M","T","?","R","?","M","M","R","BOSS","M","M","$","?","M","R","M","?","T","M","M","?","M","M","R","BOSS"],"build_version":"2018-09-27","purchased_purges":3,"victory":false,"max_hp_per_floor":[72,72,72,72,72,72,72,72,72,77,77,77,77,77,77,77,82,82,82,82,82,82,82,82,82,82,82,82,82,82,82,82,82],"card_choices":[{"not_picked":["Clash","Armaments"],"picked":"Flex","floor":1.0},{"not_picked":["Combust","Disarm","Dual Wield"],"picked":"SKIP","floor":2.0},{"not_picked":["Perfected Strike","Rampage"],"picked":"Cleave","floor":5.0},{"not_picked":["Evolve","Metallicize"],"picked":"Intimidate","floor":6.0},{"not_picked":["Warcry","Sword Boomerang+1"],"picked":"Shrug It Off","floor":8.0},{"not_picked":["Searing Blow+1","Combust"],"picked":"Inflame","floor":13.0},{"not_picked":["Ghostly Armor","Spot Weakness"],"picked":"Rampage+1","floor":14.0},{"not_picked":["Brutality","Impervious"],"picked":"Immolate+1","floor":16.0},{"not_picked":["Shrug It Off","Wild Strike+1"],"picked":"Pommel Strike+1","floor":17.0},{"not_picked":["Pommel Strike+1","Wild Strike+1","Double Tap"],"picked":"SKIP","floor":18.0},{"not_picked":["Wild Strike+1","Headbutt+1"],"picked":"Anger+1","floor":19.0},{"not_picked":["Sever Soul+1","Armaments"],"picked":"Body Slam+1","floor":22.0},{"not_picked":["Clothesline+1","Headbutt+1"],"picked":"Shrug It Off+1","floor":24.0},{"not_picked":["Evolve+1","Battle Trance"],"picked":"Power Through","floor":27},{"not_picked":["Sword Boomerang+1","Wild Strike+1"],"picked":"Uppercut+1","floor":28},{"not_picked":["Headbutt+1","Battle Trance"],"picked":"Heavy Blade+1","floor":30},{"not_picked":["Warcry+1","Twin Strike+1"],"picked":"Heavy Blade+1","floor":31}],"player_experience":126785,"relics_obtained":[{"floor":6.0,"key":"Molten Egg 2"},{"floor":9.0,"key":"Mercury Hourglass"},{"floor":26.0,"key":"Juzu Bracelet"}],"event_choices":[{"event_name":"FaceTrader","player_choice":"Touch","floor":3.0,"damage_taken":0.0},{"event_name":"Big Fish","player_choice":"Donut","floor":10.0,"damage_taken":0.0},{"event_name":"WeMeetAgain","player_choice":"Potion","floor":12.0,"damage_taken":0.0},{"event_name":"The Library","player_choice":"Read","floor":21.0,"damage_taken":0.0},{"event_name":"Drug Dealer","player_choice":"Became Test Subject","floor":25.0,"damage_taken":0.0},{"event_name":"Accursed Blacksmith","player_choice":"Forge","floor":29,"damage_taken":0}],"is_beta":false,"boss_relics":[{"not_picked":["Coffee Dripper","Astrolabe"],"picked":"Tiny House"}],"items_purged_floors":[4,7,20],"is_endless":false,"potions_floor_spawned":[1,6,8,16,22,24,27],"killed_by":"Automaton","ascension_level":1}