{"gold_per_floor":[113,113,129,129,54,82,82,113,137,137,157,57,69,69],"floor_reached":14,"playtime":394,"items_purged":["Defend_R","Defend_R"],"score":98,"play_id":"30a5454c-0f0f-4e25-87bb-3c120112da8a","local_time":"20180818003140","is_ascension_mode":false,"campfire_choices":[],"neow_cost":"NONE","seed_source_timestamp":42436668734452,"circlet_count":0,"master_deck":["Strike_R","Strike_R","Strike_R","Strike_R","Strike_R","Defend_R","Defend_R+1","Bash+1","Perfected Strike","Twin Strike"],"special_seed":0,"relics":["Black Star","Potion Belt","Strawberry","Shovel","Bird Faced Urn","Boot","Incense Burner"],"potions_floor_usage":[],"damage_taken":[{"damage":1.0,"enemies":"Cultist","floor":1.0,"turns":3.0},{"damage":12.0,"enemies":"2 Louse","floor":3.0,"turns":3.0},{"damage":46.0,"enemies":"3 Sentries","floor":6.0,"turns":8.0},{"damage":28.0,"enemies":"Gremlin Nob","floor":8.0,"turns":4.0},{"damage":6.0,"enemies":"Jaw Worm","floor":11.0,"turns":2.0},{"damage":0,"enemies":"3 Louse","floor":13,"turns":2},{"damage":5,"enemies":"Exordium Wildlife","floor":14,"turns":1}],"seed_played":"-3082838453515478019","potions_obtained":[{"floor":1.0,"key":"LiquidBronze"},{"floor":6.0,"key":"GamblersBrew"},{"floor":8.0,"key":"PowerPotion"}],"is_trial":false,"path_per_floor":["M","?","M","?","$","E","$","E","T","?","M","$","M"],"character_chosen":"IRONCLAD","items_purchased":[],"campfire_rested":0,"item_purchase_floors":[],"current_hp_per_floor":[79,63,51,77,77,38,38,10,10,7,3,3,3,0],"gold":69,"neow_bonus":"BOSS_RELIC","is_prod":false,"is_daily":false,"chose_seed":false,"campfire_upgraded":0,"win_rate":0,"timestamp":1534523500,"path_taken":["M","?","M","?","$","E","?","E","T","?","M","$","M","M"],"build_version":"2018-08-16","purchased_purges":2,"victory":false,"max_hp_per_floor":[80,80,80,80,80,87,87,87,87,87,87,87,87,87],"card_choices":[{"not_picked":["Pummel","Warcry","Anger"],"picked":"SKIP","floor":1.0},{"not_picked":["Burning Pact","Evolve","Searing Blow"],"picked":"SKIP","floor":3.0},{"not_picked":["Disarm","Twin Strike"],"picked":"Perfected Strike","floor":6.0},{"not_picked":["Shockwave","Clash"],"picked":"Twin Strike","floor":8.0},{"not_picked":["Armaments","Flex","Sword Boomerang"],"picked":"SKIP","floor":11.0},{"not_picked":["Reaper","Body Slam","Havoc"],"picked":"SKIP","floor":13}],"player_experience":309995,"relics_obtained":[{"floor":6.0,"key":"Potion Belt"},{"floor":6.0,"key":"Strawberry"},{"floor":8.0,"key":"Shovel"},{"floor":8.0,"key":"Bird Faced Urn"},{"floor":9.0,"key":"Boot"}],"event_choices":[{"event_name":"Shining Light","player_choice":"Entered Light","floor":2.0,"damage_taken":0.0},{"event_name":"Big Fish","player_choice":"Banana","floor":4.0,"damage_taken":0.0},{"event_name":"Scrap Ooze","player_choice":"success","floor":10.0,"damage_taken":3.0}],"is_beta":false,"boss_relics":[],"items_purged_floors":[5,12],"is_endless":false,"potions_floor_spawned":[1,6,8],"killed_by":"Exordium Wildlife","ascension_level":0}