{"gold_per_floor":[113,126,140,140,153,179,179,190,190,190],"floor_reached":10,"playtime":322,"items_purged":[],"score":130,"play_id":"676b9215-129e-464e-9ef2-dbd901e37261","local_time":"20190327210833","is_ascension_mode":true,"campfire_choices":[{"floor":7,"key":"REST"}],"neow_cost":"NONE","seed_source_timestamp":11663207022609,"circlet_count":0,"master_deck":["AscendersBane","Strike_B","Strike_B","Strike_B","Strike_B","Defend_B","Defend_B","Defend_B","Defend_B","Zap+1","Dualcast","Undo","Tempest+1","Sweeping Beam","FTL","Go for the Eyes"],"relics":["Cracked Core","Sundial","Toxic Egg 2"],"potions_floor_usage":[10,10],"damage_taken":[{"damage":14,"enemies":"2 Louse","floor":1,"turns":4},{"damage":0,"enemies":"Cultist","floor":2,"turns":3},{"damage":12,"enemies":"Jaw Worm","floor":3,"turns":2},{"damage":3,"enemies":"Blue Slaver","floor":5,"turns":3},{"damage":27,"enemies":"Lagavulin","floor":6,"turns":7},{"damage":14,"enemies":"Exordium Wildlife","floor":8,"turns":3},{"damage":19,"enemies":"3 Sentries","floor":10,"turns":4}],"seed_played":"261946585670973296","potions_obtained":[{"floor":2,"key":"GamblersBrew"},{"floor":6,"key":"SpeedPotion"}],"is_trial":false,"path_per_floor":["M","M","M","?","M","E","R","M","T","E"],"character_chosen":"DEFECT","items_purchased":[],"campfire_rested":1,"item_purchase_floors":[],"current_hp_per_floor":[50,50,38,38,35,8,29,15,15,0],"gold":190,"neow_bonus":"UPGRADE_CARD","is_prod":false,"is_daily":false,"chose_seed":false,"campfire_upgraded":0,"win_rate":0,"timestamp":1553738913,"path_taken":["M","M","M","?","M","E","R","M","T","E"],"build_version":"2019-01-23","purchased_purges":0,"victory":false,"max_hp_per_floor":[71,71,71,71,71,71,71,71,71,71],"card_choices":[{"not_picked":["Redo","Steam"],"picked":"Undo","floor":1},{"not_picked":["Force Field","Leap"],"picked":"Tempest","floor":2},{"not_picked":["Turbo","Genetic Algorithm"],"picked":"Sweeping Beam","floor":3},{"not_picked":["Hyperbeam","Conserve Battery"],"picked":"FTL","floor":5},{"not_picked":["Meteor Strike","Reprogram"],"picked":"Go for the Eyes","floor":6},{"not_picked":["Force Field","Ball Lightning","Heatsinks"],"picked":"SKIP","floor":8}],"player_experience":1170600,"relics_obtained":[{"floor":6,"key":"Sundial"},{"floor":9,"key":"Toxic Egg 2"}],"event_choices":[{"damage_healed":0,"gold_gain":0,"player_choice":"Grow","damage_taken":0,"max_hp_gain":0,"max_hp_loss":0,"event_name":"Living Wall","floor":4,"gold_loss":0,"cards_upgraded":["Tempest"]}],"is_beta":false,"boss_relics":[],"items_purged_floors":[],"is_endless":false,"potions_floor_spawned":[2,6],"killed_by":"3 Sentries","ascension_level":17}