{"gold_per_floor":[115,115,128,128,141,141,160,189,214,214,171,171,38,11,11,84,84,98,278,31,31,49,49,49,49,49,61,79,93,93],"floor_reached":30,"playtime":1279,"items_purged":["Strike_G"],"score":460,"play_id":"5d17388f-c121-4a64-a72a-668458105dd0","local_time":"20190427220433","is_ascension_mode":true,"campfire_choices":[{"data":"Neutralize","floor":6,"key":"SMITH"},{"data":"Cloak And Dagger","floor":10,"key":"SMITH"},{"floor":12,"key":"REST"},{"data":"Deadly Poison","floor":15,"key":"SMITH"},{"floor":23,"key":"REST"},{"data":"Wraith Form v2","floor":25,"key":"SMITH"}],"neow_cost":"NONE","seed_source_timestamp":50322185724591,"circlet_count":0,"master_deck":["AscendersBane","Defend_G","Defend_G","Defend_G","Defend_G","Defend_G","Strike_G","Strike_G","Strike_G","Strike_G","Survivor","Neutralize+1","Quick Slash","Deflect","Cloak And Dagger+1","Blur","Cloak And Dagger","Dagger Throw","Deadly Poison+1","Wraith Form v2+1","Crippling Poison+1","Crippling Poison","Dagger Spray","Leg Sweep+1","Distraction+1","Dodge and Roll"],"relics":["Ring of the Snake","NeowsBlessing","Juzu Bracelet","Smiling Mask","Cursed Key","Orichalcum"],"potions_floor_usage":[14,16,28,28],"damage_taken":[{"damage":0,"enemies":"Cultist","floor":1,"turns":1},{"damage":0,"enemies":"2 Louse","floor":3,"turns":1},{"damage":0,"enemies":"Small Slimes","floor":5,"turns":1},{"damage":0,"enemies":"2 Fungi Beasts","floor":7,"turns":5},{"damage":47,"enemies":"Gremlin Nob","floor":8,"turns":6},{"damage":7,"enemies":"Exordium Thugs","floor":14,"turns":4},{"damage":30,"enemies":"The Guardian","floor":16,"turns":16},{"damage":4,"enemies":"3 Byrds","floor":18,"turns":7},{"damage":14,"enemies":"Shell Parasite","floor":22,"turns":7},{"damage":11,"enemies":"Centurion and Healer","floor":27,"turns":7},{"damage":16,"enemies":"Snake Plant","floor":28,"turns":6},{"damage":43,"enemies":"Cultist and Chosen","floor":29,"turns":10},{"damage":11,"enemies":"Snecko","floor":30,"turns":3}],"seed_played":"206586633223621001","potions_obtained":[{"floor":1,"key":"Weak Potion"},{"floor":3,"key":"Dexterity Potion"},{"floor":16,"key":"SteroidPotion"},{"floor":18,"key":"SteroidPotion"},{"floor":22,"key":"Regen Potion"},{"floor":27,"key":"Regen Potion"}],"is_trial":false,"path_per_floor":["M","?","M","?","M","R","M","E","T","R","?","R","$","M","R","B",null,"M","?","$","T","M","R","$","R","T","M","M","M","M"],"character_chosen":"THE_SILENT","items_purchased":["Cloak And Dagger","Dagger Throw","Orichalcum","Crippling Poison"],"campfire_rested":2,"item_purchase_floors":[13,13,20,20],"current_hp_per_floor":[59,64,64,64,64,64,64,17,17,17,17,38,38,31,31,1,54,50,29,29,29,15,36,36,36,36,25,54,11,0],"gold":93,"neow_bonus":"THREE_ENEMY_KILL","is_prod":false,"is_daily":false,"chose_seed":false,"campfire_upgraded":4,"win_rate":0,"timestamp":1556370273,"path_taken":["M","?","M","?","M","R","M","E","T","R","?","R","$","M","R","BOSS","M","?","$","?","M","R","?","R","T","M","M","M","M"],"build_version":"2019-01-23","purchased_purges":1,"victory":false,"max_hp_per_floor":[66,71,71,71,71,71,71,71,71,71,71,71,71,71,71,71,71,71,71,71,71,71,71,71,71,71,71,71,71,71],"card_choices":[{"not_picked":["Finisher","Outmaneuver"],"picked":"Quick Slash","floor":1},{"not_picked":["Outmaneuver","Acrobatics"],"picked":"Deflect","floor":3},{"not_picked":["Caltrops","Slice","Flechettes"],"picked":"SKIP","floor":5},{"not_picked":["Well Laid Plans","Flying Knee"],"picked":"Cloak And Dagger","floor":7},{"not_picked":["Storm of Steel","Acrobatics"],"picked":"Blur","floor":8},{"not_picked":["Blade Dance","Deflect"],"picked":"Deadly Poison","floor":14},{"not_picked":["Bullet Time","Venomology"],"picked":"Wraith Form v2","floor":16},{"not_picked":["Acrobatics","Finisher"],"picked":"Crippling Poison+1","floor":18},{"not_picked":["Flying Knee","Prepared"],"picked":"Dagger Spray","floor":22},{"not_picked":["Flying Knee","Choke"],"picked":"Leg Sweep+1","floor":27},{"not_picked":["Cloak And Dagger","Blade Dance"],"picked":"Distraction+1","floor":28},{"not_picked":["Wraith Form v2","Dagger Spray"],"picked":"Dodge and Roll","floor":29}],"player_experience":1115623,"relics_obtained":[{"floor":8,"key":"Juzu Bracelet"},{"floor":9,"key":"Smiling Mask"}],"event_choices":[{"damage_healed":0,"gold_gain":0,"player_choice":"Donut","damage_taken":0,"max_hp_gain":5,"max_hp_loss":0,"event_name":"Big Fish","floor":2,"gold_loss":0},{"damage_healed":0,"gold_gain":0,"player_choice":"Ignored","damage_taken":0,"max_hp_gain":0,"max_hp_loss":0,"event_name":"Liars Game","floor":4,"gold_loss":0},{"damage_healed":0,"gold_gain":0,"player_choice":"Left Gold","damage_taken":0,"max_hp_gain":0,"max_hp_loss":0,"event_name":"World of Goop","floor":11,"gold_loss":43},{"damage_healed":0,"gold_gain":180,"player_choice":"GOLD GOLD ","damage_taken":21,"max_hp_gain":0,"max_hp_loss":0,"event_name":"Knowing Skull","floor":19,"potions_obtained":[],"gold_loss":0,"cards_obtained":[]}],"is_beta":false,"boss_relics":[{"not_picked":["Calling Bell","Empty Cage"],"picked":"Cursed Key"}],"items_purged_floors":[13],"is_endless":false,"potions_floor_spawned":[1,3,16,18,22,27],"killed_by":"Snecko","ascension_level":20}