{"gold_per_floor":[110,110,35,35,35,35,64,64,91,110,125,135,162,181,181,252,252,264,274,51,51,51],"floor_reached":22,"playtime":661,"items_purged":["Strike_B","Strike_B"],"score":438,"play_id":"b7fa6ad4-6a82-441f-85cd-e85a92ff6166","local_time":"20190413144650","is_ascension_mode":true,"campfire_choices":[{"data":"Zap","floor":6,"key":"SMITH"},{"data":"Go for the Eyes","floor":8,"key":"SMITH"},{"data":"Consume","floor":15,"key":"SMITH"}],"neow_cost":"NONE","seed_source_timestamp":1318371232550706,"circlet_count":0,"master_deck":["AscendersBane","Strike_B","Strike_B+1","Defend_B","Defend_B+1","Defend_B","Defend_B","Zap+1","Dualcast","White Noise+1","Go for the Eyes+1","Conserve Battery","Ball Lightning","Consume+1","Fission","Hologram+1","Recycle+1","Capacitor","Coolheaded","Compile Driver"],"relics":["Cracked Core","NeowsBlessing","Dead Branch","Smiling Mask","Orichalcum","Cursed Key"],"potions_floor_usage":[12,12,13,16,19],"damage_taken":[{"damage":0,"enemies":"Jaw Worm","floor":1,"turns":1},{"damage":0,"enemies":"3 Sentries","floor":7,"turns":1},{"damage":0,"enemies":"Small Slimes","floor":10,"turns":1},{"damage":1,"enemies":"2 Louse","floor":11,"turns":3},{"damage":2,"enemies":"Gremlin Gang","floor":12,"turns":3},{"damage":24,"enemies":"Gremlin Nob","floor":13,"turns":4},{"damage":0,"enemies":"2 Fungi Beasts","floor":14,"turns":3},{"damage":13,"enemies":"Hexaghost","floor":16,"turns":9},{"damage":21,"enemies":"2 Thieves","floor":18,"turns":4},{"damage":3,"enemies":"3 Byrds","floor":19,"turns":3},{"damage":35,"enemies":"Masked Bandits","floor":22,"turns":3}],"seed_played":"-3463409621537104641","potions_obtained":[{"floor":5,"key":"SteroidPotion"},{"floor":5,"key":"Ancient Potion"},{"floor":12,"key":"Regen Potion"},{"floor":14,"key":"AttackPotion"},{"floor":16,"key":"LiquidBronze"}],"is_trial":false,"path_per_floor":["M","?","$","?","?","R","E","R","T","M","M","M","E","M","R","B",null,"M","M","$","?","?"],"character_chosen":"DEFECT","items_purchased":["Capacitor","Coolheaded","Compile Driver"],"campfire_rested":0,"item_purchase_floors":[20,20,20],"current_hp_per_floor":[64,43,43,43,43,43,43,43,43,43,42,40,28,28,28,15,57,36,33,33,33,0],"gold":51,"neow_bonus":"THREE_ENEMY_KILL","is_prod":false,"is_daily":false,"chose_seed":false,"campfire_upgraded":3,"win_rate":0,"timestamp":1555134410,"path_taken":["M","?","$","?","?","R","E","R","T","M","M","?","E","M","R","BOSS","M","M","$","?","?"],"build_version":"2019-01-23","purchased_purges":2,"victory":false,"max_hp_per_floor":[71,71,71,71,71,71,71,71,71,71,71,71,71,71,71,71,71,71,71,71,71,71],"card_choices":[{"not_picked":["Coolheaded","Tempest"],"picked":"White Noise","floor":1},{"not_picked":["Fusion","Redo"],"picked":"Go for the Eyes","floor":7},{"not_picked":["Skim","Gash"],"picked":"Conserve Battery","floor":10},{"not_picked":["Beam Cell","Conserve Battery","Leap"],"picked":"SKIP","floor":11},{"not_picked":["Beam Cell","Darkness"],"picked":"Ball Lightning","floor":12},{"not_picked":["Reprogram","Barrage","Fusion"],"picked":"SKIP","floor":13},{"not_picked":["Skim","Melter"],"picked":"Consume","floor":14},{"not_picked":["Amplify","Seek"],"picked":"Fission","floor":16},{"not_picked":["Reprogram","Steam Power"],"picked":"Hologram+1","floor":18},{"not_picked":["Sweeping Beam","Sunder"],"picked":"Recycle+1","floor":19}],"player_experience":914352,"relics_obtained":[{"floor":7,"key":"Dead Branch"},{"floor":9,"key":"Smiling Mask"},{"floor":13,"key":"Orichalcum"}],"event_choices":[{"damage_healed":0,"gold_gain":0,"player_choice":"Entered Light","damage_taken":21,"max_hp_gain":0,"max_hp_loss":0,"event_name":"Shining Light","floor":2,"gold_loss":0,"cards_upgraded":["Strike_B","Defend_B"]},{"damage_healed":0,"gold_gain":0,"player_choice":"Grow","damage_taken":0,"max_hp_gain":0,"max_hp_loss":0,"event_name":"Living Wall","floor":4,"gold_loss":0,"cards_upgraded":["White Noise"]},{"damage_healed":0,"gold_gain":0,"player_choice":"Got Potions","damage_taken":0,"max_hp_gain":0,"max_hp_loss":0,"event_name":"Lab","floor":5,"gold_loss":0},{"damage_healed":0,"gold_gain":0,"player_choice":"Ignored","damage_taken":0,"max_hp_gain":0,"max_hp_loss":0,"event_name":"Vampires","floor":21,"gold_loss":0},{"damage_healed":0,"gold_gain":0,"player_choice":"Fought Bandits","damage_taken":0,"max_hp_gain":0,"max_hp_loss":0,"event_name":"Masked Bandits","floor":22,"gold_loss":0}],"is_beta":false,"boss_relics":[{"not_picked":["Lizard Tail","Coffee Dripper"],"picked":"Cursed Key"}],"items_purged_floors":[3,20],"is_endless":false,"potions_floor_spawned":[12,14,16],"killed_by":"Masked Bandits","ascension_level":20}