{"gold_per_floor":[109,109,74,74,74,104,53,72,72,72,92,107,120,137,137,137],"floor_reached":16,"playtime":560,"items_purged":[],"score":184,"play_id":"73f33996-28c2-41e8-9aef-d19789b98e7b","local_time":"20190509210357","is_ascension_mode":true,"campfire_choices":[{"data":"Neutralize","floor":10,"key":"SMITH"},{"floor":15,"key":"DIG"}],"neow_cost":"NONE","seed_source_timestamp":1640953767492223,"circlet_count":0,"master_deck":["Defend_G","Defend_G","Defend_G","Defend_G","Defend_G","Strike_G","Strike_G+1","Strike_G","Strike_G","Survivor","Neutralize+1","PiercingWail+1","Dodge and Roll","Deadly Poison","Well Laid Plans","Backflip","Cloak And Dagger","Backflip","Sucker Punch"],"relics":["Ring of the Snake","NeowsBlessing","Shovel","The Specimen","Question Card"],"potions_floor_usage":[],"damage_taken":[{"damage":0,"enemies":"Jaw Worm","floor":1,"turns":1},{"damage":0,"enemies":"3 Sentries","floor":6,"turns":1},{"damage":0,"enemies":"2 Louse","floor":8,"turns":1},{"damage":0,"enemies":"Small Slimes","floor":11,"turns":4},{"damage":0,"enemies":"Exordium Thugs","floor":12,"turns":6},{"damage":0,"enemies":"2 Fungi Beasts","floor":13,"turns":4},{"damage":2,"enemies":"Exordium Wildlife","floor":14,"turns":5},{"damage":52,"enemies":"Slime Boss","floor":16,"turns":11}],"seed_played":"834994419218130136","potions_obtained":[{"floor":5,"key":"SmokeBomb"},{"floor":5,"key":"FearPotion"},{"floor":5,"key":"Ancient Potion"},{"floor":8,"key":"FairyPotion"},{"floor":12,"key":"Dexterity Potion"}],"is_trial":false,"path_per_floor":["M","?","?","?","?","E","$","M","T","R","M","M","M","M","R","B"],"character_chosen":"THE_SILENT","items_purchased":["Deadly Poison"],"campfire_rested":0,"item_purchase_floors":[7],"current_hp_per_floor":[63,56,70,56,56,56,56,56,56,56,56,56,56,54,54,2],"gold":137,"neow_bonus":"THREE_ENEMY_KILL","is_prod":false,"is_daily":false,"chose_seed":false,"campfire_upgraded":1,"win_rate":0,"timestamp":1557450237,"path_taken":["M","?","?","?","?","E","$","M","T","R","M","M","M","?","R","BOSS"],"build_version":"2019-01-23","purchased_purges":0,"victory":false,"max_hp_per_floor":[70,70,70,70,70,70,70,70,70,70,70,70,70,70,70,70],"card_choices":[{"not_picked":["Flying Knee","Tactician"],"picked":"PiercingWail","floor":1},{"not_picked":["Bane","Tactician"],"picked":"Dodge and Roll","floor":6},{"not_picked":["Acrobatics","Prepared"],"picked":"Well Laid Plans","floor":8},{"not_picked":["Blade Dance","Caltrops"],"picked":"Backflip","floor":11},{"not_picked":["Blade Dance","Distraction"],"picked":"Cloak And Dagger","floor":12},{"not_picked":["Reflex","Setup"],"picked":"Backflip","floor":13},{"not_picked":["Phantasmal Killer","Prepared"],"picked":"Sucker Punch","floor":14}],"player_experience":231947,"relics_obtained":[{"floor":6,"key":"Shovel"},{"floor":9,"key":"The Specimen"},{"floor":15,"key":"Question Card"}],"event_choices":[{"cards_removed":["Strike_G"],"damage_healed":0,"gold_gain":0,"player_choice":"Card Removal","damage_taken":7,"max_hp_gain":0,"max_hp_loss":0,"event_name":"Golden Wing","floor":2,"gold_loss":0},{"damage_healed":17,"gold_gain":0,"player_choice":"Healed","damage_taken":0,"max_hp_gain":0,"max_hp_loss":0,"event_name":"The Cleric","floor":3,"gold_loss":35},{"damage_healed":0,"gold_gain":0,"player_choice":"Entered Light","damage_taken":14,"max_hp_gain":0,"max_hp_loss":0,"event_name":"Shining Light","floor":4,"gold_loss":0,"cards_upgraded":["PiercingWail","Strike_G"]},{"damage_healed":0,"gold_gain":0,"player_choice":"Got Potions","damage_taken":0,"max_hp_gain":0,"max_hp_loss":0,"event_name":"Lab","floor":5,"gold_loss":0}],"is_beta":false,"boss_relics":[],"items_purged_floors":[],"is_endless":false,"potions_floor_spawned":[8,12],"killed_by":"Slime Boss","ascension_level":9}