{"gold_per_floor":[110,110,110,120,131,131,149,164,164,192,212,212,226,226,226,325,325,341,356,68,83,93,93,112,112,112,112,27,27,43,59,59,154,154,170,0,11,11,29,29,49,65,65,65,65,65,65,85,85,85,85,85,10,39,39],"floor_reached":55,"playtime":3994,"items_purged":["Defend_R"],"score":681,"play_id":"fd53f8a0-756e-47d3-9263-3f757b469a1e","local_time":"20190425004726","is_ascension_mode":true,"campfire_choices":[{"floor":6,"key":"RECALL"},{"data":"Flame Barrier","floor":12,"key":"SMITH"},{"floor":15,"key":"REST"},{"data":"Spot Weakness","floor":23,"key":"SMITH"},{"data":"Inflame","floor":25,"key":"SMITH"},{"data":"Brutality","floor":32,"key":"SMITH"},{"data":"Offering","floor":40,"key":"SMITH"},{"floor":44,"key":"REST"},{"data":"Metallicize","floor":46,"key":"SMITH"},{"data":"Pummel","floor":49,"key":"SMITH"},{"data":"Metallicize","floor":52,"key":"SMITH"}],"neow_cost":"CURSE","seed_source_timestamp":93578670281376,"circlet_count":0,"master_deck":["Defend_R","Defend_R","Defend_R","Bash","Shrug It Off","Metallicize+1","Inflame+1","Twin Strike","Flame Barrier+1","Spot Weakness+1","Offering+1","Shrug It Off+1","Metallicize+1","Rupture","Pummel+1","Brutality+1","Bite","Bite","Bite","Bite","Shockwave","Reaper","Shrug It Off","Pummel+1","Impervious"],"relics":["Burning Blood","Bottled Tornado","Shuriken","Bag of Marbles","Sozu","Sling","Omamori","Frozen Egg 2","Black Star","Red Mask","Mercury Hourglass","Dodecahedron"],"potions_floor_usage":[10,10],"damage_taken":[{"damage":11,"enemies":"Jaw Worm","floor":1,"turns":2},{"damage":9,"enemies":"2 Louse","floor":4,"turns":3},{"damage":2,"enemies":"Cultist","floor":5,"turns":5},{"damage":5,"enemies":"Large Slime","floor":7,"turns":7},{"damage":11,"enemies":"2 Fungi Beasts","floor":8,"turns":4},{"damage":27,"enemies":"Lagavulin","floor":10,"turns":7},{"damage":7,"enemies":"Looter","floor":11,"turns":3},{"damage":17,"enemies":"Exordium Thugs","floor":13,"turns":7},{"damage":52,"enemies":"Hexaghost","floor":16,"turns":10},{"damage":0,"enemies":"Chosen","floor":18,"turns":5},{"damage":7,"enemies":"Spheric Guardian","floor":19,"turns":5},{"damage":6,"enemies":"Snake Plant","floor":21,"turns":3},{"damage":10,"enemies":"Cultist and Chosen","floor":22,"turns":7},{"damage":8,"enemies":"Sentry and Sphere","floor":24,"turns":4},{"damage":17,"enemies":"Centurion and Healer","floor":30,"turns":3},{"damage":20,"enemies":"Shelled Parasite and Fungi","floor":31,"turns":5},{"damage":73,"enemies":"Champ","floor":33,"turns":7},{"damage":17,"enemies":"3 Shapes","floor":35,"turns":3},{"damage":39,"enemies":"3 Darklings","floor":37,"turns":6},{"damage":15,"enemies":"Sphere and 2 Shapes","floor":39,"turns":4},{"damage":17,"enemies":"Jaw Worm Horde","floor":41,"turns":4},{"damage":58,"enemies":"3 Darklings","floor":42,"turns":6},{"damage":17,"enemies":"Writhing Mass","floor":48,"turns":4},{"damage":89,"enemies":"Time Eater","floor":50,"turns":10},{"damage":60,"enemies":"Shield and Spear","floor":54,"turns":6},{"damage":63,"enemies":"The Heart","floor":55,"turns":3}],"seed_played":"-7527730459395963245","potions_obtained":[{"floor":5,"key":"BloodPotion"},{"floor":8,"key":"Explosive Potion"},{"floor":10,"key":"Swift Potion"},{"floor":11,"key":"Ancient Potion"},{"floor":13,"key":"GamblersBrew"}],"is_trial":false,"path_per_floor":["M","?","?","M","M","R","M","M","T","E","M","R","M","?","R","B",null,"M","M","$","M","M","R","M","R","T","?","?","?","M","M","R","B",null,"M","?","M","$","M","R","M","M","T","R","?","R","?","M","R","B",null,"R","$","E","B"],"character_chosen":"IRONCLAD","items_purchased":["Metallicize","Sling"],"campfire_rested":2,"item_purchase_floors":[20,20],"current_hp_per_floor":[91,91,91,88,92,92,93,88,88,76,75,75,64,52,80,34,96,96,95,95,95,91,91,89,89,89,89,89,67,64,60,60,15,67,67,67,67,67,67,67,67,32,32,52,52,52,67,62,62,12,67,67,67,47,0],"gold":39,"neow_bonus":"TWENTY_PERCENT_HP_BONUS","is_prod":false,"is_daily":false,"chose_seed":false,"campfire_upgraded":8,"win_rate":0,"timestamp":1556167646,"path_taken":["M","?","?","M","M","R","?","M","T","E","M","R","M","?","R","BOSS","M","M","$","M","M","R","M","R","T","?","?","?","M","M","R","BOSS","M","?","M","?","?","R","M","M","T","R","?","R","?","M","R","BOSS","R","$","E","BOSS"],"build_version":"2019-01-23","purchased_purges":1,"victory":false,"max_hp_per_floor":[96,96,96,96,96,96,96,96,96,96,96,96,96,96,96,96,96,96,96,96,96,96,96,96,96,96,96,96,67,67,67,67,67,67,67,67,67,67,67,67,67,67,67,67,67,67,67,67,67,67,67,67,67,67,67],"card_choices":[{"not_picked":["Clash","Heavy Blade"],"picked":"Shrug It Off","floor":1},{"not_picked":["Heavy Blade","Iron Wave"],"picked":"Metallicize","floor":4},{"not_picked":["Wild Strike","Dropkick","Clash"],"picked":"SKIP","floor":5},{"not_picked":["Iron Wave","Flex"],"picked":"Inflame","floor":7},{"not_picked":["Warcry","Clothesline"],"picked":"Twin Strike","floor":8},{"not_picked":["Thunderclap","Carnage","Combust"],"picked":"SKIP","floor":10},{"not_picked":["Body Slam","Metallicize"],"picked":"Flame Barrier","floor":11},{"not_picked":["Clash","Ghostly Armor"],"picked":"Spot Weakness","floor":13},{"not_picked":["Juggernaut","Fiend Fire"],"picked":"Offering","floor":16},{"not_picked":["Intimidate","Pommel Strike","Anger+1"],"picked":"SKIP","floor":18},{"not_picked":["Heavy Blade","Armaments"],"picked":"Shrug It Off+1","floor":19},{"not_picked":["Iron Wave+1","Warcry+1","Cleave"],"picked":"SKIP","floor":21},{"not_picked":["Thunderclap","Evolve"],"picked":"Rupture","floor":22},{"not_picked":["Perfected Strike","Entrench"],"picked":"Pummel+1","floor":24},{"not_picked":["Flex","Warcry","Wild Strike"],"picked":"SKIP","floor":30},{"not_picked":["Dropkick+1","Heavy Blade"],"picked":"Shockwave","floor":31},{"not_picked":["Demon Form+1","Barricade+1"],"picked":"Reaper","floor":33},{"not_picked":["Heavy Blade","Sword Boomerang+1"],"picked":"Shrug It Off","floor":35},{"not_picked":["Perfected Strike","Anger","Clash+1"],"picked":"SKIP","floor":37},{"not_picked":["Body Slam+1","Heavy Blade+1","Headbutt"],"picked":"SKIP","floor":39},{"not_picked":["Flex","Armaments"],"picked":"Pummel","floor":41},{"not_picked":["Twin Strike","Entrench","Iron Wave"],"picked":"SKIP","floor":42},{"not_picked":["True Grit","Clash","Flex+1"],"picked":"SKIP","floor":48},{"not_picked":["Sever Soul","Wild Strike+1"],"picked":"Impervious","floor":54}],"player_experience":40706,"relics_obtained":[{"floor":9,"key":"Bottled Tornado"},{"floor":10,"key":"Shuriken"},{"floor":26,"key":"Omamori"},{"floor":54,"key":"Mercury Hourglass"},{"floor":54,"key":"Dodecahedron"}],"event_choices":[{"cards_removed":["Doubt"],"damage_healed":0,"gold_gain":0,"player_choice":"Forget","damage_taken":0,"max_hp_gain":0,"max_hp_loss":0,"event_name":"Living Wall","floor":2,"gold_loss":0},{"damage_healed":0,"gold_gain":0,"player_choice":"Bought 0 Potions","damage_taken":0,"max_hp_gain":0,"max_hp_loss":0,"event_name":"The Woman in Blue","floor":3,"gold_loss":0},{"damage_healed":0,"gold_gain":0,"player_choice":"Success","damage_taken":12,"relics_obtained":["Bag of Marbles"],"max_hp_gain":0,"max_hp_loss":0,"event_name":"Scrap Ooze","floor":14,"gold_loss":0},{"damage_healed":0,"gold_gain":0,"player_choice":"Read","damage_taken":0,"max_hp_gain":0,"max_hp_loss":0,"event_name":"The Library","floor":27,"gold_loss":0,"cards_obtained":["Brutality"]},{"damage_healed":0,"gold_gain":0,"player_choice":"Obtained Relic","damage_taken":0,"relics_obtained":["Frozen Egg 2"],"max_hp_gain":0,"max_hp_loss":0,"event_name":"Addict","floor":28,"gold_loss":85},{"damage_healed":0,"gold_gain":0,"player_choice":"Became a vampire","damage_taken":0,"max_hp_gain":0,"max_hp_loss":29,"event_name":"Vampires","floor":29,"gold_loss":0,"cards_obtained":["Bite","Bite","Bite","Bite","Bite"]},{"damage_healed":0,"gold_gain":0,"player_choice":"Paid","damage_taken":0,"relics_obtained":["Red Mask"],"max_hp_gain":0,"max_hp_loss":0,"event_name":"Tomb of Lord Red Mask","floor":36,"gold_loss":170},{"cards_removed":["Bite"],"damage_healed":0,"gold_gain":0,"player_choice":"Removed Attack","damage_taken":0,"max_hp_gain":0,"max_hp_loss":0,"event_name":"Falling","floor":45,"gold_loss":0},{"damage_healed":17,"gold_gain":0,"player_choice":"Writhe","damage_taken":0,"max_hp_gain":0,"max_hp_loss":0,"event_name":"Winding Halls","floor":47,"gold_loss":0,"cards_obtained":["Writhe"]}],"is_beta":false,"boss_relics":[{"not_picked":["Astrolabe","Orrery"],"picked":"Sozu"},{"not_picked":["Runic Dome","Snecko Eye"],"picked":"Black Star"}],"items_purged_floors":[53],"is_endless":false,"potions_floor_spawned":[5,8,10,11,13,21,22,24,35,41,54],"killed_by":"The Heart","ascension_level":1}