{"gold_per_floor":[110,127,140,150,150,6,6,6,54,67,92,127,127,41,41,161,161,186,229,242,57,57,57,93,93,93,111,134,134,157,177,177,300,300,320,320,53,53],"floor_reached":38,"playtime":4914,"items_purged":[],"score":446,"play_id":"94f7ff05-0a87-426a-9006-516df9a3796c","local_time":"20190416103946","is_ascension_mode":false,"campfire_choices":[{"floor":7,"key":"REST"},{"floor":13,"key":"REST"},{"floor":15,"key":"REST"},{"floor":23,"key":"REST"},{"floor":25,"key":"REST"},{"floor":29,"key":"REST"},{"floor":32,"key":"REST"}],"neow_cost":"NONE","seed_source_timestamp":447263537900,"circlet_count":0,"master_deck":["Defend_G+1","Defend_G+1","Defend_G+1","Defend_G+1","Defend_G+1","Strike_G+1","Strike_G+1","Strike_G+1","Strike_G+1","Strike_G+1","Survivor","Neutralize","Flying Knee","Poisoned Stab","Masterful Stab","Noxious Fumes","Slice","Outmaneuver","Deflect","Predator","Masterful Stab","Sucker Punch","Infinite Blades","Die Die Die","Quick Slash+1","Blade Dance","Terror","After Image","Flying Knee","Riddle With Holes","Noxious Fumes+1","Dagger Spray","Outmaneuver","Envenom","Dagger Spray+1","Underhanded Strike+1","Deadly Poison","Deflect+1","Prepared","Slice+1","Finisher"],"relics":["Ring of the Snake","Golden Idol","Strawberry","Bronze Scales","PreservedInsect","WristBlade","Red Mask","Anchor","Shovel","Orrery","Pen Nib"],"potions_floor_usage":[12,16,30,31,33,33,35,35,38],"damage_taken":[{"damage":4,"enemies":"Small Slimes","floor":1,"turns":3},{"damage":2,"enemies":"2 Louse","floor":2,"turns":3},{"damage":6,"enemies":"Jaw Worm","floor":3,"turns":4},{"damage":0,"enemies":"Red Slaver","floor":4,"turns":3},{"damage":3,"enemies":"Exordium Wildlife","floor":10,"turns":4},{"damage":1,"enemies":"2 Fungi Beasts","floor":11,"turns":2},{"damage":15,"enemies":"3 Sentries","floor":12,"turns":5},{"damage":31,"enemies":"Hexaghost","floor":16,"turns":9},{"damage":23,"enemies":"2 Thieves","floor":18,"turns":4},{"damage":30,"enemies":"Masked Bandits","floor":19,"turns":4},{"damage":10,"enemies":"3 Byrds","floor":20,"turns":4},{"damage":7,"enemies":"Slavers","floor":24,"turns":3},{"damage":0,"enemies":"Snake Plant","floor":27,"turns":4},{"damage":22,"enemies":"Sentry and Sphere","floor":28,"turns":6},{"damage":4,"enemies":"3 Cultists","floor":30,"turns":4},{"damage":6,"enemies":"Snake Plant","floor":31,"turns":4},{"damage":61,"enemies":"Automaton","floor":33,"turns":9},{"damage":22,"enemies":"3 Darklings","floor":35,"turns":5},{"damage":87,"enemies":"2 Orb Walkers","floor":38,"turns":6}],"seed_played":"2772431098749741407","potions_obtained":[{"floor":1,"key":"SkillPotion"},{"floor":4,"key":"FearPotion"},{"floor":24,"key":"LiquidBronze"},{"floor":27,"key":"Ancient Potion"},{"floor":30,"key":"Fruit Juice"},{"floor":31,"key":"Regen Potion"},{"floor":33,"key":"EssenceOfSteel"}],"is_trial":false,"path_per_floor":["M","M","M","M","?","$","R","?","T","M","M","E","R","$","R","B",null,"M","?","M","$","?","R","E","R","T","M","M","R","M","M","R","B",null,"M","?","$","?"],"character_chosen":"THE_SILENT","items_purchased":["Slice","Outmaneuver","GhostInAJar","Sucker Punch","Infinite Blades","After Image","Flying Knee","Pen Nib","Finisher","Poison Potion"],"campfire_rested":7,"item_purchase_floors":[6,6,6,14,14,21,21,37,37,37],"current_hp_per_floor":[73,71,65,65,46,46,69,58,58,55,54,39,64,64,84,53,84,61,31,21,21,21,46,39,64,64,64,42,67,63,62,88,42,89,67,67,67,0],"gold":53,"neow_bonus":"TEN_PERCENT_HP_BONUS","is_prod":false,"is_daily":false,"chose_seed":false,"campfire_upgraded":0,"win_rate":0.0,"timestamp":1555403986,"path_taken":["M","M","M","M","?","$","R","?","T","?","M","E","R","$","R","BOSS","M","?","M","$","?","R","E","R","T","M","M","R","M","M","R","BOSS","M","?","$","?"],"build_version":"2019-01-23","purchased_purges":0,"victory":false,"max_hp_per_floor":[77,77,77,77,77,77,77,84,84,84,84,84,84,84,84,84,84,84,84,84,84,84,84,84,84,84,84,84,84,84,89,89,89,89,89,85,85,85],"card_choices":[{"not_picked":["Prepared","PiercingWail"],"picked":"Flying Knee","floor":1},{"not_picked":["Reflex","Flying Knee"],"picked":"Poisoned Stab","floor":2},{"not_picked":["Deadly Poison","Deflect"],"picked":"Masterful Stab","floor":3},{"not_picked":["Dodge and Roll","Caltrops"],"picked":"Noxious Fumes","floor":4},{"not_picked":["Poisoned Stab","Distraction"],"picked":"Deflect","floor":10},{"not_picked":["Skewer","Well Laid Plans"],"picked":"Predator","floor":11},{"not_picked":["Flying Knee","Sucker Punch"],"picked":"Masterful Stab","floor":12},{"not_picked":["Glass Knife","A Thousand Cuts"],"picked":"Die Die Die","floor":16},{"not_picked":["Acrobatics","Masterful Stab"],"picked":"Quick Slash+1","floor":18},{"not_picked":["Escape Plan","Predator"],"picked":"Blade Dance","floor":19},{"not_picked":["Blur","Dodge and Roll+1"],"picked":"Terror","floor":20},{"not_picked":["Deadly Poison","Poisoned Stab"],"picked":"Riddle With Holes","floor":24},{"not_picked":["Tools of the Trade","Deflect"],"picked":"Noxious Fumes+1","floor":27},{"not_picked":["Dagger Throw","Poisoned Stab"],"picked":"Dagger Spray","floor":28},{"not_picked":["PiercingWail","Sucker Punch","Quick Slash"],"picked":"SKIP","floor":30},{"not_picked":["Deflect","Flying Knee"],"picked":"Outmaneuver","floor":31},{"not_picked":["Bullet Time","Night Terror"],"picked":"Envenom","floor":33},{"not_picked":["Dodge and Roll","Well Laid Plans"],"picked":"Dagger Spray+1","floor":34},{"not_picked":["Poisoned Stab","Dagger Spray"],"picked":"Underhanded Strike+1","floor":34},{"not_picked":["Blur","Dagger Spray"],"picked":"Deadly Poison","floor":34},{"not_picked":["Caltrops","Underhanded Strike"],"picked":"Deflect+1","floor":34},{"not_picked":["Sucker Punch","PiercingWail"],"picked":"Prepared","floor":34},{"not_picked":["Dodge and Roll+1","Flechettes+1"],"picked":"Slice+1","floor":35}],"player_experience":64847,"relics_obtained":[{"floor":9,"key":"Bronze Scales"},{"floor":12,"key":"PreservedInsect"},{"floor":19,"key":"Red Mask"},{"floor":24,"key":"Anchor"},{"floor":26,"key":"Shovel"}],"event_choices":[{"damage_healed":0,"gold_gain":0,"player_choice":"Take Damage","damage_taken":19,"relics_obtained":["Golden Idol"],"max_hp_gain":0,"max_hp_loss":0,"event_name":"Golden Idol","floor":5,"gold_loss":0},{"damage_healed":0,"gold_gain":0,"player_choice":"Success","damage_taken":18,"relics_obtained":["Strawberry"],"max_hp_gain":0,"max_hp_loss":0,"event_name":"Scrap Ooze","floor":8,"gold_loss":0},{"damage_healed":0,"gold_gain":0,"player_choice":"Fought Bandits","damage_taken":0,"max_hp_gain":0,"max_hp_loss":0,"event_name":"Masked Bandits","floor":19,"gold_loss":0},{"damage_healed":0,"gold_gain":0,"player_choice":"Simplicity","damage_taken":0,"max_hp_gain":0,"max_hp_loss":0,"event_name":"Back to Basics","floor":22,"gold_loss":0,"cards_upgraded":["Defend_G","Defend_G","Defend_G","Defend_G","Defend_G","Strike_G","Strike_G","Strike_G","Strike_G","Strike_G"]},{"damage_healed":0,"gold_gain":0,"player_choice":"Max HP","damage_taken":0,"max_hp_gain":0,"max_hp_loss":4,"event_name":"Winding Halls","floor":36,"gold_loss":0},{"damage_healed":0,"gold_gain":0,"player_choice":"Fight","damage_taken":0,"max_hp_gain":0,"max_hp_loss":0,"event_name":"Mysterious Sphere","floor":38,"gold_loss":0}],"is_beta":false,"boss_relics":[{"not_picked":["Tiny House","HoveringKite"],"picked":"WristBlade"},{"not_picked":["Empty Cage","Velvet Choker"],"picked":"Orrery"}],"items_purged_floors":[],"is_endless":false,"potions_floor_spawned":[1,4,11,24,27,30,31,33],"killed_by":"2 Orb Walkers","ascension_level":0}