{"gold_per_floor":[109,109,109,132,156,191,210,210,210,246,246,36,56,56,56,155,155,133,158,158,176,191,191,209,209,209,209,209,209,227,250,250,250],"floor_reached":33,"playtime":1330,"items_purged":["Grand Finale"],"score":479,"play_id":"652dd066-7ab6-4c92-948a-596cf53fa749","local_time":"20190301144418","is_ascension_mode":true,"campfire_choices":[{"data":"Crippling Poison","floor":8,"key":"SMITH"},{"floor":11,"key":"REST"},{"data":"Predator","floor":15,"key":"SMITH"},{"floor":23,"key":"REST"},{"floor":25,"key":"REST"},{"data":"Catalyst","floor":27,"key":"SMITH"},{"floor":32,"key":"REST"}],"neow_cost":"NONE","seed_source_timestamp":205038412622599,"circlet_count":0,"master_deck":["AscendersBane","Defend_G","Defend_G","Defend_G","Defend_G","Defend_G","Strike_G","Strike_G","Strike_G","Strike_G","Strike_G","Survivor","Neutralize","Cloak And Dagger","Predator+1","Crippling Poison+1","Prepared","Skewer","After Image","Dash+1","Catalyst+1","Bouncing Flask","Bullet Time","Deadly Poison"],"relics":["Ring of the Snake","NeowsBlessing","Golden Idol","Tough Bandages","Gambling Chip","StoneCalendar","Tiny Chest","Velvet Choker","Dream Catcher"],"potions_floor_usage":[6,10,16,16,22,31],"damage_taken":[{"damage":0,"enemies":"2 Louse","floor":1,"turns":1},{"damage":0,"enemies":"Small Slimes","floor":4,"turns":1},{"damage":0,"enemies":"Cultist","floor":5,"turns":1},{"damage":12,"enemies":"3 Sentries","floor":6,"turns":9},{"damage":12,"enemies":"Gremlin Gang","floor":7,"turns":6},{"damage":18,"enemies":"Gremlin Nob","floor":10,"turns":4},{"damage":0,"enemies":"3 Louse","floor":13,"turns":2},{"damage":9,"enemies":"Slime Boss","floor":16,"turns":7},{"damage":3,"enemies":"2 Thieves","floor":18,"turns":4},{"damage":0,"enemies":"3 Byrds","floor":19,"turns":5},{"damage":31,"enemies":"Sentry and Sphere","floor":21,"turns":8},{"damage":11,"enemies":"Chosen and Byrds","floor":22,"turns":7},{"damage":0,"enemies":"Snecko","floor":24,"turns":4},{"damage":0,"enemies":"Colosseum Slavers","floor":28,"turns":5},{"damage":1,"enemies":"Centurion and Healer","floor":30,"turns":5},{"damage":24,"enemies":"Chosen and Byrds","floor":31,"turns":7},{"damage":37,"enemies":"Champ","floor":33,"turns":7}],"seed_played":"8218515932418877988","potions_obtained":[{"floor":1,"key":"SkillPotion"},{"floor":3,"key":"PowerPotion"},{"floor":3,"key":"GhostInAJar"},{"floor":7,"key":"PowerPotion"},{"floor":10,"key":"Weak Potion"},{"floor":16,"key":"GhostInAJar"},{"floor":18,"key":"FearPotion"},{"floor":24,"key":"Block Potion"}],"is_trial":false,"path_per_floor":["M","?","?","M","M","E","M","R","T","E","R","$","M","$","R","B",null,"M","M","?","M","M","R","M","R","T","R","?","?","M","M","R","B"],"character_chosen":"THE_SILENT","items_purchased":["Tiny Chest"],"campfire_rested":4,"item_purchase_floors":[12],"current_hp_per_floor":[59,59,59,59,59,47,35,35,35,17,35,35,35,35,35,26,52,49,49,43,12,1,19,19,37,37,37,37,37,36,12,30,0],"gold":250,"neow_bonus":"THREE_ENEMY_KILL","is_prod":false,"is_daily":false,"chose_seed":false,"campfire_upgraded":3,"win_rate":0,"timestamp":1551419058,"path_taken":["M","?","?","M","?","E","M","R","T","E","R","$","?","$","R","BOSS","M","M","?","?","M","R","M","R","T","R","?","?","M","M","R","BOSS"],"build_version":"2019-01-23","purchased_purges":1,"victory":false,"max_hp_per_floor":[66,60,60,60,60,60,60,60,60,60,60,60,60,60,60,60,60,60,60,60,60,60,60,60,60,60,60,60,60,60,60,60,60],"card_choices":[{"not_picked":["PiercingWail","Distraction"],"picked":"Cloak And Dagger","floor":1},{"not_picked":["Dagger Spray","Masterful Stab"],"picked":"Predator","floor":4},{"not_picked":["Flechettes","Outmaneuver"],"picked":"Crippling Poison","floor":5},{"not_picked":["Flechettes","Flying Knee"],"picked":"Grand Finale","floor":6},{"not_picked":["Outmaneuver","Deadly Poison"],"picked":"Prepared","floor":7},{"not_picked":["Dagger Throw","Slice"],"picked":"Skewer","floor":10},{"not_picked":["Expertise","Outmaneuver"],"picked":"After Image","floor":13},{"not_picked":["Poisoned Stab","Sucker Punch","Bane"],"picked":"SKIP","floor":18},{"not_picked":["Outmaneuver","Acrobatics+1"],"picked":"Dash","floor":19},{"not_picked":["Backflip+1","Calculated Gamble"],"picked":"Catalyst","floor":21},{"not_picked":["Flying Knee","Sucker Punch","Backflip"],"picked":"SKIP","floor":22},{"not_picked":["Dagger Throw","Heel Hook"],"picked":"Bouncing Flask","floor":24},{"not_picked":["Blur","Caltrops"],"picked":"Bullet Time","floor":30},{"not_picked":["Quick Slash+1","Bane","Blade Dance"],"picked":"SKIP","floor":31},{"not_picked":["Backstab","Underhanded Strike"],"picked":"Deadly Poison","floor":32}],"player_experience":599913,"relics_obtained":[{"floor":6,"key":"Tough Bandages"},{"floor":9,"key":"Gambling Chip"},{"floor":10,"key":"StoneCalendar"},{"floor":26,"key":"Dream Catcher"}],"event_choices":[{"damage_healed":0,"gold_gain":0,"player_choice":"Lose Max HP","damage_taken":0,"relics_obtained":["Golden Idol"],"max_hp_gain":0,"max_hp_loss":6,"event_name":"Golden Idol","floor":2,"gold_loss":0},{"damage_healed":0,"gold_gain":0,"player_choice":"Got Potions","damage_taken":0,"max_hp_gain":0,"max_hp_loss":0,"event_name":"Lab","floor":3,"gold_loss":0},{"damage_healed":0,"gold_gain":0,"player_choice":"","damage_taken":6,"max_hp_gain":0,"max_hp_loss":0,"event_name":"Knowing Skull","floor":20,"potions_obtained":[],"gold_loss":0,"cards_obtained":[]},{"damage_healed":0,"gold_gain":0,"player_choice":"Fight","damage_taken":0,"max_hp_gain":0,"max_hp_loss":0,"event_name":"Colosseum","floor":28,"gold_loss":0},{"damage_healed":0,"gold_gain":0,"player_choice":"Fled From Nobs","damage_taken":0,"max_hp_gain":0,"max_hp_loss":0,"event_name":"Colosseum","floor":28,"gold_loss":0},{"damage_healed":0,"gold_gain":0,"player_choice":"Upgraded","damage_taken":0,"max_hp_gain":0,"max_hp_loss":0,"event_name":"Upgrade Shrine","floor":29,"gold_loss":0,"cards_upgraded":["Dash"]}],"is_beta":false,"boss_relics":[{"not_picked":["Philosopher\u0027s Stone","Fusion Hammer"],"picked":"Velvet Choker"}],"items_purged_floors":[12],"is_endless":false,"potions_floor_spawned":[1,7,10,13,16,18,24,28,30],"killed_by":"Champ","ascension_level":17}