{"gold_per_floor":[115,125,28,28,28,55,55,87,87,87,87,87,97,97,97,175,175,175,175,175,175,175,175,175,175,175,175,175,145,145,145,145,145,145,145,145,145,145,145,145,145,145,145,145,145,145,145,145,145,145,145],"floor_reached":51,"playtime":2856,"items_purged":[],"score":1560,"play_id":"e5a0baac-bb4d-4807-8976-6f4c228e82da","local_time":"20190430111456","is_ascension_mode":true,"campfire_choices":[{"data":"Inflame","floor":7,"key":"SMITH"},{"data":"Pommel Strike","floor":10,"key":"SMITH"},{"data":"Headbutt","floor":12,"key":"SMITH"},{"data":"Clothesline","floor":15,"key":"SMITH"},{"data":"Armaments","floor":23,"key":"SMITH"},{"floor":25,"key":"REST"},{"data":"Whirlwind","floor":32,"key":"SMITH"},{"floor":41,"key":"REST"},{"floor":46,"key":"REST"},{"floor":49,"key":"RECALL"}],"neow_cost":"NONE","seed_source_timestamp":106383959084500,"circlet_count":0,"master_deck":["AscendersBane","Strike_R","Strike_R","Defend_R","Defend_R","Defend_R","Defend_R","Bash+1","Headbutt+1","Pommel Strike+1","Inflame+1","Anger+1","Pummel+1","Clothesline+1","Limit Break","Shrug It Off","Warcry","Armaments+1","Twin Strike+1","Corruption","Whirlwind+1","Offering","Flame Barrier","True Grit+1","True Grit","Parasite","Shrug It Off","Disarm","Entrench+1"],"relics":["Burning Blood","Ancient Tea Set","Turnip","Bag of Marbles","Sundial","Ectoplasm","Mummified Hand","Whetstone","Bag of Preparation","Snecko Eye","Du-Vu Doll","Strawberry","Lantern","Frozen Egg 2"],"potions_floor_usage":[16,16,24,24,28,33,39,51],"damage_taken":[{"damage":1,"enemies":"Cultist","floor":1,"turns":3},{"damage":3,"enemies":"Small Slimes","floor":2,"turns":3},{"damage":25,"enemies":"Lagavulin","floor":6,"turns":7},{"damage":8,"enemies":"Gremlin Nob","floor":8,"turns":3},{"damage":7,"enemies":"Jaw Worm","floor":13,"turns":2},{"damage":0,"enemies":"Slime Boss","floor":16,"turns":3},{"damage":15,"enemies":"Shell Parasite","floor":18,"turns":4},{"damage":15,"enemies":"3 Byrds","floor":20,"turns":6},{"damage":9,"enemies":"3 Cultists","floor":21,"turns":4},{"damage":13,"enemies":"Snecko","floor":22,"turns":6},{"damage":19,"enemies":"Book of Stabbing","floor":24,"turns":4},{"damage":5,"enemies":"Snake Plant","floor":27,"turns":2},{"damage":0,"enemies":"Gremlin Leader","floor":28,"turns":5},{"damage":0,"enemies":"3 Cultists","floor":30,"turns":3},{"damage":24,"enemies":"Chosen and Byrds","floor":31,"turns":5},{"damage":20,"enemies":"Collector","floor":33,"turns":6},{"damage":9,"enemies":"Orb Walker","floor":35,"turns":3},{"damage":6,"enemies":"Mind Bloom Boss Battle","floor":36,"turns":5},{"damage":6,"enemies":"3 Darklings","floor":37,"turns":1},{"damage":20,"enemies":"4 Shapes","floor":39,"turns":8},{"damage":22,"enemies":"Giant Head","floor":40,"turns":5},{"damage":6,"enemies":"Writhing Mass","floor":42,"turns":4},{"damage":62,"enemies":"Nemesis","floor":44,"turns":9},{"damage":2,"enemies":"3 Darklings","floor":45,"turns":3},{"damage":35,"enemies":"Time Eater","floor":50,"turns":9},{"damage":8,"enemies":"Awakened One","floor":51,"turns":5}],"seed_played":"-3583287969475627865","potions_obtained":[{"floor":6,"key":"Fire Potion"},{"floor":13,"key":"SteroidPotion"},{"floor":19,"key":"SteroidPotion"},{"floor":19,"key":"Poison Potion"},{"floor":20,"key":"FearPotion"},{"floor":27,"key":"Regen Potion"},{"floor":29,"key":"LiquidBronze"},{"floor":29,"key":"Strength Potion"},{"floor":33,"key":"SkillPotion"},{"floor":40,"key":"Explosive Potion"}],"is_trial":false,"path_per_floor":["M","M","$","T","?","E","R","E","T","R","?","R","M","?","R","B",null,"M","?","M","M","M","R","E","R","T","M","E","?","M","M","R","B",null,"M","?","M","?","M","E","R","M","T","E","M","R","T","?","R","B","B"],"character_chosen":"IRONCLAD","items_purchased":["Inflame","Anger"],"campfire_rested":3,"item_purchase_floors":[3,3],"current_hp_per_floor":[73,75,75,75,75,56,56,54,54,54,47,47,46,46,46,52,69,60,60,51,48,41,41,28,50,50,51,71,71,75,57,57,43,67,64,64,64,64,50,41,65,65,65,9,13,37,37,37,37,8,0],"gold":145,"neow_bonus":"UPGRADE_CARD","is_prod":false,"is_daily":false,"chose_seed":false,"campfire_upgraded":6,"win_rate":0,"timestamp":1556590496,"path_taken":["M","M","$","?","?","E","R","E","T","R","?","R","M","?","R","BOSS","M","?","M","M","?","R","E","R","T","M","E","?","?","M","R","BOSS","M","?","M","?","?","E","R","M","T","E","M","R","?","?","R","BOSS","BOSS"],"build_version":"2019-01-23","purchased_purges":0,"victory":false,"max_hp_per_floor":[75,75,75,75,75,75,75,75,75,75,75,75,75,75,75,75,75,75,75,75,75,75,75,75,75,75,75,75,75,75,75,75,75,75,75,75,75,75,75,82,82,82,82,82,82,82,82,82,82,82,82],"card_choices":[{"not_picked":["Havoc","Sever Soul"],"picked":"Headbutt","floor":1},{"not_picked":["Intimidate","Warcry"],"picked":"Pommel Strike","floor":2},{"not_picked":["Wild Strike","Heavy Blade","Clash"],"picked":"SKIP","floor":6},{"not_picked":["Blood for Blood","Cleave"],"picked":"Pummel","floor":8},{"not_picked":["Thunderclap","Corruption"],"picked":"Clothesline","floor":13},{"not_picked":["Juggernaut","Fiend Fire"],"picked":"Limit Break","floor":16},{"not_picked":["Dropkick","Rage"],"picked":"Shrug It Off","floor":18},{"not_picked":["Pommel Strike+1","Anger"],"picked":"Warcry","floor":20},{"not_picked":["Pommel Strike","Second Wind"],"picked":"Armaments","floor":21},{"not_picked":["Power Through","Sentinel","Body Slam+1"],"picked":"SKIP","floor":22},{"not_picked":["Sever Soul","Armaments"],"picked":"Twin Strike","floor":24},{"not_picked":["Anger+1","Barricade","Dual Wield"],"picked":"SKIP","floor":27},{"not_picked":["Carnage","Clash"],"picked":"Corruption","floor":28},{"not_picked":["Second Wind","Metallicize+1"],"picked":"Whirlwind","floor":30},{"not_picked":["Perfected Strike","Warcry","Armaments"],"picked":"SKIP","floor":31},{"not_picked":["Feed","Reaper"],"picked":"Offering","floor":33},{"not_picked":["Clothesline","Corruption"],"picked":"Flame Barrier","floor":35},{"not_picked":["Power Through","Iron Wave","Body Slam"],"picked":"SKIP","floor":37},{"not_picked":["Searing Blow+1","Reckless Charge"],"picked":"True Grit+1","floor":39},{"not_picked":["Wild Strike","Berserk"],"picked":"True Grit","floor":40},{"not_picked":["Headbutt+1","Wild Strike"],"picked":"Shrug It Off","floor":42},{"not_picked":["Pommel Strike+1","Combust"],"picked":"Disarm","floor":44},{"not_picked":["Whirlwind+1","Twin Strike"],"picked":"Entrench+1","floor":45}],"player_experience":1156135,"relics_obtained":[{"floor":4,"key":"Ancient Tea Set"},{"floor":6,"key":"Turnip"},{"floor":8,"key":"Bag of Marbles"},{"floor":9,"key":"Sundial"},{"floor":24,"key":"Mummified Hand"},{"floor":26,"key":"Whetstone"},{"floor":28,"key":"Bag of Preparation"},{"floor":36,"key":"Du-Vu Doll"},{"floor":40,"key":"Strawberry"},{"floor":44,"key":"Lantern"},{"floor":47,"key":"Frozen Egg 2"}],"event_choices":[{"damage_healed":0,"gold_gain":0,"player_choice":"Grow","damage_taken":0,"max_hp_gain":0,"max_hp_loss":0,"event_name":"Living Wall","floor":5,"gold_loss":0,"cards_upgraded":["Anger"]},{"cards_removed":["Strike_R"],"damage_healed":0,"gold_gain":0,"player_choice":"Card Removal","damage_taken":7,"max_hp_gain":0,"max_hp_loss":0,"event_name":"Golden Wing","floor":11,"gold_loss":0},{"cards_removed":["Strike_R"],"damage_healed":0,"gold_gain":0,"player_choice":"Offered Basic","damage_taken":0,"max_hp_gain":0,"max_hp_loss":0,"event_name":"Bonfire Elementals","floor":14,"gold_loss":0},{"damage_healed":0,"gold_gain":0,"player_choice":"Got Potions","damage_taken":0,"max_hp_gain":0,"max_hp_loss":0,"event_name":"Lab","floor":19,"gold_loss":0},{"damage_healed":0,"gold_gain":0,"player_choice":"Bought 2 Potions","damage_taken":0,"max_hp_gain":0,"max_hp_loss":0,"event_name":"The Woman in Blue","floor":29,"gold_loss":0},{"damage_healed":0,"gold_gain":0,"player_choice":"Fight","damage_taken":0,"max_hp_gain":0,"max_hp_loss":0,"event_name":"MindBloom","floor":36,"gold_loss":0},{"damage_healed":0,"gold_gain":0,"player_choice":"Ignored","damage_taken":0,"max_hp_gain":0,"max_hp_loss":0,"event_name":"SecretPortal","floor":38,"gold_loss":0},{"cards_removed":["Strike_R"],"damage_healed":0,"gold_gain":0,"player_choice":"Removed Attack","damage_taken":0,"max_hp_gain":0,"max_hp_loss":0,"event_name":"Falling","floor":48,"gold_loss":0}],"is_beta":false,"boss_relics":[{"not_picked":["Eternal Feather","Philosopher\u0027s Stone"],"picked":"Ectoplasm"},{"not_picked":["Runic Pyramid","Black Star"],"picked":"Snecko Eye"}],"items_purged_floors":[],"is_endless":false,"potions_floor_spawned":[6,13,20,22,27,33,36,40],"killed_by":"Awakened One","ascension_level":20}