{"gold_per_floor":[109,128,139,149,149,182,182,213,213,213,233,246,201,201,201,201],"floor_reached":16,"playtime":514,"items_purged":[],"score":174,"play_id":"6475d70c-029d-4727-a620-fa8ad44893f7","local_time":"20190316155503","is_ascension_mode":true,"campfire_choices":[{"floor":7,"key":"REST"},{"floor":15,"key":"REST"}],"neow_cost":"NONE","seed_source_timestamp":2121275222376,"circlet_count":0,"master_deck":["AscendersBane","Strike_B","Strike_B","Strike_B","Strike_B","Defend_B","Defend_B","Defend_B","Defend_B","Zap","Dualcast","Blizzard","Sweeping Beam","Go for the Eyes","Coolheaded","Steam","Chill","Hologram","Conserve Battery"],"relics":["Cracked Core","Shuriken","Boot","Mercury Hourglass","Girya"],"potions_floor_usage":[8,8,16],"damage_taken":[{"damage":0,"enemies":"Cultist","floor":1,"turns":3},{"damage":0,"enemies":"2 Louse","floor":2,"turns":3},{"damage":2,"enemies":"Small Slimes","floor":3,"turns":2},{"damage":7,"enemies":"Looter","floor":4,"turns":3},{"damage":45,"enemies":"Lagavulin","floor":6,"turns":9},{"damage":23,"enemies":"3 Sentries","floor":8,"turns":7},{"damage":3,"enemies":"2 Fungi Beasts","floor":11,"turns":3},{"damage":0,"enemies":"Lots of Slimes","floor":12,"turns":1},{"damage":30,"enemies":"The Guardian","floor":16,"turns":12}],"seed_played":"-756666644937640089","potions_obtained":[{"floor":3,"key":"LiquidBronze"},{"floor":6,"key":"GamblersBrew"},{"floor":12,"key":"Dexterity Potion"}],"is_trial":false,"path_per_floor":["M","M","M","M","?","E","R","E","T","?","M","M","?","$","R","B"],"character_chosen":"DEFECT","items_purchased":[],"campfire_rested":2,"item_purchase_floors":[],"current_hp_per_floor":[68,68,66,59,59,14,36,13,13,10,7,7,7,7,29,0],"gold":201,"neow_bonus":"THREE_CARDS","is_prod":false,"is_daily":false,"chose_seed":false,"campfire_upgraded":0,"win_rate":0,"timestamp":1552769703,"path_taken":["M","M","M","M","?","E","R","E","T","?","M","M","?","?","R","BOSS"],"build_version":"2019-01-23","purchased_purges":0,"victory":false,"max_hp_per_floor":[75,75,75,75,75,75,75,75,75,75,75,75,75,75,75,75],"card_choices":[{"not_picked":["Redo","Tempest"],"picked":"Blizzard","floor":0},{"not_picked":["Recycle","Skim"],"picked":"Sweeping Beam","floor":1},{"not_picked":["Steam","Static Discharge"],"picked":"Go for the Eyes","floor":2},{"not_picked":["Lockon","Fusion","Turbo"],"picked":"SKIP","floor":3},{"not_picked":["Double Energy","Gash"],"picked":"Coolheaded","floor":4},{"not_picked":["Force Field","Hello World"],"picked":"Steam","floor":6},{"not_picked":["Reprogram","Tempest"],"picked":"Chill","floor":8},{"not_picked":["Leap","FTL"],"picked":"Hologram","floor":11},{"not_picked":["Lockon","Turbo"],"picked":"Conserve Battery","floor":12}],"player_experience":1131195,"relics_obtained":[{"floor":6,"key":"Shuriken"},{"floor":8,"key":"Boot"},{"floor":9,"key":"Mercury Hourglass"}],"event_choices":[{"damage_healed":0,"gold_gain":0,"player_choice":"Ignored","damage_taken":0,"max_hp_gain":0,"max_hp_loss":0,"event_name":"Golden Idol","floor":5,"gold_loss":0},{"damage_healed":0,"gold_gain":0,"player_choice":"Success","damage_taken":3,"relics_obtained":["Girya"],"max_hp_gain":0,"max_hp_loss":0,"event_name":"Scrap Ooze","floor":10,"gold_loss":0},{"damage_healed":0,"gold_gain":0,"player_choice":"Left Gold","damage_taken":0,"max_hp_gain":0,"max_hp_loss":0,"event_name":"World of Goop","floor":13,"gold_loss":45}],"is_beta":false,"boss_relics":[],"items_purged_floors":[],"is_endless":false,"potions_floor_spawned":[3,6,12],"killed_by":"The Guardian","ascension_level":11}