{"gold_per_floor":[118,118,190,204,215,242,242,270,297,297,315,315,349,368,368,368],"floor_reached":16,"playtime":1312,"items_purged":[],"score":138,"play_id":"eda07b0a-dfe6-4c6a-8340-73fb60ff62e1","local_time":"20180908220429","is_ascension_mode":true,"campfire_choices":[{"data":"Crippling Poison","floor":7,"key":"SMITH"},{"floor":10,"key":"REST"},{"floor":15,"key":"REST"}],"neow_cost":"NONE","seed_source_timestamp":600472921139,"circlet_count":0,"master_deck":["Defend_G","Defend_G","Defend_G+1","Defend_G","Defend_G","Strike_G","Strike_G+1","Strike_G","Strike_G","Strike_G","Survivor","Neutralize","A Thousand Cuts","Backstab","Regret","Dagger Spray","Crippling Poison+1","Choke","Dagger Throw","PiercingWail","Die Die Die"],"relics":["Ring of the Snake","Ginger","Ornamental Fan","Smiling Mask","Turnip","Omamori","Blood Vial"],"potions_floor_usage":[4,6,8,8,14,16],"damage_taken":[{"damage":1,"enemies":"Cultist","floor":1,"turns":4},{"damage":0,"enemies":"2 Louse","floor":4,"turns":2},{"damage":0,"enemies":"Small Slimes","floor":5,"turns":2},{"damage":22,"enemies":"3 Sentries","floor":6,"turns":9},{"damage":28,"enemies":"Lagavulin","floor":8,"turns":7},{"damage":8,"enemies":"Exordium Thugs","floor":11,"turns":4},{"damage":17,"enemies":"Gremlin Nob","floor":13,"turns":5},{"damage":1,"enemies":"Lots of Slimes","floor":14,"turns":3},{"damage":52,"enemies":"The Guardian","floor":16,"turns":12}],"seed_played":"-8189001211520708450","potions_obtained":[{"floor":1,"key":"EntropicBrew"},{"floor":13,"key":"Fire Potion"},{"floor":14,"key":"Dexterity Potion"}],"is_trial":false,"path_per_floor":["M","?","T","M","M","E","R","E","T","R","M","?","E","M","R"],"character_chosen":"THE_SILENT","items_purchased":[],"campfire_rested":2,"item_purchase_floors":[],"current_hp_per_floor":[69,69,69,69,69,47,47,19,19,40,32,18,1,2,23,0],"gold":368,"neow_bonus":"ONE_RANDOM_RARE_CARD","is_prod":false,"is_daily":false,"chose_seed":false,"campfire_upgraded":1,"win_rate":0,"timestamp":1536462269,"path_taken":["M","?","?","M","M","E","R","E","T","R","?","?","E","M","R","BOSS"],"build_version":"2018-09-06","purchased_purges":0,"victory":false,"max_hp_per_floor":[70,70,70,70,70,70,70,70,70,70,70,70,70,70,70,70],"card_choices":[{"not_picked":["Endless Agony","Calculated Gamble"],"picked":"Backstab","floor":1},{"not_picked":["Dodge and Roll","Endless Agony"],"picked":"Dagger Spray","floor":4},{"not_picked":["Reflex","Quick Slash"],"picked":"Crippling Poison","floor":5},{"not_picked":["Prepared","Predator"],"picked":"Choke","floor":6},{"not_picked":["Quick Slash","Acrobatics"],"picked":"Dagger Throw","floor":8},{"not_picked":["Distraction","Blade Dance","Concentrate"],"picked":"SKIP","floor":11},{"not_picked":["Dodge and Roll","Cloak And Dagger"],"picked":"PiercingWail","floor":13},{"not_picked":["Deflect","Bane"],"picked":"Die Die Die","floor":14}],"player_experience":179040,"relics_obtained":[{"floor":3,"key":"Ornamental Fan"},{"floor":6,"key":"Smiling Mask"},{"floor":8,"key":"Turnip"},{"floor":9,"key":"Omamori"},{"floor":13,"key":"Blood Vial"}],"event_choices":[{"event_name":"Big Fish","player_choice":"Box","floor":2,"damage_taken":0},{"event_name":"Shining Light","player_choice":"Entered Light","floor":12,"damage_taken":0}],"is_beta":false,"boss_relics":[],"items_purged_floors":[],"is_endless":false,"potions_floor_spawned":[1,5,13,14],"killed_by":"The Guardian","ascension_level":3}