{"gold_per_floor":[15,30,43,61,79,79,105,123,123,85,85,85,101,114,114,235,235,254,267,124,124,139,174,174,206,206,206,106,122,136,165,165,165],"floor_reached":33,"playtime":2443,"items_purged":["Defend_R","Injury"],"score":383,"play_id":"34de9077-eb43-4b57-a903-4da8ee975434","local_time":"20180623102600","is_ascension_mode":true,"campfire_choices":[{"data":"Combust","floor":6.0,"key":"SMITH"},{"data":"Armaments","floor":12.0,"key":"SMITH"},{"data":"Double Tap","floor":15.0,"key":"SMITH"},{"data":"Double Tap","floor":24,"key":"SMITH"},{"floor":32,"key":"REST"}],"neow_cost":"","seed_source_timestamp":0,"circlet_count":0,"master_deck":["Strike_R","Strike_R","Strike_R","Strike_R","Strike_R","Defend_R","Defend_R","Defend_R","Bash","Combust+1","Shrug It Off","Clash","Iron Wave","Twin Strike","Armaments+1","Shrug It Off","Inflame","Double Tap+1","Shrug It Off","Double Tap+1","Uppercut+1","Warcry+1","Spot Weakness","Anger+1","Entrench","Necronomicurse","Heavy Blade+1","Combust","Body Slam+1","Shockwave"],"special_seed":0,"relics":["Burning Blood","Paper Frog","Mummified Hand","Bloody Idol","Mark of Pain","Ginger","Dream Catcher","Bronze Scales","Necronomicon","Dodecahedron"],"potions_floor_usage":[22,23,25,25,25,31,33],"damage_taken":[{"damage":7.0,"enemies":"2 Louse","floor":1.0,"turns":2.0},{"damage":8.0,"enemies":"Small Slimes","floor":2.0,"turns":3.0},{"damage":12.0,"enemies":"Jaw Worm","floor":3.0,"turns":5.0},{"damage":8.0,"enemies":"Looter","floor":4.0,"turns":3.0},{"damage":7.0,"enemies":"Blue Slaver","floor":5.0,"turns":3.0},{"damage":24.0,"enemies":"Gremlin Nob","floor":7.0,"turns":4.0},{"damage":7.0,"enemies":"Gremlin Gang","floor":8.0,"turns":3.0},{"damage":8.0,"enemies":"Looter","floor":13.0,"turns":2.0},{"damage":0.0,"enemies":"3 Louse","floor":14.0,"turns":2.0},{"damage":17.0,"enemies":"Slime Boss","floor":16.0,"turns":8.0},{"damage":14.0,"enemies":"2 Thieves","floor":18.0,"turns":4.0},{"damage":1.0,"enemies":"Spheric Guardian","floor":19.0,"turns":3.0},{"damage":11,"enemies":"Slaver and Parasite","floor":22,"turns":4},{"damage":39,"enemies":"Book of Stabbing","floor":23,"turns":6},{"damage":31,"enemies":"Gremlin Leader","floor":25,"turns":4},{"damage":9,"enemies":"Snecko","floor":29,"turns":4},{"damage":10,"enemies":"3 Cultists","floor":30,"turns":3},{"damage":12,"enemies":"Book of Stabbing","floor":31,"turns":3},{"damage":75,"enemies":"Champ","floor":33,"turns":6}],"seed_played":"-1841152414093306452","potions_obtained":[{"floor":2.0,"key":"Explosive Potion"},{"floor":3.0,"key":"LiquidBronze"},{"floor":4.0,"key":"EntropicBrew"},{"floor":8.0,"key":"PowerPotion"},{"floor":16.0,"key":"Energy Potion"},{"floor":19.0,"key":"SpeedPotion"},{"floor":22,"key":"Dexterity Potion"},{"floor":23,"key":"Block Potion"},{"floor":29,"key":"Energy Potion"},{"floor":31,"key":"Strength Potion"}],"is_trial":false,"path_per_floor":["M","M","M","M","M","R","E","M","T","$","?","R","M","M","R","B",null,"M","M","$","?","M","E","R","E","T","?","$","M","M","E","R"],"character_chosen":"IRONCLAD","items_purchased":["Inflame","Spot Weakness"],"campfire_rested":1,"item_purchase_floors":[],"current_hp_per_floor":[95,93,87,85,84,84,66,65,65,65,65,65,63,69,69,58,96,88,93,93,93,93,65,65,57,57,41,41,43,44,43,71,0],"gold":165,"neow_bonus":"","is_prod":false,"is_daily":false,"chose_seed":false,"campfire_upgraded":4,"win_rate":0,"timestamp":1529767560,"path_taken":["M","M","M","M","M","R","E","M","T","$","?","R","M","M","R","BOSS","M","M","$","?","?","E","R","E","T","?","$","M","?","E","R","BOSS"],"build_version":"2018-06-21v2","purchased_purges":2,"victory":false,"max_hp_per_floor":[96,96,96,96,96,96,96,96,96,96,96,96,96,96,96,96,96,96,96,96,96,96,96,96,96,96,96,96,96,96,96,96,96],"card_choices":[{"not_picked":["Warcry","Spot Weakness"],"picked":"Combust","floor":1.0},{"not_picked":["Headbutt","Blood for Blood"],"picked":"Shrug It Off","floor":2.0},{"not_picked":["Metallicize","Body Slam"],"picked":"Clash","floor":3.0},{"not_picked":["Thunderclap","Disarm"],"picked":"Iron Wave","floor":4.0},{"not_picked":["Headbutt","Flex"],"picked":"Twin Strike","floor":5.0},{"not_picked":["Exhume","Thunderclap"],"picked":"Armaments","floor":7.0},{"not_picked":["Armaments","Perfected Strike"],"picked":"Shrug It Off","floor":8.0},{"not_picked":["Uppercut","Iron Wave"],"picked":"Double Tap","floor":13.0},{"not_picked":["Rage","Heavy Blade"],"picked":"Shrug It Off","floor":14.0},{"not_picked":["Brutality","Barricade"],"picked":"Double Tap","floor":16.0},{"not_picked":["Seeing Red","Iron Wave"],"picked":"Uppercut+1","floor":18.0},{"not_picked":["True Grit","Berserk"],"picked":"Warcry+1","floor":19.0},{"not_picked":["Pommel Strike+1","Iron Wave+1"],"picked":"Anger+1","floor":22},{"not_picked":["Headbutt","Evolve"],"picked":"Entrench","floor":23},{"not_picked":["Pummel","Fiend Fire","True Grit"],"picked":"SKIP","floor":25},{"not_picked":["Ghostly Armor","Pommel Strike"],"picked":"Heavy Blade+1","floor":29},{"not_picked":["Clothesline+1","Twin Strike"],"picked":"Combust","floor":30},{"not_picked":["Whirlwind","Fire Breathing"],"picked":"Body Slam+1","floor":31},{"not_picked":["Flex","Metallicize"],"picked":"Shockwave","floor":32}],"player_experience":137575,"relics_obtained":[{"floor":7.0,"key":"Paper Frog"},{"floor":9.0,"key":"Mummified Hand"},{"floor":23,"key":"Ginger"},{"floor":25,"key":"Dream Catcher"},{"floor":26,"key":"Bronze Scales"},{"floor":27,"key":"Necronomicon"},{"floor":31,"key":"Dodecahedron"}],"event_choices":[{"event_name":"Golden Idol","player_choice":"Take Wound","floor":11.0,"damage_taken":0.0},{"event_name":"Forgotten Altar","player_choice":"Gave Idol","floor":21.0,"damage_taken":0.0},{"event_name":"Cursed Tome","player_choice":"Obtained Book","floor":27,"damage_taken":0}],"boss_relics":[{"not_picked":["Philosopher\u0027s Stone","Busted Crown"],"picked":"Mark of Pain"}],"items_purged_floors":[],"is_endless":false,"potions_floor_spawned":[2,3,4,8,16,19,22,23,29,31],"killed_by":"Champ","ascension_level":3}