{"gold_per_floor":[369,18,30,0,0,28,28,48,48,48,5,5,16,28,28,104,104,115,115,132,132,151,151,22,57,57,57,13,29,29,29,29,29],"floor_reached":33,"playtime":1668,"items_purged":["Clumsy"],"score":526,"play_id":"197efc41-2dcd-49ed-a54a-ec0611af1f5a","local_time":"20190403202323","is_ascension_mode":true,"campfire_choices":[{"floor":7,"key":"REST"},{"data":"Neutralize","floor":12,"key":"SMITH"},{"data":"Footwork","floor":15,"key":"SMITH"},{"floor":23,"key":"REST"},{"data":"Malaise","floor":27,"key":"SMITH"},{"data":"Noxious Fumes","floor":30,"key":"SMITH"},{"data":"Leg Sweep","floor":32,"key":"SMITH"}],"neow_cost":"CURSE","seed_source_timestamp":473552941806186,"circlet_count":0,"master_deck":["AscendersBane","Defend_G+1","Defend_G+1","Defend_G+1","Defend_G+1","Defend_G+1","Strike_G+1","Strike_G+1","Strike_G+1","Survivor","Neutralize+1","Poisoned Stab","Footwork+1","Infinite Blades+1","Predator","Backflip","Accuracy","Crippling Poison","Malaise+1","Cloak And Dagger","RitualDagger","Leg Sweep+1","The Bomb","Deadly Poison","Noxious Fumes+1"],"relics":["Ring of the Snake","Membership Card","Torii","Meat on the Bone","Pantograph","Empty Cage","Question Card","Mummified Hand"],"potions_floor_usage":[6,14,16,22,25,33,33],"damage_taken":[{"damage":7,"enemies":"Jaw Worm","floor":1,"turns":7},{"damage":8,"enemies":"2 Louse","floor":3,"turns":4},{"damage":26,"enemies":"3 Sentries","floor":6,"turns":12},{"damage":1,"enemies":"Small Slimes","floor":8,"turns":3},{"damage":1,"enemies":"Blue Slaver","floor":13,"turns":6},{"damage":23,"enemies":"Exordium Thugs","floor":14,"turns":8},{"damage":31,"enemies":"Hexaghost","floor":16,"turns":12},{"damage":10,"enemies":"Spheric Guardian","floor":18,"turns":10},{"damage":3,"enemies":"Chosen","floor":20,"turns":7},{"damage":29,"enemies":"Centurion and Healer","floor":22,"turns":12},{"damage":25,"enemies":"Book of Stabbing","floor":25,"turns":9},{"damage":6,"enemies":"Snake Plant","floor":29,"turns":7},{"damage":65,"enemies":"Automaton","floor":33,"turns":14}],"seed_played":"-2518716248498485864","potions_obtained":[{"floor":8,"key":"Strength Potion"},{"floor":16,"key":"Strength Potion"},{"floor":20,"key":"Block Potion"},{"floor":25,"key":"Fire Potion"}],"is_trial":false,"path_per_floor":["M","$","M","?","?","E","R","M","T","T","$","R","M","M","R","B",null,"M","?","M","?","M","R","$","E","T","R","$","M","R","?","R","B"],"character_chosen":"THE_SILENT","items_purchased":["Membership Card","Footwork","Fire Potion","Strength Potion","Accuracy","The Bomb","SpeedPotion","Noxious Fumes"],"campfire_rested":2,"item_purchase_floors":[2,2,2,2,11,24,24,28],"current_hp_per_floor":[52,52,44,44,44,18,37,36,36,36,36,36,35,24,24,30,57,47,47,44,38,21,40,40,27,27,27,27,33,33,33,33,0],"gold":29,"neow_bonus":"TWO_FIFTY_GOLD","is_prod":false,"is_daily":false,"chose_seed":false,"campfire_upgraded":5,"win_rate":0,"timestamp":1554290603,"path_taken":["M","$","M","?","?","E","R","M","T","?","?","R","M","M","R","BOSS","M","?","M","?","?","R","$","E","T","R","?","M","R","?","R","BOSS"],"build_version":"2019-01-23","purchased_purges":1,"victory":false,"max_hp_per_floor":[66,66,66,66,66,66,66,66,66,66,66,66,66,66,66,66,66,66,66,66,66,66,66,66,66,66,66,66,66,66,66,66,66],"card_choices":[{"not_picked":["Heel Hook","Quick Slash"],"picked":"Poisoned Stab","floor":1},{"not_picked":["Sucker Punch","Deadly Poison"],"picked":"Infinite Blades","floor":3},{"not_picked":["Acrobatics","Backflip"],"picked":"Predator","floor":6},{"not_picked":["Deflect","Finisher"],"picked":"Backflip","floor":8},{"not_picked":["Riddle With Holes","Flying Knee"],"picked":"Crippling Poison","floor":13},{"not_picked":["Bane","Reflex","Choke"],"picked":"SKIP","floor":14},{"not_picked":["Phantasmal Killer","Storm of Steel"],"picked":"Malaise","floor":16},{"not_picked":["Dagger Spray","Dagger Throw"],"picked":"Cloak And Dagger","floor":18},{"not_picked":["Underhanded Strike","Dagger Throw","Acrobatics"],"picked":"SKIP","floor":20},{"not_picked":["Acrobatics","Malaise"],"picked":"Leg Sweep","floor":22},{"not_picked":["Tactician","Bane"],"picked":"Deadly Poison","floor":25},{"not_picked":["Dagger Throw","Endless Agony","Sucker Punch","Blade Dance"],"picked":"SKIP","floor":29}],"player_experience":820698,"relics_obtained":[{"floor":6,"key":"Torii"},{"floor":9,"key":"Meat on the Bone"},{"floor":10,"key":"Pantograph"},{"floor":25,"key":"Question Card"},{"floor":26,"key":"Mummified Hand"}],"event_choices":[{"damage_healed":0,"gold_gain":0,"player_choice":"Left Gold","damage_taken":0,"max_hp_gain":0,"max_hp_loss":0,"event_name":"World of Goop","floor":4,"gold_loss":30},{"damage_healed":0,"gold_gain":0,"player_choice":"Grow","damage_taken":0,"max_hp_gain":0,"max_hp_loss":0,"event_name":"Living Wall","floor":5,"gold_loss":0,"cards_upgraded":["Infinite Blades"]},{"damage_healed":0,"gold_gain":0,"player_choice":"Ignored","damage_taken":0,"max_hp_gain":0,"max_hp_loss":0,"event_name":"Ghosts","floor":19,"gold_loss":0},{"damage_healed":0,"gold_gain":0,"player_choice":"Joined the Cult","damage_taken":6,"max_hp_gain":0,"max_hp_loss":0,"event_name":"Nest","floor":21,"gold_loss":0,"cards_obtained":["RitualDagger"]},{"damage_healed":0,"gold_gain":0,"player_choice":"Simplicity","damage_taken":0,"max_hp_gain":0,"max_hp_loss":0,"event_name":"Back to Basics","floor":31,"gold_loss":0,"cards_upgraded":["Defend_G","Defend_G","Defend_G","Defend_G","Defend_G","Strike_G","Strike_G","Strike_G"]}],"is_beta":false,"boss_relics":[{"not_picked":["Runic Dome","Lizard Tail"],"picked":"Empty Cage"}],"items_purged_floors":[2],"is_endless":false,"potions_floor_spawned":[8,13,16,20,25,29],"killed_by":"Automaton","ascension_level":20}