{"gold_per_floor":[119,119,80,96,114,114,134,134,134,134,163,178,19,33,33,104,104,120,120,133,149,49,49,68,68,95,95,124,135,145,12,12,86,86,102,121,134,9,27,60,60,93,117,129,142,158,169,194,194,194,194,194,194,28,61,61],"floor_reached":56,"playtime":5044,"items_purged":["Strike_R","Strike_R","Decay"],"score":1905,"play_id":"f9add55c-90bf-495a-b4a2-a136a111cbe2","local_time":"20190503091908","is_ascension_mode":true,"campfire_choices":[{"data":"Bash","floor":6.0,"key":"SMITH"},{"data":"Carnage","floor":8.0,"key":"SMITH"},{"floor":10.0,"key":"REST"},{"floor":15.0,"key":"REST"},{"floor":23.0,"key":"REST"},{"floor":25.0,"key":"REST"},{"floor":32.0,"key":"REST"},{"floor":41.0,"key":"RECALL"},{"floor":49.0,"key":"REST"},{"floor":53.0,"key":"REST"}],"neow_cost":"NONE","seed_source_timestamp":356429126550700,"circlet_count":0,"master_deck":["AscendersBane","Strike_R","Defend_R","Defend_R","Defend_R","Defend_R","Bash+1","Pommel Strike","Clothesline","Pummel","Carnage+1","Demon Form+1","Armaments+1","True Grit+1","Warcry+1","Double Tap+1","Metallicize+1","Reckless Charge","Metallicize+1","Battle Trance+1","Battle Trance+1","Bloodletting+1","Cleave+1","Havoc+1","Second Wind+1","Reaper","True Grit+1","Dual Wield+1","Thunderclap+1","Corruption+1","Offering+1","Shrug It Off+1","True Grit+1","Blind+1","Limit Break+1"],"special_seed":0,"relics":["Burning Blood","Frozen Egg 2","Toxic Egg 2","Letter Opener","Fusion Hammer","Regal Pillow","Potion Belt","Runic Pyramid","Art of War","Gremlin Horn","Meat on the Bone","Nunchaku"],"potions_floor_usage":[56],"damage_taken":[{"damage":2.0,"enemies":"2 Louse","floor":1.0,"turns":3.0},{"damage":2.0,"enemies":"Jaw Worm","floor":4.0,"turns":4.0},{"damage":10.0,"enemies":"Cultist","floor":5.0,"turns":5.0},{"damage":1.0,"enemies":"Exordium Thugs","floor":7.0,"turns":2.0},{"damage":35.0,"enemies":"Lagavulin","floor":11.0,"turns":6.0},{"damage":5.0,"enemies":"Gremlin Gang","floor":12.0,"turns":4.0},{"damage":23.0,"enemies":"3 Louse","floor":14.0,"turns":5.0},{"damage":28.0,"enemies":"Slime Boss","floor":16.0,"turns":5.0},{"damage":0.0,"enemies":"Chosen","floor":18.0,"turns":3.0},{"damage":9.0,"enemies":"3 Byrds","floor":20.0,"turns":3.0},{"damage":51.0,"enemies":"Shelled Parasite and Fungi","floor":21.0,"turns":5.0},{"damage":7.0,"enemies":"Snecko","floor":24.0,"turns":5.0},{"damage":24.0,"enemies":"Slavers","floor":28.0,"turns":6.0},{"damage":12.0,"enemies":"Snake Plant","floor":29.0,"turns":4.0},{"damage":15.0,"enemies":"3 Cultists","floor":30.0,"turns":6.0},{"damage":61.0,"enemies":"Automaton","floor":33.0,"turns":9.0},{"damage":27.0,"enemies":"3 Darklings","floor":35.0,"turns":5.0},{"damage":11.0,"enemies":"3 Shapes","floor":36.0,"turns":7.0},{"damage":18.0,"enemies":"Jaw Worm Horde","floor":37.0,"turns":5.0},{"damage":102.0,"enemies":"4 Shapes","floor":39.0,"turns":10.0},{"damage":34.0,"enemies":"Nemesis","floor":40.0,"turns":7.0},{"damage":28.0,"enemies":"Reptomancer","floor":42.0,"turns":5.0},{"damage":62.0,"enemies":"Spire Growth","floor":44.0,"turns":7.0},{"damage":21.0,"enemies":"Transient","floor":45.0,"turns":6.0},{"damage":18.0,"enemies":"Maw","floor":46.0,"turns":7.0},{"damage":50.0,"enemies":"Spire Growth","floor":47.0,"turns":5.0},{"damage":49.0,"enemies":"Giant Head","floor":48.0,"turns":7.0},{"damage":82.0,"enemies":"Time Eater","floor":50.0,"turns":7.0},{"damage":44.0,"enemies":"Donu and Deca","floor":51.0,"turns":7.0},{"damage":87.0,"enemies":"Shield and Spear","floor":55.0,"turns":8.0},{"damage":145,"enemies":"The Heart","floor":56,"turns":8}],"seed_played":"6911591673402185944","potions_obtained":[{"floor":0.0,"key":"SteroidPotion"},{"floor":0.0,"key":"Poison Potion"},{"floor":1.0,"key":"Fire Potion"},{"floor":7.0,"key":"Strength Potion"},{"floor":16.0,"key":"LiquidBronze"},{"floor":18.0,"key":"Energy Potion"},{"floor":21.0,"key":"Dexterity Potion"},{"floor":36.0,"key":"Explosive Potion"},{"floor":37.0,"key":"Explosive Potion"},{"floor":44.0,"key":"SkillPotion"},{"floor":47.0,"key":"EssenceOfSteel"},{"floor":48.0,"key":"Swift Potion"},{"floor":55.0,"key":"Ancient Potion"}],"is_trial":false,"path_per_floor":["M","?","?","M","M","R","M","R","T","R","E","M","$","M","R","B",null,"M","?","M","M","$","R","M","R","T","?","E","M","M","$","R","B",null,"M","M","M","$","M","E","R","E","T","M","M","M","M","E","R","B","B",null,"R","$","E","B"],"character_chosen":"IRONCLAD","items_purchased":["True Grit+1","Energy Potion","Second Wind+1","Fire Potion","Shrug It Off+1","True Grit+1","Blind+1"],"campfire_rested":7,"item_purchase_floors":[13,13,31,31,54,54,54],"current_hp_per_floor":[72,27,27,31,27,27,32,32,32,54,25,26,26,9,31,9,59,65,65,62,17,17,39,38,60,60,60,42,36,27,27,64,9,59,50,75,75,75,58,75,75,75,75,67,75,75,55,75,75,49,75,75,75,75,55,0],"gold":61,"neow_bonus":"THREE_SMALL_POTIONS","is_prod":false,"is_daily":false,"chose_seed":false,"campfire_upgraded":2,"win_rate":0,"timestamp":1556842748,"path_taken":["M","?","?","M","M","R","M","R","T","R","E","M","?","M","R","BOSS","M","?","M","M","$","R","M","R","T","?","E","?","M","?","R","BOSS","M","?","M","$","M","E","R","E","T","M","M","M","M","E","R","BOSS","BOSS","R","$","E","BOSS"],"build_version":"2019-01-23","purchased_purges":3,"victory":false,"max_hp_per_floor":[75,75,75,75,75,75,75,75,75,75,75,75,75,75,75,75,75,75,75,75,75,75,75,75,75,75,75,75,75,75,75,75,75,75,75,75,75,75,75,75,75,75,75,75,75,75,75,75,75,75,75,75,75,75,75,75],"card_choices":[{"not_picked":["Cleave","Corruption"],"picked":"Pommel Strike","floor":1.0},{"not_picked":["Body Slam","Headbutt"],"picked":"Clothesline","floor":4.0},{"not_picked":["Warcry","Entrench"],"picked":"Pummel","floor":5.0},{"not_picked":["Clash","Twin Strike"],"picked":"Carnage","floor":7.0},{"not_picked":["Rage+1","Anger"],"picked":"Demon Form+1","floor":11.0},{"not_picked":["Flex+1","Rampage"],"picked":"Armaments+1","floor":12.0},{"not_picked":["Thunderclap","Anger"],"picked":"Warcry+1","floor":14.0},{"not_picked":["Barricade+1","Brutality+1"],"picked":"Double Tap+1","floor":16.0},{"not_picked":["Rupture+1","Headbutt"],"picked":"Metallicize+1","floor":18.0},{"not_picked":["Corruption+1","Flex+1"],"picked":"Battle Trance+1","floor":20.0},{"not_picked":["Perfected Strike","Wild Strike","Pommel Strike"],"picked":"SKIP","floor":21.0},{"not_picked":["Thunderclap","Carnage"],"picked":"Battle Trance+1","floor":24.0},{"not_picked":["Headbutt","Thunderclap"],"picked":"Bloodletting+1","floor":28.0},{"not_picked":["Demon Form+1","Havoc+1"],"picked":"Cleave+1","floor":29.0},{"not_picked":["Cleave","Battle Trance+1"],"picked":"Havoc+1","floor":30.0},{"not_picked":["Impervious+1","Immolate"],"picked":"Reaper","floor":33.0},{"not_picked":["Reckless Charge+1","Hemokinesis","Twin Strike"],"picked":"SKIP","floor":35.0},{"not_picked":["Sever Soul","Entrench+1","Whirlwind"],"picked":"SKIP","floor":36.0},{"not_picked":["Thunderclap","Uppercut"],"picked":"True Grit+1","floor":37.0},{"not_picked":["Anger","Second Wind+1"],"picked":"Dual Wield+1","floor":39.0},{"not_picked":["Twin Strike","Clothesline","Immolate"],"picked":"SKIP","floor":40.0},{"not_picked":["Berserk+1","Headbutt","Clash+1"],"picked":"SKIP","floor":42.0},{"not_picked":["Clothesline","Thunderclap","Uppercut"],"picked":"SKIP","floor":44.0},{"not_picked":["Uppercut","Twin Strike"],"picked":"Thunderclap+1","floor":45.0},{"not_picked":["Twin Strike","Headbutt"],"picked":"Corruption+1","floor":46.0},{"not_picked":["Pummel","Clash","Wild Strike"],"picked":"SKIP","floor":47.0},{"not_picked":["Pummel","Perfected Strike"],"picked":"Offering+1","floor":48.0},{"not_picked":["Blood for Blood","Bloodletting+1"],"picked":"Limit Break+1","floor":55.0}],"player_experience":1187453,"relics_obtained":[{"floor":9.0,"key":"Toxic Egg 2"},{"floor":11.0,"key":"Letter Opener"},{"floor":26.0,"key":"Regal Pillow"},{"floor":28.0,"key":"Potion Belt"},{"floor":40.0,"key":"Art of War"},{"floor":42.0,"key":"Gremlin Horn"},{"floor":48.0,"key":"Meat on the Bone"},{"floor":55.0,"key":"Nunchaku"}],"event_choices":[{"damage_healed":0.0,"max_hp_gain":0.0,"max_hp_loss":0.0,"gold_gain":0.0,"event_name":"Scrap Ooze","player_choice":"Success","floor":2.0,"gold_loss":0.0,"damage_taken":45.0,"relics_obtained":["Frozen Egg 2"]},{"damage_healed":0.0,"max_hp_gain":0.0,"max_hp_loss":0.0,"gold_gain":0.0,"event_name":"World of Goop","player_choice":"Left Gold","floor":3.0,"gold_loss":39.0,"damage_taken":0.0},{"damage_healed":0.0,"max_hp_gain":0.0,"max_hp_loss":0.0,"gold_gain":0.0,"cards_transformed":["Strike_R","Strike_R"],"event_name":"Drug Dealer","player_choice":"Became Test Subject","floor":19.0,"gold_loss":0.0,"damage_taken":0.0,"cards_obtained":["Reckless Charge","Metallicize"]},{"damage_healed":0.0,"max_hp_gain":0.0,"max_hp_loss":0.0,"gold_gain":0.0,"event_name":"Wheel of Change","player_choice":"Cursed","floor":27.0,"gold_loss":0.0,"damage_taken":0.0,"cards_obtained":["Decay"]}],"is_beta":false,"boss_relics":[{"not_picked":["Philosopher\u0027s Stone","Coffee Dripper"],"picked":"Fusion Hammer"},{"not_picked":["White Beast Statue","Empty Cage"],"picked":"Runic Pyramid"}],"items_purged_floors":[13,22,38],"is_endless":false,"potions_floor_spawned":[1,7,16,18,21,36,37,39,44,47,48,55],"killed_by":"The Heart","ascension_level":20}