{"gold_per_floor":[116,134,145,145,145,145,173,173,255,255,3,3,29,42,42,118,118,128,128,128,102,102,102],"floor_reached":23,"playtime":816,"items_purged":[],"score":394,"play_id":"660c1915-1f2c-410e-b98a-da6dc98adf31","local_time":"20190502102828","is_ascension_mode":true,"campfire_choices":[{"data":"Go for the Eyes","floor":6,"key":"SMITH"},{"data":"Cold Snap","floor":10,"key":"SMITH"},{"floor":12,"key":"REST"},{"data":"Hologram","floor":15,"key":"SMITH"}],"neow_cost":"NONE","seed_source_timestamp":278440383509600,"circlet_count":0,"master_deck":["AscendersBane","Strike_B","Defend_B","Defend_B","Defend_B","Defend_B","Zap+1","Dualcast","Compile Driver","Steam","Gash","Go for the Eyes+1","Cold Snap+1","Self Repair","Rip and Tear","Cold Snap","Hologram+1","Conserve Battery","Conserve Battery"],"relics":["Cracked Core","Dream Catcher","Shuriken","DataDisk","Calipers","Inserter"],"potions_floor_usage":[7,7,16],"damage_taken":[{"damage":5,"enemies":"Small Slimes","floor":1,"turns":3},{"damage":3,"enemies":"2 Louse","floor":2,"turns":3},{"damage":1,"enemies":"Cultist","floor":3,"turns":3},{"damage":32,"enemies":"Gremlin Nob","floor":7,"turns":5},{"damage":7,"enemies":"Lagavulin","floor":13,"turns":6},{"damage":1,"enemies":"2 Fungi Beasts","floor":14,"turns":2},{"damage":1,"enemies":"Hexaghost","floor":16,"turns":9},{"damage":13,"enemies":"Shell Parasite","floor":18,"turns":5},{"damage":14,"enemies":"2 Thieves","floor":21,"turns":4},{"damage":32,"enemies":"Colosseum Slavers","floor":22,"turns":6},{"damage":9,"enemies":"Gremlin Leader","floor":23,"turns":1}],"seed_played":"4223982330852710939","potions_obtained":[{"floor":1,"key":"Regen Potion"},{"floor":3,"key":"Block Potion"},{"floor":14,"key":"Swift Potion"}],"is_trial":false,"path_per_floor":["M","M","M","?","?","R","E","?","T","R","$","R","E","M","R","B",null,"M","?","?","M","?","E"],"character_chosen":"DEFECT","items_purchased":["DataDisk","Self Repair"],"campfire_rested":1,"item_purchase_floors":[11,11],"current_hp_per_floor":[59,56,55,55,48,48,30,30,30,30,30,51,51,50,50,56,67,61,61,41,34,9,0],"gold":102,"neow_bonus":"UPGRADE_CARD","is_prod":false,"is_daily":false,"chose_seed":false,"campfire_upgraded":3,"win_rate":0,"timestamp":1556760508,"path_taken":["M","M","M","?","?","R","E","?","T","R","$","R","E","?","R","BOSS","M","?","?","M","?","E"],"build_version":"2019-01-23","purchased_purges":0,"victory":false,"max_hp_per_floor":[71,71,71,71,71,71,71,71,71,71,71,71,71,71,71,71,71,71,71,76,76,76,76],"card_choices":[{"not_picked":["Tempest","Hello World"],"picked":"Compile Driver","floor":1},{"not_picked":["Scrape","Stack"],"picked":"Steam","floor":2},{"not_picked":["Turbo","Melter"],"picked":"Gash","floor":3},{"not_picked":["Streamline","Conserve Battery"],"picked":"Cold Snap","floor":7},{"not_picked":["Conserve Battery","Leap"],"picked":"Rip and Tear","floor":12},{"not_picked":["Leap","Rebound"],"picked":"Cold Snap","floor":13},{"not_picked":["Sweeping Beam","Reprogram"],"picked":"Hologram","floor":14},{"not_picked":["Rebound","Turbo"],"picked":"Conserve Battery","floor":18},{"not_picked":["Compile Driver","Capacitor"],"picked":"Conserve Battery","floor":21}],"player_experience":1182596,"relics_obtained":[{"floor":7,"key":"Dream Catcher"},{"floor":9,"key":"Shuriken"},{"floor":13,"key":"Calipers"}],"event_choices":[{"damage_healed":0,"gold_gain":0,"cards_transformed":["Strike_B"],"player_choice":"Change","damage_taken":0,"max_hp_gain":0,"max_hp_loss":0,"event_name":"Living Wall","floor":4,"gold_loss":0,"cards_obtained":["Go for the Eyes"]},{"cards_removed":["Strike_B"],"damage_healed":0,"gold_gain":0,"player_choice":"Card Removal","damage_taken":7,"max_hp_gain":0,"max_hp_loss":0,"event_name":"Golden Wing","floor":5,"gold_loss":0},{"cards_removed":["Strike_B"],"damage_healed":0,"gold_gain":0,"player_choice":"Purged","damage_taken":0,"max_hp_gain":0,"max_hp_loss":0,"event_name":"Purifier","floor":8,"gold_loss":0},{"damage_healed":0,"gold_gain":0,"player_choice":"Ignored","damage_taken":0,"max_hp_gain":0,"max_hp_loss":0,"event_name":"Ghosts","floor":19,"gold_loss":0},{"damage_healed":0,"gold_gain":0,"player_choice":"Shed Blood","damage_taken":25,"max_hp_gain":5,"max_hp_loss":0,"event_name":"Forgotten Altar","floor":20,"gold_loss":0},{"damage_healed":0,"gold_gain":0,"player_choice":"Fight","damage_taken":0,"max_hp_gain":0,"max_hp_loss":0,"event_name":"Colosseum","floor":22,"gold_loss":0},{"damage_healed":0,"gold_gain":0,"player_choice":"Fled From Nobs","damage_taken":0,"max_hp_gain":0,"max_hp_loss":0,"event_name":"Colosseum","floor":22,"gold_loss":0}],"is_beta":false,"boss_relics":[{"not_picked":["Coffee Dripper","Eternal Feather"],"picked":"Inserter"}],"items_purged_floors":[],"is_endless":false,"potions_floor_spawned":[1,3,14],"killed_by":"Gremlin Leader","ascension_level":20}