{"gold_per_floor":[114,114,39,53,70,70,85,85,85,110,127,202,202,102,102,197,197,217,217,217,132,145,145,105,105,174,174,199,209,232,243,243,348,348,366,366,385,385,404,404,436,436,436,436,451,471,12,12,12,12],"floor_reached":51,"playtime":1472,"items_purged":["Strike_R","Strike_R","Dual Wield"],"score":776,"play_id":"ba2eae5c-12d2-4d5e-9384-e4d38000e7ac","local_time":"20190402205455","is_ascension_mode":true,"campfire_choices":[{"data":"Searing Blow","floor":6.0,"key":"SMITH"},{"data":"Searing Blow+1","floor":8.0,"key":"SMITH"},{"data":"Searing Blow+2","floor":13.0,"key":"SMITH"},{"data":"Searing Blow+3","floor":15.0,"key":"SMITH"},{"data":"Searing Blow+4","floor":23.0,"key":"SMITH"},{"data":"Searing Blow+6","floor":25.0,"key":"SMITH"},{"data":"Searing Blow+7","floor":27.0,"key":"SMITH"},{"data":"Searing Blow+8","floor":32.0,"key":"SMITH"},{"floor":40,"key":"REST"},{"data":"Searing Blow+9","floor":42,"key":"SMITH"},{"data":"Searing Blow+10","floor":44,"key":"SMITH"},{"data":"Searing Blow+12","floor":49,"key":"SMITH"}],"neow_cost":"NONE","seed_source_timestamp":0,"circlet_count":0,"master_deck":["Strike_R+1","Defend_R","Defend_R","Defend_R+1","Defend_R","Bash","Pommel Strike","Searing Blow+13","Flame Barrier","Iron Wave","Dual Wield","Double Tap","Necronomicurse","Shrug It Off","Headbutt","Dual Wield+1","Demon Form","Headbutt+1","Madness","Madness","Clothesline+1","True Grit+1","Armaments","Dark Shackles"],"special_seed":0,"relics":["Burning Blood","Dodecahedron","Question Card","Philosopher\u0027s Stone","Necronomicon","Dream Catcher","Blood Vial","The Courier","Vajra","Anchor","Empty Cage","Bag of Preparation","Pear","Toolbox","Bag of Marbles"],"potions_floor_usage":[50],"damage_taken":[{"damage":1.0,"enemies":"2 Louse","floor":1.0,"turns":3.0},{"damage":5.0,"enemies":"Small Slimes","floor":4.0,"turns":3.0},{"damage":0.0,"enemies":"Cultist","floor":5.0,"turns":3.0},{"damage":0.0,"enemies":"Exordium Wildlife","floor":7.0,"turns":4.0},{"damage":29.0,"enemies":"Lagavulin","floor":10.0,"turns":7.0},{"damage":0.0,"enemies":"Large Slime","floor":11.0,"turns":7.0},{"damage":29.0,"enemies":"The Guardian","floor":16.0,"turns":16.0},{"damage":13.0,"enemies":"2 Thieves","floor":18.0,"turns":4.0},{"damage":8.0,"enemies":"3 Byrds","floor":22.0,"turns":1.0},{"damage":49.0,"enemies":"Slavers","floor":28.0,"turns":6.0},{"damage":1.0,"enemies":"Centurion and Healer","floor":29.0,"turns":4.0},{"damage":0.0,"enemies":"Sentry and Sphere","floor":31.0,"turns":3.0},{"damage":14.0,"enemies":"Champ","floor":33.0,"turns":4.0},{"damage":12.0,"enemies":"3 Shapes","floor":35.0,"turns":5.0},{"damage":55.0,"enemies":"3 Darklings","floor":37.0,"turns":6.0},{"damage":22,"enemies":"Sphere and 2 Shapes","floor":39,"turns":5},{"damage":9,"enemies":"Giant Head","floor":41,"turns":4},{"damage":0,"enemies":"Writhing Mass","floor":45,"turns":2},{"damage":0,"enemies":"Spire Growth","floor":46,"turns":2},{"damage":18,"enemies":"Time Eater","floor":50,"turns":3}],"seed_played":"1079840317332168229","potions_obtained":[{"floor":1.0,"key":"Dexterity Potion"},{"floor":10.0,"key":"EssenceOfSteel"},{"floor":11.0,"key":"LiquidBronze"},{"floor":16.0,"key":"Ancient Potion"},{"floor":18.0,"key":"BloodPotion"},{"floor":22.0,"key":"Poison Potion"},{"floor":29.0,"key":"Dexterity Potion"},{"floor":37.0,"key":"Block Potion"},{"floor":45,"key":"FearPotion"}],"is_trial":false,"path_per_floor":["M","?","$","M","M","R","M","R","T","E","M","?","R","$","R","B",null,"M","?","?","?","M","R","?","R","T","R","E","M","T","M","R","B",null,"M","?","M","?","M","R","E","R","T","R","M","M","$","?","R","B",null],"character_chosen":"IRONCLAD","items_purchased":["Toolbox","Bag of Marbles","Dark Shackles"],"campfire_rested":1,"item_purchase_floors":[47,47,47],"current_hp_per_floor":[88,70,70,71,77,77,83,83,83,60,66,55,55,55,55,32,88,81,65,65,65,65,65,65,65,65,65,32,39,39,47,47,41,88,82,71,24,24,10,36,35,35,45,45,53,61,61,61,61,51],"gold":12,"neow_bonus":"TEN_PERCENT_HP_BONUS","is_prod":false,"is_daily":false,"chose_seed":false,"campfire_upgraded":11,"win_rate":0,"timestamp":1554256495,"path_taken":["M","?","$","M","M","R","M","R","T","E","M","?","R","$","R","BOSS","M","?","?","?","M","R","?","R","T","R","E","?","?","M","R","BOSS","M","?","M","?","M","R","E","R","T","R","M","M","?","?","R","BOSS"],"build_version":"2019-01-23","purchased_purges":3,"victory":true,"max_hp_per_floor":[88,88,88,88,88,88,88,88,88,88,88,88,88,88,88,88,88,88,88,88,88,88,88,88,88,88,88,88,88,88,88,88,88,88,88,88,88,88,88,88,88,88,98,98,98,98,98,98,98,98],"card_choices":[{"not_picked":["Infernal Blade","Sever Soul"],"picked":"Pommel Strike","floor":1.0},{"not_picked":["Havoc","Wild Strike","True Grit"],"picked":"SKIP","floor":4.0},{"not_picked":["True Grit","Wild Strike"],"picked":"Searing Blow","floor":5.0},{"not_picked":["Shockwave","Bloodletting"],"picked":"Flame Barrier","floor":7.0},{"not_picked":["Cleave","Exhume"],"picked":"Iron Wave","floor":10.0},{"not_picked":["Infernal Blade","Thunderclap","Reckless Charge"],"picked":"Dual Wield","floor":11.0},{"not_picked":["Barricade","Exhume","Limit Break"],"picked":"Double Tap","floor":16.0},{"not_picked":["Sword Boomerang+1","Bloodletting","Havoc"],"picked":"Dual Wield","floor":18.0},{"not_picked":["Carnage","Havoc+1","Wild Strike","True Grit"],"picked":"SKIP","floor":22.0},{"not_picked":["Anger+1","True Grit","Spot Weakness"],"picked":"Shrug It Off","floor":28.0},{"not_picked":["Entrench","Anger","Perfected Strike"],"picked":"Headbutt","floor":29.0},{"not_picked":["Power Through","Havoc","Body Slam"],"picked":"Dual Wield+1","floor":31.0},{"not_picked":["Limit Break","Fiend Fire","Bludgeon"],"picked":"Demon Form","floor":33.0},{"not_picked":["Havoc","Warcry","Inflame+1"],"picked":"Headbutt+1","floor":35.0},{"not_picked":["Heavy Blade","Dual Wield+1","Sword Boomerang+1"],"picked":"Clothesline+1","floor":37.0},{"not_picked":["Entrench","Bloodletting","Twin Strike+1","Warcry"],"picked":"SKIP","floor":39},{"not_picked":["Twin Strike+1","Pommel Strike","Iron Wave+1"],"picked":"True Grit+1","floor":40},{"not_picked":["Headbutt","Havoc+1","Cleave+1","Immolate"],"picked":"SKIP","floor":41},{"not_picked":["Clothesline","Burning Pact+1","Flex"],"picked":"Armaments","floor":45},{"not_picked":["Iron Wave+1","Anger","Hemokinesis+1","Feel No Pain"],"picked":"SKIP","floor":46}],"player_experience":1213683,"relics_obtained":[{"floor":9.0,"key":"Dodecahedron"},{"floor":10.0,"key":"Question Card"},{"floor":19.0,"key":"Necronomicon"},{"floor":26.0,"key":"The Courier"},{"floor":28.0,"key":"Vajra"},{"floor":30.0,"key":"Anchor"},{"floor":41,"key":"Bag of Preparation"},{"floor":43,"key":"Pear"}],"event_choices":[{"damage_healed":0.0,"max_hp_gain":0.0,"max_hp_loss":0.0,"gold_gain":0.0,"event_name":"Shining Light","player_choice":"Entered Light","floor":2.0,"gold_loss":0.0,"damage_taken":18.0,"cards_upgraded":["Defend_R","Strike_R"]},{"damage_healed":0.0,"max_hp_gain":0.0,"max_hp_loss":0.0,"gold_gain":75.0,"event_name":"World of Goop","player_choice":"Gather Gold","floor":12.0,"gold_loss":0.0,"damage_taken":11.0},{"damage_healed":0.0,"max_hp_gain":0.0,"max_hp_loss":0.0,"gold_gain":0.0,"event_name":"Cursed Tome","player_choice":"Obtained Book","floor":19.0,"gold_loss":0.0,"damage_taken":16.0},{"damage_healed":0.0,"max_hp_gain":0.0,"max_hp_loss":0.0,"gold_gain":0.0,"event_name":"The Mausoleum","player_choice":"Opened","floor":20.0,"gold_loss":0.0,"damage_taken":0.0,"relics_obtained":["Dream Catcher"]},{"damage_healed":0.0,"max_hp_gain":0.0,"max_hp_loss":0.0,"gold_gain":0.0,"event_name":"Addict","player_choice":"Obtained Relic","floor":21.0,"gold_loss":85.0,"damage_taken":0.0,"relics_obtained":["Blood Vial"]},{"damage_healed":0.0,"max_hp_gain":0.0,"max_hp_loss":0.0,"gold_gain":0.0,"event_name":"Designer","player_choice":"Upgrade","floor":24.0,"gold_loss":40.0,"damage_taken":0.0,"cards_upgraded":["Searing Blow"]},{"damage_healed":0.0,"max_hp_gain":0.0,"max_hp_loss":0.0,"gold_gain":0.0,"event_name":"Winding Halls","player_choice":"Embrace Madness","floor":36.0,"gold_loss":0.0,"damage_taken":11.0,"cards_obtained":["Madness","Madness"]},{"damage_healed":0.0,"max_hp_gain":0.0,"max_hp_loss":0.0,"gold_gain":0.0,"event_name":"Mysterious Sphere","player_choice":"Ignored","floor":38.0,"gold_loss":0.0,"damage_taken":0.0},{"damage_healed":0,"gold_gain":0,"player_choice":"Upgraded","damage_taken":0,"max_hp_gain":0,"max_hp_loss":0,"event_name":"Upgrade Shrine","floor":48,"gold_loss":0,"cards_upgraded":["Searing Blow"]}],"is_beta":false,"boss_relics":[{"not_picked":["Eternal Feather","Lizard Tail"],"picked":"Philosopher\u0027s Stone"},{"not_picked":["Velvet Choker","Tiny House"],"picked":"Empty Cage"}],"items_purged_floors":[3,14,47],"is_endless":false,"potions_floor_spawned":[1,10,11,16,18,22,29,37,45,46],"ascension_level":1}