{"gold_per_floor":[114,64,74,84,99,126,126,160,187,112,112,12,12,12,12,114,114,129,139,14,34,53,53,88,88,164,191,191,116,93,119,119,214,264,275,321,171,184,194,194,228,228,307,307,327,357,372,372,372,372],"floor_reached":51,"playtime":1948,"items_purged":["Defend_B","Strike_B","Defend_B","Defend_B"],"score":1042,"play_id":"24171bbd-b983-461b-9d6b-ea3b4c95e609","local_time":"20190405185257","is_ascension_mode":true,"campfire_choices":[{"floor":7,"key":"REST"},{"data":"Zap","floor":13,"key":"SMITH"},{"floor":15,"key":"REST"},{"data":"Dualcast","floor":23,"key":"SMITH"},{"data":"Reboot","floor":25,"key":"SMITH"},{"floor":28,"key":"REST"},{"data":"Reprogram","floor":32,"key":"SMITH"},{"data":"Streamline","floor":40,"key":"SMITH"},{"data":"Go for the Eyes","floor":44,"key":"SMITH"},{"floor":49,"key":"REST"}],"neow_cost":"TEN_PERCENT_HP_LOSS","seed_source_timestamp":251754451801569,"circlet_count":0,"master_deck":["Zap+1","Dualcast+1","Streamline+1","Go for the Eyes+1","Gash","Reboot+1","Double Energy+1","Gash","Redo+1","Gash","Reprogram+1","Seek+1","Beam Cell+1","Gash+1","Gash+1"],"relics":["Cracked Core","Unceasing Top","Gremlin Horn","Potion Belt","Happy Flower","Oddly Smooth Stone","Empty Cage","Bag of Marbles","Blue Candle","Ornamental Fan","Bronze Scales","Tiny House","StoneCalendar","Bottled Lightning","Frozen Egg 2","Omamori"],"potions_floor_usage":[6,6,16],"damage_taken":[{"damage":2,"enemies":"2 Louse","floor":1,"turns":2},{"damage":1,"enemies":"Jaw Worm","floor":3,"turns":3},{"damage":5,"enemies":"Small Slimes","floor":4,"turns":3},{"damage":13,"enemies":"Red Slaver","floor":5,"turns":4},{"damage":13,"enemies":"Gremlin Nob","floor":6,"turns":3},{"damage":34,"enemies":"3 Sentries","floor":8,"turns":7},{"damage":27,"enemies":"The Guardian","floor":16,"turns":10},{"damage":0,"enemies":"Chosen","floor":18,"turns":4},{"damage":8,"enemies":"2 Thieves","floor":19,"turns":2},{"damage":0,"enemies":"Centurion and Healer","floor":21,"turns":2},{"damage":0,"enemies":"Cultist and Chosen","floor":22,"turns":3},{"damage":0,"enemies":"Gremlin Leader","floor":24,"turns":1},{"damage":17,"enemies":"Slavers","floor":27,"turns":4},{"damage":0,"enemies":"Gremlin Leader","floor":31,"turns":1},{"damage":0,"enemies":"Automaton","floor":33,"turns":1},{"damage":0,"enemies":"Orb Walker","floor":35,"turns":1},{"damage":0,"enemies":"2 Orb Walkers","floor":36,"turns":1},{"damage":0,"enemies":"3 Shapes","floor":38,"turns":1},{"damage":0,"enemies":"Jaw Worm Horde","floor":39,"turns":1},{"damage":0,"enemies":"Nemesis","floor":41,"turns":1},{"damage":0,"enemies":"3 Darklings","floor":45,"turns":1},{"damage":1,"enemies":"Giant Head","floor":46,"turns":2},{"damage":0,"enemies":"Maw","floor":47,"turns":1},{"damage":0,"enemies":"Donu and Deca","floor":50,"turns":1}],"seed_played":"1112962205401822562","potions_obtained":[{"floor":1,"key":"PowerPotion"},{"floor":5,"key":"AttackPotion"},{"floor":8,"key":"SpeedPotion"},{"floor":19,"key":"SteroidPotion"},{"floor":21,"key":"Strength Potion"},{"floor":24,"key":"Regen Potion"},{"floor":33,"key":"Explosive Potion"},{"floor":34,"key":"Energy Potion"},{"floor":41,"key":"LiquidBronze"},{"floor":47,"key":"SkillPotion"}],"is_trial":false,"path_per_floor":["M","?","M","M","M","E","R","E","T","$","?","$","R","?","R","B",null,"M","M","$","M","M","R","E","R","T","E","R","?","$","E","R","B",null,"M","?","$","M","M","R","E","?","T","R","M","E","M","?","R","B",null],"character_chosen":"DEFECT","items_purchased":["Gash"],"campfire_rested":4,"item_purchase_floors":[30],"current_hp_per_floor":[66,66,65,60,47,34,54,20,20,20,20,20,20,20,40,13,68,68,60,60,60,60,60,60,60,60,43,63,63,63,63,63,63,73,73,73,73,73,73,73,73,73,73,73,73,72,72,72,73,73],"gold":372,"neow_bonus":"ONE_RARE_RELIC","is_prod":false,"is_daily":false,"chose_seed":false,"campfire_upgraded":6,"win_rate":0,"timestamp":1554508377,"path_taken":["M","?","M","M","M","E","R","E","T","$","?","$","R","?","R","BOSS","M","M","$","M","M","R","E","R","T","E","R","?","?","E","R","BOSS","M","?","$","M","M","R","E","?","T","R","M","E","M","?","R","BOSS"],"build_version":"2019-01-23","purchased_purges":4,"victory":true,"max_hp_per_floor":[68,68,68,68,68,68,68,68,68,68,68,68,68,68,68,68,68,68,68,68,68,68,68,68,68,68,68,68,68,68,68,68,68,73,73,73,73,73,73,73,73,73,73,73,73,73,73,73,73,73],"card_choices":[{"not_picked":["Ball Lightning","Recycle"],"picked":"Defragment","floor":1},{"not_picked":["Sweeping Beam","Steam"],"picked":"Streamline","floor":3},{"not_picked":["Defragment","Stack","Hologram"],"picked":"SKIP","floor":4},{"not_picked":["Rebound","Loop"],"picked":"Go for the Eyes","floor":5},{"not_picked":["Stack","Turbo"],"picked":"Gash","floor":6},{"not_picked":["Melter","Self Repair","Skim"],"picked":"SKIP","floor":8},{"not_picked":["Amplify","Echo Form"],"picked":"Reboot","floor":16},{"not_picked":["Storm","Cold Snap+1"],"picked":"Double Energy+1","floor":18},{"not_picked":["Coolheaded","Aggregate"],"picked":"Gash","floor":19},{"not_picked":["Darkness+1","Ball Lightning"],"picked":"Redo+1","floor":21},{"not_picked":["Chaos","Auto Shields+1","BootSequence"],"picked":"SKIP","floor":22},{"not_picked":["Fusion","Aggregate","BootSequence"],"picked":"SKIP","floor":24},{"not_picked":["Skim","Ball Lightning","Aggregate+1"],"picked":"SKIP","floor":27},{"not_picked":["Leap","Chaos"],"picked":"Reprogram","floor":31},{"not_picked":["Hyperbeam","Multi-Cast"],"picked":"Seek","floor":33},{"not_picked":["Coolheaded+1","Cold Snap+1"],"picked":"Beam Cell+1","floor":34},{"not_picked":["Compile Driver+1","Go for the Eyes+1","Reinforced Body"],"picked":"SKIP","floor":35},{"not_picked":["Conserve Battery+1","Streamline+1"],"picked":"Reboot","floor":36},{"not_picked":["Undo+1","Go for the Eyes","Hologram"],"picked":"SKIP","floor":38},{"not_picked":["Ball Lightning+1","Beam Cell+1"],"picked":"Gash+1","floor":39},{"not_picked":["Hello World+1","Chaos"],"picked":"Gash+1","floor":41},{"not_picked":["Redo","Loop+1","Rebound+1"],"picked":"SKIP","floor":45},{"not_picked":["Redo","Loop+1","Rebound+1"],"picked":"SKIP","floor":45},{"not_picked":["Double Energy","Ball Lightning","Streamline"],"picked":"SKIP","floor":46},{"not_picked":["Sweeping Beam","Rip and Tear+1","Barrage+1"],"picked":"SKIP","floor":47}],"player_experience":1220277,"relics_obtained":[{"floor":6,"key":"Gremlin Horn"},{"floor":8,"key":"Potion Belt"},{"floor":9,"key":"Happy Flower"},{"floor":24,"key":"Bag of Marbles"},{"floor":26,"key":"Blue Candle"},{"floor":27,"key":"Ornamental Fan"},{"floor":31,"key":"Bronze Scales"},{"floor":36,"key":"StoneCalendar"},{"floor":41,"key":"Bottled Lightning"},{"floor":43,"key":"Frozen Egg 2"},{"floor":46,"key":"Omamori"}],"event_choices":[{"cards_removed":["Strike_B"],"damage_healed":0,"gold_gain":0,"player_choice":"Card Removal","damage_taken":0,"max_hp_gain":0,"max_hp_loss":0,"event_name":"The Cleric","floor":2,"gold_loss":50},{"damage_healed":0,"gold_gain":0,"player_choice":"Ignored","damage_taken":0,"max_hp_gain":0,"max_hp_loss":0,"event_name":"Liars Game","floor":11,"gold_loss":0},{"cards_removed":["Defragment"],"damage_healed":0,"gold_gain":0,"player_choice":"Gave Card","damage_taken":0,"relics_obtained":["Oddly Smooth Stone"],"max_hp_gain":0,"max_hp_loss":0,"event_name":"WeMeetAgain","floor":14,"gold_loss":0},{"cards_removed":["Defend_B"],"damage_healed":0,"gold_gain":0,"player_choice":"Gave Gold","damage_taken":0,"max_hp_gain":0,"max_hp_loss":0,"event_name":"Beggar","floor":29,"gold_loss":75},{"damage_healed":0,"gold_gain":0,"player_choice":"Fight","damage_taken":0,"max_hp_gain":0,"max_hp_loss":0,"event_name":"Mysterious Sphere","floor":36,"gold_loss":0},{"cards_removed":["Reboot"],"damage_healed":0,"gold_gain":0,"player_choice":"Removed Skill","damage_taken":0,"max_hp_gain":0,"max_hp_loss":0,"event_name":"Falling","floor":42,"gold_loss":0},{"damage_healed":0,"gold_gain":0,"player_choice":"Memory 1","damage_taken":0,"max_hp_gain":0,"max_hp_loss":0,"event_name":"SensoryStone","floor":48,"gold_loss":0}],"is_beta":false,"boss_relics":[{"not_picked":["Busted Crown","Runic Dome"],"picked":"Empty Cage"},{"not_picked":["Lizard Tail","Nuclear Battery"],"picked":"Tiny House"}],"items_purged_floors":[10,12,20,37],"is_endless":false,"potions_floor_spawned":[1,5,8,19,21,24,33,35,39,41,47],"ascension_level":1}