{"gold_per_floor":[111,111,122,47,47,80,80,99,99,118,147,167,167,57,57,57],"floor_reached":16,"playtime":622,"items_purged":["Normality"],"score":110,"play_id":"c164b903-3c76-476d-a7bd-c45a6412c28e","local_time":"20190408233401","is_ascension_mode":false,"campfire_choices":[{"data":"Dualcast","floor":7,"key":"SMITH"},{"floor":15,"key":"REST"}],"neow_cost":"CURSE","seed_source_timestamp":35578901983879,"circlet_count":0,"master_deck":["Strike_B","Strike_B","Strike_B","Strike_B","Defend_B","Defend_B","Defend_B","Defend_B","Zap","Dualcast+1","Sweeping Beam","Go for the Eyes","Amplify","Conserve Battery","Self Repair","Auto Shields","Fusion","Sweeping Beam+1","Capacitor","Chill"],"relics":["Cracked Core","Turnip","WingedGreaves","Molten Egg 2"],"potions_floor_usage":[6],"damage_taken":[{"damage":0,"enemies":"2 Louse","floor":1,"turns":3},{"damage":0,"enemies":"Small Slimes","floor":3,"turns":3},{"damage":46,"enemies":"Lagavulin","floor":6,"turns":8},{"damage":0,"enemies":"Cultist","floor":8,"turns":3},{"damage":6,"enemies":"Large Slime","floor":10,"turns":6},{"damage":28,"enemies":"Gremlin Nob","floor":11,"turns":4},{"damage":12,"enemies":"Exordium Wildlife","floor":12,"turns":6},{"damage":47,"enemies":"Slime Boss","floor":16,"turns":7}],"seed_played":"5378201605677780589","potions_obtained":[{"floor":3,"key":"Poison Potion"},{"floor":6,"key":"Fruit Juice"},{"floor":10,"key":"Strength Potion"},{"floor":11,"key":"SneckoOil"}],"is_trial":false,"path_per_floor":["M","?","M","$","?","E","R","M","T","M","E","M","?","$","R","B"],"character_chosen":"DEFECT","items_purchased":["Capacitor","Chill"],"campfire_rested":1,"item_purchase_floors":[14,14],"current_hp_per_floor":[75,80,80,80,80,39,39,39,39,40,19,14,14,14,39,0],"gold":57,"neow_bonus":"ONE_RARE_RELIC","is_prod":false,"is_daily":false,"chose_seed":false,"campfire_upgraded":1,"win_rate":0,"timestamp":1554780841,"path_taken":["M","?","M","$","?","E","R","?","T","M","E","M","?","?","R","BOSS"],"build_version":"2019-01-23","purchased_purges":1,"victory":false,"max_hp_per_floor":[75,80,80,80,80,85,85,85,85,85,85,85,85,85,85,85],"card_choices":[{"not_picked":["Tempest","Steam"],"picked":"Sweeping Beam","floor":1},{"not_picked":["Hologram","Turbo"],"picked":"Go for the Eyes","floor":3},{"not_picked":["Rebound","Steam"],"picked":"Conserve Battery","floor":6},{"not_picked":["Redo","Streamline"],"picked":"Self Repair","floor":8},{"not_picked":["Turbo","Go for the Eyes"],"picked":"Auto Shields","floor":10},{"not_picked":["Beam Cell","Force Field"],"picked":"Fusion","floor":11},{"not_picked":["Meteor Strike+1","Conserve Battery"],"picked":"Sweeping Beam+1","floor":12}],"player_experience":118097,"relics_obtained":[{"floor":6,"key":"WingedGreaves"},{"floor":11,"key":"Molten Egg 2"}],"event_choices":[{"damage_healed":0,"gold_gain":0,"player_choice":"Donut","damage_taken":0,"max_hp_gain":5,"max_hp_loss":0,"event_name":"Big Fish","floor":2,"gold_loss":0},{"damage_healed":0,"gold_gain":0,"player_choice":"1 cards matched","damage_taken":0,"max_hp_gain":0,"max_hp_loss":0,"event_name":"Match and Keep!","floor":5,"gold_loss":0,"cards_obtained":["Amplify"]},{"damage_healed":0,"gold_gain":0,"player_choice":"Ignored","damage_taken":0,"max_hp_gain":0,"max_hp_loss":0,"event_name":"Liars Game","floor":13,"gold_loss":0}],"is_beta":false,"boss_relics":[],"items_purged_floors":[4],"is_endless":false,"potions_floor_spawned":[3,6,10,11],"killed_by":"Slime Boss","ascension_level":0}