{"gold_per_floor":[114,114,128,128,144,144,162,28,28,28,44,55,55,67,67,141,141,154,154,14,14,24,24],"floor_reached":23,"playtime":1026,"items_purged":["Strike_G"],"score":366,"play_id":"e4bdf26c-04c2-47a2-a4cf-c94e44a8b93b","local_time":"20190426225043","is_ascension_mode":true,"campfire_choices":[{"data":"Well Laid Plans","floor":6,"key":"SMITH"},{"floor":15,"key":"REST"}],"neow_cost":"PERCENT_DAMAGE","seed_source_timestamp":86835996638900,"circlet_count":0,"master_deck":["AscendersBane","Defend_G","Defend_G","Defend_G","Defend_G","Defend_G","Strike_G","Strike_G","Strike_G","Survivor","Neutralize+1","Dagger Throw","Well Laid Plans+1","Quick Slash","Cloak And Dagger","Flying Knee","After Image","Noxious Fumes+1","Burst","PiercingWail","Leg Sweep","Outmaneuver"],"relics":["Ring of the Snake","Pocketwatch","Letter Opener","Snecko Eye","Enchiridion","MutagenicStrength"],"potions_floor_usage":[18,22,23],"damage_taken":[{"damage":5,"enemies":"Small Slimes","floor":1,"turns":5},{"damage":0,"enemies":"Jaw Worm","floor":3,"turns":4},{"damage":0,"enemies":"Cultist","floor":5,"turns":3},{"damage":27,"enemies":"Exordium Thugs","floor":7,"turns":7},{"damage":2,"enemies":"2 Fungi Beasts","floor":11,"turns":3},{"damage":0,"enemies":"Blue Slaver","floor":12,"turns":4},{"damage":0,"enemies":"Large Slime","floor":14,"turns":5},{"damage":13,"enemies":"The Guardian","floor":16,"turns":12},{"damage":10,"enemies":"3 Byrds","floor":18,"turns":5},{"damage":4,"enemies":"Spheric Guardian","floor":22,"turns":10},{"damage":26,"enemies":"Book of Stabbing","floor":23,"turns":5}],"seed_played":"-8328501209109802096","potions_obtained":[{"floor":5,"key":"SkillPotion"},{"floor":11,"key":"Block Potion"},{"floor":22,"key":"SneckoOil"}],"is_trial":false,"path_per_floor":["M","?","M","?","M","R","M","$","T","?","M","M","?","M","R","B",null,"M","?","$","?","M","E"],"character_chosen":"THE_SILENT","items_purchased":["Flying Knee","Leg Sweep","Outmaneuver"],"campfire_rested":1,"item_purchase_floors":[8,20,20],"current_hp_per_floor":[39,32,32,32,32,32,5,5,5,27,25,25,25,25,44,31,57,47,26,26,26,22,0],"gold":24,"neow_bonus":"ONE_RARE_RELIC","is_prod":false,"is_daily":false,"chose_seed":false,"campfire_upgraded":1,"win_rate":0,"timestamp":1556311843,"path_taken":["M","?","M","?","M","R","M","$","T","?","?","M","?","M","R","BOSS","M","?","$","?","M","E"],"build_version":"2019-01-23","purchased_purges":1,"victory":false,"max_hp_per_floor":[66,66,66,66,66,66,66,66,66,66,66,66,66,66,66,66,66,66,66,66,66,66,66],"card_choices":[{"not_picked":["Slice","Setup"],"picked":"Dagger Throw","floor":1},{"not_picked":["Sucker Punch","Concentrate"],"picked":"Well Laid Plans","floor":3},{"not_picked":["Reflex","Masterful Stab"],"picked":"Quick Slash","floor":5},{"not_picked":["Outmaneuver","Dagger Spray"],"picked":"Cloak And Dagger","floor":7},{"not_picked":["Outmaneuver","Dagger Spray"],"picked":"After Image","floor":11},{"not_picked":["Flying Knee","Caltrops"],"picked":"Noxious Fumes","floor":12},{"not_picked":["Distraction","Poisoned Stab","Flechettes"],"picked":"SKIP","floor":14},{"not_picked":["Storm of Steel","Glass Knife"],"picked":"Burst","floor":16},{"not_picked":["Poisoned Stab","Choke"],"picked":"PiercingWail","floor":18},{"not_picked":["Dagger Spray","Dagger Throw","Sucker Punch"],"picked":"SKIP","floor":22}],"player_experience":606742,"relics_obtained":[{"floor":9,"key":"Letter Opener"},{"floor":19,"key":"Enchiridion"}],"event_choices":[{"cards_removed":["Strike_G"],"damage_healed":0,"gold_gain":0,"player_choice":"Card Removal","damage_taken":7,"max_hp_gain":0,"max_hp_loss":0,"event_name":"Golden Wing","floor":2,"gold_loss":0},{"damage_healed":0,"gold_gain":0,"player_choice":"Grow","damage_taken":0,"max_hp_gain":0,"max_hp_loss":0,"event_name":"Living Wall","floor":4,"gold_loss":0,"cards_upgraded":["Neutralize"]},{"damage_healed":22,"gold_gain":0,"player_choice":"Banana","damage_taken":0,"max_hp_gain":0,"max_hp_loss":0,"event_name":"Big Fish","floor":10,"gold_loss":0},{"damage_healed":0,"gold_gain":0,"player_choice":"Upgraded","damage_taken":0,"max_hp_gain":0,"max_hp_loss":0,"event_name":"Upgrade Shrine","floor":13,"gold_loss":0,"cards_upgraded":["Noxious Fumes"]},{"damage_healed":0,"gold_gain":0,"player_choice":"Obtained Book","damage_taken":21,"max_hp_gain":0,"max_hp_loss":0,"event_name":"Cursed Tome","floor":19,"gold_loss":0},{"damage_healed":0,"gold_gain":0,"player_choice":"Inject Mutagens","damage_taken":0,"relics_obtained":["MutagenicStrength"],"max_hp_gain":0,"max_hp_loss":0,"event_name":"Drug Dealer","floor":21,"gold_loss":0}],"is_beta":false,"boss_relics":[{"not_picked":["Velvet Choker","Tiny House"],"picked":"Snecko Eye"}],"items_purged_floors":[8],"is_endless":false,"potions_floor_spawned":[5,11,14,22],"killed_by":"Book of Stabbing","ascension_level":20}