{"gold_per_floor":[113,127,137,62,62,62,94,107,188,113,126,126,126,152,152,250,250,269,286,286,5,5,5,16,16,39,71,71,86,49,83,83,185,185,202,215,241,141,160,160,187,187,234,234,249,49,80,94,94,94,94,94,21,46,46],"floor_reached":56,"playtime":4073,"items_purged":["Strike_G","Strike_G+1","Strike_G+1"],"score":1766,"play_id":"cbc16d06-ea11-4fe6-b17e-2661b3cf23b5","local_time":"20190430211252","is_ascension_mode":true,"campfire_choices":[{"data":"Noxious Fumes","floor":6,"key":"SMITH"},{"data":"Noxious Fumes","floor":12,"key":"SMITH"},{"data":"Adrenaline","floor":15,"key":"SMITH"},{"data":"Noxious Fumes","floor":23,"key":"SMITH"},{"data":"Leg Sweep","floor":28,"key":"SMITH"},{"data":"Caltrops","floor":32,"key":"SMITH"},{"floor":40,"key":"REST"},{"floor":42,"key":"RECALL"},{"floor":49,"key":"REST"},{"floor":52,"key":"REST"}],"neow_cost":"NONE","seed_source_timestamp":347100161213636,"circlet_count":0,"master_deck":["AscendersBane","Defend_G+1","Defend_G+1","Defend_G+1","Defend_G+1","Defend_G+1","Strike_G+1","Strike_G+1","Survivor+1","Neutralize+1","Cloak And Dagger","Noxious Fumes+1","Escape Plan+1","Noxious Fumes+1","Adrenaline+1","Leg Sweep+1","Blur+1","Noxious Fumes+1","PiercingWail+1","Caltrops+1","Dodge and Roll+1"],"relics":["Ring of the Snake","Nunchaku","Potion Belt","Bottled Lightning","Ancient Tea Set","Runic Pyramid","TwistedFunnel","Oddly Smooth Stone","WingedGreaves","PreservedInsect","Velvet Choker","Ornamental Fan","War Paint","Mercury Hourglass","Strawberry","Bag of Preparation"],"potions_floor_usage":[14,18,31,33,50,54,55,55,55],"damage_taken":[{"damage":2,"enemies":"Jaw Worm","floor":1,"turns":6},{"damage":0,"enemies":"Small Slimes","floor":2,"turns":3},{"damage":1,"enemies":"2 Louse","floor":3,"turns":4},{"damage":22,"enemies":"3 Sentries","floor":7,"turns":6},{"damage":0,"enemies":"Blue Slaver","floor":8,"turns":4},{"damage":0,"enemies":"Looter","floor":11,"turns":4},{"damage":20,"enemies":"Gremlin Nob","floor":14,"turns":4},{"damage":8,"enemies":"Hexaghost","floor":16,"turns":11},{"damage":4,"enemies":"2 Thieves","floor":18,"turns":5},{"damage":5,"enemies":"3 Byrds","floor":19,"turns":5},{"damage":0,"enemies":"Snake Plant","floor":24,"turns":5},{"damage":0,"enemies":"Book of Stabbing","floor":27,"turns":7},{"damage":0,"enemies":"Cultist and Chosen","floor":29,"turns":7},{"damage":3,"enemies":"Slavers","floor":31,"turns":4},{"damage":9,"enemies":"Collector","floor":33,"turns":9},{"damage":0,"enemies":"3 Shapes","floor":35,"turns":4},{"damage":6,"enemies":"3 Darklings","floor":36,"turns":6},{"damage":14,"enemies":"Transient","floor":39,"turns":5},{"damage":11,"enemies":"Reptomancer","floor":41,"turns":7},{"damage":0,"enemies":"Writhing Mass","floor":45,"turns":7},{"damage":0,"enemies":"Giant Head","floor":47,"turns":10},{"damage":2,"enemies":"4 Shapes","floor":48,"turns":4},{"damage":8,"enemies":"Awakened One","floor":50,"turns":20},{"damage":17,"enemies":"Shield and Spear","floor":54,"turns":7},{"damage":54,"enemies":"The Heart","floor":55,"turns":10}],"seed_played":"-8884514620042528278","potions_obtained":[{"floor":2,"key":"Poison Potion"},{"floor":8,"key":"Poison Potion"},{"floor":11,"key":"Energy Potion"},{"floor":18,"key":"PowerPotion"},{"floor":24,"key":"Block Potion"},{"floor":31,"key":"Fruit Juice"},{"floor":41,"key":"EssenceOfSteel"},{"floor":47,"key":"Block Potion"},{"floor":48,"key":"Dexterity Potion"}],"is_trial":false,"path_per_floor":["M","M","M","$","?","R","E","M","T","$","M","R","?","E","R","B",null,"M","M","?","$","?","R","M","?","T","E","R","M","$","E","R","B",null,"M","M","T","$","M","R","E","R","T","?","M","$","E","M","R","B",null,"R","$","E","B",null],"character_chosen":"THE_SILENT","items_purchased":["Noxious Fumes","TwistedFunnel","Noxious Fumes","Caltrops","Ancient Potion","GhostInAJar"],"campfire_rested":3,"item_purchase_floors":[4,21,21,30,46,53],"current_hp_per_floor":[61,61,60,60,57,57,35,35,35,35,35,35,58,38,38,30,60,56,51,51,51,51,51,51,51,51,51,51,51,51,53,53,44,67,67,61,61,61,47,69,58,58,58,58,58,58,65,63,82,74,80,82,82,65,11],"gold":46,"neow_bonus":"UPGRADE_CARD","is_prod":false,"is_daily":false,"chose_seed":false,"campfire_upgraded":6,"win_rate":0,"timestamp":1556651572,"path_taken":["M","M","M","$","?","R","E","M","T","$","M","R","?","E","R","BOSS","M","M","?","$","?","R","M","?","T","E","R","?","$","E","R","BOSS","M","M","?","$","M","R","E","R","T","?","M","$","E","?","R","BOSS","R","$","E","BOSS"],"build_version":"2019-01-23","purchased_purges":3,"victory":true,"max_hp_per_floor":[70,70,70,70,70,70,70,70,70,70,70,70,70,70,70,70,70,70,70,70,70,70,70,70,70,70,70,70,70,70,75,75,75,75,75,75,75,75,75,75,75,75,75,75,75,75,82,82,82,82,82,82,82,82,82],"card_choices":[{"not_picked":["Slice","Bane"],"picked":"Cloak And Dagger","floor":1},{"not_picked":["PiercingWail","Dodge and Roll"],"picked":"Noxious Fumes","floor":2},{"not_picked":["Bane","Eviscerate"],"picked":"Escape Plan","floor":3},{"not_picked":["Outmaneuver","Deadly Poison"],"picked":"Adrenaline","floor":7},{"not_picked":["Poisoned Stab","Quick Slash","Dagger Spray"],"picked":"SKIP","floor":8},{"not_picked":["Bane","Prepared"],"picked":"Leg Sweep","floor":11},{"not_picked":["Sucker Punch","Riddle With Holes","Bane"],"picked":"SKIP","floor":14},{"not_picked":["Setup+1","Riddle With Holes","Sucker Punch+1"],"picked":"SKIP","floor":18},{"not_picked":["Flechettes","Setup"],"picked":"Blur+1","floor":19},{"not_picked":["Riddle With Holes+1","Blade Dance+1","Calculated Gamble"],"picked":"SKIP","floor":24},{"not_picked":["Endless Agony+1","Acrobatics","Concentrate"],"picked":"SKIP","floor":27},{"not_picked":["Deflect","Choke"],"picked":"PiercingWail+1","floor":29},{"not_picked":["Calculated Gamble","Quick Slash","Blade Dance"],"picked":"SKIP","floor":31},{"not_picked":["Quick Slash","Flying Knee","Flechettes"],"picked":"SKIP","floor":35},{"not_picked":["Sucker Punch","Eviscerate+1","Infinite Blades+1"],"picked":"SKIP","floor":36},{"not_picked":["Acrobatics","Calculated Gamble","Sucker Punch"],"picked":"SKIP","floor":39},{"not_picked":["Calculated Gamble","Underhanded Strike+1","Masterful Stab+1"],"picked":"SKIP","floor":41},{"not_picked":["Predator","Cloak And Dagger"],"picked":"Dodge and Roll+1","floor":45},{"not_picked":["Tactician+1","Backflip","Skewer+1"],"picked":"SKIP","floor":47},{"not_picked":["Cloak And Dagger","Deflect","Backflip"],"picked":"SKIP","floor":48},{"not_picked":["Flying Knee","Predator+1","Cloak And Dagger"],"picked":"SKIP","floor":54}],"player_experience":516478,"relics_obtained":[{"floor":7,"key":"Potion Belt"},{"floor":9,"key":"Bottled Lightning"},{"floor":14,"key":"Ancient Tea Set"},{"floor":26,"key":"Oddly Smooth Stone"},{"floor":27,"key":"WingedGreaves"},{"floor":31,"key":"PreservedInsect"},{"floor":41,"key":"Ornamental Fan"},{"floor":43,"key":"War Paint"},{"floor":47,"key":"Strawberry"},{"floor":54,"key":"Bag of Preparation"}],"event_choices":[{"damage_healed":0,"gold_gain":0,"player_choice":"Success","damage_taken":3,"relics_obtained":["Nunchaku"],"max_hp_gain":0,"max_hp_loss":0,"event_name":"Scrap Ooze","floor":5,"gold_loss":0},{"damage_healed":23,"gold_gain":0,"player_choice":"Banana","damage_taken":0,"max_hp_gain":0,"max_hp_loss":0,"event_name":"Big Fish","floor":13,"gold_loss":0},{"damage_healed":0,"gold_gain":0,"player_choice":"Simplicity","damage_taken":0,"max_hp_gain":0,"max_hp_loss":0,"event_name":"Back to Basics","floor":20,"gold_loss":0,"cards_upgraded":["Defend_G","Defend_G","Defend_G","Defend_G","Defend_G","Strike_G","Strike_G","Strike_G","Strike_G"]},{"damage_healed":0,"gold_gain":0,"player_choice":"Ignored","damage_taken":0,"max_hp_gain":0,"max_hp_loss":0,"event_name":"N\u0027loth","floor":25,"gold_loss":0},{"damage_healed":0,"gold_gain":0,"player_choice":"Gave Potion","damage_taken":0,"relics_obtained":["Mercury Hourglass"],"max_hp_gain":0,"max_hp_loss":0,"event_name":"WeMeetAgain","floor":44,"gold_loss":0}],"is_beta":false,"boss_relics":[{"not_picked":["Tiny House","Lizard Tail"],"picked":"Runic Pyramid"},{"not_picked":["Calling Bell","Ring of the Serpent"],"picked":"Velvet Choker"}],"items_purged_floors":[10,38,46],"is_endless":false,"potions_floor_spawned":[2,8,11,18,24,31,41,47,48],"ascension_level":11}