{"gold_per_floor":[114,55,130,148,159,159,84,84,132,146,180,199,213,246,246,321,321,331,94,104,104],"floor_reached":21,"playtime":820,"items_purged":["Strike_R"],"score":382,"play_id":"5e52ba30-7224-44e7-ab7c-34c3a7ddd595","local_time":"20190429005944","is_ascension_mode":true,"campfire_choices":[{"data":"Armaments","floor":6,"key":"SMITH"},{"data":"Inflame","floor":8,"key":"SMITH"},{"data":"Metallicize","floor":15,"key":"SMITH"}],"neow_cost":"TEN_PERCENT_HP_LOSS","seed_source_timestamp":267588311298500,"circlet_count":0,"master_deck":["AscendersBane","Strike_R","Strike_R","Strike_R","Defend_R","Defend_R","Defend_R","Defend_R","Bash","Flash of Steel","Blind","Armaments+1","Anger","Inflame+1","Spot Weakness","Impervious","Metallicize+1","Shockwave","True Grit","Demon Form","Pommel Strike+1"],"relics":["Burning Blood","Anchor","Ornamental Fan","Kunai","Philosopher\u0027s Stone","Vajra"],"potions_floor_usage":[18,18,21],"damage_taken":[{"damage":7,"enemies":"Jaw Worm","floor":1,"turns":4},{"damage":0,"enemies":"Small Slimes","floor":4,"turns":2},{"damage":0,"enemies":"2 Louse","floor":5,"turns":2},{"damage":0,"enemies":"Blue Slaver","floor":10,"turns":2},{"damage":7,"enemies":"Lagavulin","floor":11,"turns":7},{"damage":0,"enemies":"Exordium Wildlife","floor":12,"turns":5},{"damage":7,"enemies":"Exordium Thugs","floor":13,"turns":5},{"damage":20,"enemies":"3 Sentries","floor":14,"turns":8},{"damage":22,"enemies":"The Guardian","floor":16,"turns":11},{"damage":35,"enemies":"3 Byrds","floor":18,"turns":6},{"damage":25,"enemies":"Spheric Guardian","floor":20,"turns":7},{"damage":28,"enemies":"Masked Bandits","floor":21,"turns":3}],"seed_played":"-2664596083936969194","potions_obtained":[{"floor":1,"key":"Regen Potion"},{"floor":5,"key":"Energy Potion"},{"floor":14,"key":"PowerPotion"},{"floor":18,"key":"GamblersBrew"}],"is_trial":false,"path_per_floor":["M","$","?","M","M","R","?","R","T","M","E","M","M","E","R","B",null,"M","$","M","?"],"character_chosen":"IRONCLAD","items_purchased":["Anger","Vajra"],"campfire_rested":0,"item_purchase_floors":[2,19],"current_hp_per_floor":[67,67,56,62,68,68,68,68,68,68,67,68,67,53,53,37,60,45,45,26,0],"gold":104,"neow_bonus":"RANDOM_COLORLESS_2","is_prod":false,"is_daily":false,"chose_seed":false,"campfire_upgraded":3,"win_rate":0,"timestamp":1556492384,"path_taken":["M","$","?","M","M","R","?","R","T","M","E","M","M","E","R","BOSS","M","$","M","?"],"build_version":"2019-01-23","purchased_purges":1,"victory":false,"max_hp_per_floor":[68,68,68,68,68,68,68,68,68,68,68,68,68,68,68,68,68,68,68,68,68],"card_choices":[{"not_picked":["Seeing Red","Entrench"],"picked":"Armaments","floor":1},{"not_picked":["Anger","Flex"],"picked":"Inflame","floor":4},{"not_picked":["Havoc","Perfected Strike"],"picked":"Spot Weakness","floor":5},{"not_picked":["Searing Blow","Body Slam","Pommel Strike"],"picked":"SKIP","floor":10},{"not_picked":["Reckless Charge","Armaments"],"picked":"Impervious","floor":11},{"not_picked":["Warcry","Sever Soul"],"picked":"Metallicize","floor":12},{"not_picked":["Iron Wave","Flex"],"picked":"Shockwave","floor":13},{"not_picked":["Armaments","Twin Strike"],"picked":"True Grit","floor":14},{"not_picked":["Impervious","Fiend Fire"],"picked":"Demon Form","floor":16},{"not_picked":["Rampage","Clash","Intimidate"],"picked":"SKIP","floor":18},{"not_picked":["Iron Wave","Perfected Strike"],"picked":"Pommel Strike+1","floor":20}],"player_experience":613928,"relics_obtained":[{"floor":9,"key":"Anchor"},{"floor":11,"key":"Ornamental Fan"},{"floor":14,"key":"Kunai"}],"event_choices":[{"damage_healed":0,"gold_gain":75,"player_choice":"Gather Gold","damage_taken":11,"max_hp_gain":0,"max_hp_loss":0,"event_name":"World of Goop","floor":3,"gold_loss":0},{"cards_removed":["Strike_R"],"damage_healed":0,"gold_gain":0,"player_choice":"Card Removal","damage_taken":0,"max_hp_gain":0,"max_hp_loss":0,"event_name":"The Cleric","floor":7,"gold_loss":75},{"damage_healed":0,"gold_gain":0,"player_choice":"Fought Bandits","damage_taken":0,"max_hp_gain":0,"max_hp_loss":0,"event_name":"Masked Bandits","floor":21,"gold_loss":0}],"is_beta":false,"boss_relics":[{"not_picked":["Eternal Feather","Runic Cube"],"picked":"Philosopher\u0027s Stone"}],"items_purged_floors":[19],"is_endless":false,"potions_floor_spawned":[1,5,14,16,18],"killed_by":"Masked Bandits","ascension_level":20}