{"gold_per_floor":[214,226,145,162,162,162,173,173,198,148,148,158,158,171,171,274,274,291,291,291,14,26,58,58,86,86,86,86,102,102,17,17,17],"floor_reached":33,"playtime":1585,"items_purged":["Writhe"],"score":352,"play_id":"cb9f6385-87a4-4319-817d-a10edf9977b1","local_time":"20181016215856","is_ascension_mode":true,"campfire_choices":[{"data":"Inflame","floor":6.0,"key":"SMITH"},{"data":"Spot Weakness","floor":8.0,"key":"SMITH"},{"data":"Spot Weakness","floor":13.0,"key":"SMITH"},{"floor":15.0,"key":"REST"},{"floor":24,"key":"REST"},{"floor":28,"key":"REST"},{"floor":30,"key":"REST"},{"floor":32,"key":"REST"}],"neow_cost":"NONE","seed_source_timestamp":0,"circlet_count":0,"master_deck":["Strike_R","Strike_R","Strike_R","Defend_R+1","Defend_R","Defend_R","Defend_R","Bash","Flex+1","Inflame+1","Spot Weakness+1","Wild Strike","Spot Weakness+1","Body Slam","Wild Strike","Ghostly Armor","Shrug It Off+1","Rage+1","Whirlwind"],"special_seed":0,"relics":["Burning Blood","Strawberry","Fusion Hammer","Lantern","Happy Flower","Red Skull","Paper Frog","Oddly Smooth Stone"],"potions_floor_usage":[18,23,27,33,33,33],"damage_taken":[{"damage":1.0,"enemies":"Cultist","floor":1.0,"turns":3.0},{"damage":3.0,"enemies":"2 Louse","floor":2.0,"turns":3.0},{"damage":19.0,"enemies":"Small Slimes","floor":4.0,"turns":4.0},{"damage":17.0,"enemies":"Looter","floor":7.0,"turns":3.0},{"damage":8.0,"enemies":"Blue Slaver","floor":12.0,"turns":2.0},{"damage":19.0,"enemies":"2 Fungi Beasts","floor":14.0,"turns":3.0},{"damage":46.0,"enemies":"Slime Boss","floor":16.0,"turns":10.0},{"damage":11,"enemies":"3 Byrds","floor":18,"turns":3},{"damage":33,"enemies":"2 Thieves","floor":22,"turns":4},{"damage":44,"enemies":"Slavers","floor":23,"turns":6},{"damage":7,"enemies":"Gremlin Leader","floor":25,"turns":5},{"damage":24,"enemies":"Book of Stabbing","floor":27,"turns":4},{"damage":38,"enemies":"Snecko","floor":29,"turns":6},{"damage":98,"enemies":"Champ","floor":33,"turns":10}],"seed_played":"-5020824779043190592","potions_obtained":[{"floor":1.0,"key":"LiquidBronze"},{"floor":7.0,"key":"SpeedPotion"},{"floor":12.0,"key":"SteroidPotion"},{"floor":22,"key":"SteroidPotion"},{"floor":25,"key":"SmokeBomb"},{"floor":29,"key":"Block Potion"}],"is_trial":false,"path_per_floor":["M","M","$","M","$","R","M","R","T","?","?","M","R","M","R","B",null,"M","?","?","$","M","E","R","E","T","E","R","M","R","$","R"],"character_chosen":"IRONCLAD","items_purchased":["Inflame","Happy Flower","Wild Strike","Whirlwind","Swift Potion"],"campfire_rested":5,"item_purchase_floors":[3,21,21,31,31],"current_hp_per_floor":[80,80,80,67,67,67,56,56,63,63,46,44,44,31,57,17,87,82,82,82,82,55,17,43,42,42,24,50,18,44,44,70,0],"gold":17,"neow_bonus":"HUNDRED_GOLD","is_prod":false,"is_daily":false,"chose_seed":false,"campfire_upgraded":3,"win_rate":0,"timestamp":1539719936,"path_taken":["M","?","$","M","$","R","M","R","T","?","?","M","R","M","R","BOSS","M","?","?","$","?","E","R","E","T","E","R","M","R","$","R","BOSS"],"build_version":"2018-10-11","purchased_purges":1,"victory":false,"max_hp_per_floor":[80,80,80,80,80,80,80,80,87,87,87,87,87,87,87,87,87,87,87,87,87,87,87,87,87,87,87,87,87,87,87,87,87],"card_choices":[{"not_picked":["Dropkick","Heavy Blade"],"picked":"Flex","floor":1.0},{"not_picked":["Blood for Blood","Havoc","Dropkick"],"picked":"SKIP","floor":2.0},{"not_picked":["Hemokinesis","Wild Strike"],"picked":"Spot Weakness","floor":4.0},{"not_picked":["Headbutt","Pommel Strike"],"picked":"Wild Strike","floor":7.0},{"not_picked":["Burning Pact","Second Wind"],"picked":"Spot Weakness","floor":12.0},{"not_picked":["Clothesline","Shockwave"],"picked":"Body Slam","floor":14.0},{"not_picked":["Warcry+1","Fire Breathing+1","Rupture+1"],"picked":"SKIP","floor":18},{"not_picked":["Pummel","Infernal Blade"],"picked":"Ghostly Armor","floor":22},{"not_picked":["Whirlwind","Headbutt"],"picked":"Shrug It Off+1","floor":23},{"not_picked":["Sentinel","Rupture+1"],"picked":"Rage+1","floor":25},{"not_picked":["Armaments","Wild Strike","Thunderclap"],"picked":"SKIP","floor":29}],"player_experience":200851,"relics_obtained":[{"floor":9.0,"key":"Strawberry"},{"floor":23,"key":"Red Skull"},{"floor":25,"key":"Paper Frog"},{"floor":26,"key":"Oddly Smooth Stone"}],"event_choices":[{"event_name":"The Cleric","player_choice":"Card Removal","floor":10.0,"damage_taken":0.0},{"event_name":"Shining Light","player_choice":"Entered Light","floor":11.0,"damage_taken":0.0},{"event_name":"Back to Basics","player_choice":"Elegance","floor":19,"damage_taken":0},{"event_name":"The Mausoleum","player_choice":"Yes","floor":20,"damage_taken":0}],"is_beta":false,"boss_relics":[{"not_picked":["Philosopher\u0027s Stone","Runic Cube"],"picked":"Fusion Hammer"}],"items_purged_floors":[21],"is_endless":false,"potions_floor_spawned":[1,7,12,22,25,29],"killed_by":"Champ","ascension_level":4}