{"gold_per_floor":[121,133,165,193,205,236,248,275,287,299,311,339,364,395,407,419],"floor_reached":16,"playtime":651,"items_purged":[],"score":130,"play_id":"e130999d-d289-4072-8c9d-0004e0d943fb","local_time":"20190103115644","is_ascension_mode":true,"campfire_choices":[{"data":"Streamline","floor":7,"key":"SMITH"},{"data":"Dualcast","floor":11,"key":"SMITH"},{"data":"Barrage","floor":15,"key":"SMITH"}],"neow_cost":"NONE","seed_source_timestamp":128981028779990,"circlet_count":0,"master_deck":["Strike_B","Strike_B","Strike_B","Strike_B","Defend_B","Defend_B","Defend_B","Defend_B","Zap+1","Dualcast+1","Genetic Algorithm","BootSequence","Double Energy","Streamline+1","Ball Lightning","Barrage+1","Undo","Coolheaded","Self Repair"],"relics":["Cracked Core","MawBank","Prayer Wheel","Golden Idol"],"potions_floor_usage":[13,16,16],"damage_taken":[{"damage":1,"enemies":"2 Louse","floor":1,"turns":2},{"damage":11,"enemies":"Jaw Worm","floor":3,"turns":3},{"damage":1,"enemies":"Cultist","floor":4,"turns":4},{"damage":12,"enemies":"Lots of Slimes","floor":6,"turns":5},{"damage":0,"enemies":"3 Louse","floor":8,"turns":3},{"damage":8,"enemies":"Blue Slaver","floor":12,"turns":3},{"damage":0,"enemies":"Lots of Slimes","floor":13,"turns":4},{"damage":0,"enemies":"3 Louse","floor":14,"turns":4},{"damage":45,"enemies":"Hexaghost","floor":16,"turns":9}],"seed_played":"2139738822980457586","potions_obtained":[{"floor":1,"key":"Ancient Potion"},{"floor":4,"key":"Poison Potion"},{"floor":12,"key":"PowerPotion"},{"floor":14,"key":"GamblersBrew"}],"is_trial":false,"path_per_floor":["M","?","M","M","?","M","R","M","T","?","R","M","M","M","R","B"],"character_chosen":"DEFECT","items_purchased":[],"campfire_rested":0,"item_purchase_floors":[],"current_hp_per_floor":[67,67,56,55,55,43,43,43,43,43,43,35,35,42,42,0],"gold":419,"neow_bonus":"RANDOM_COMMON_RELIC","is_prod":false,"is_daily":false,"chose_seed":false,"campfire_upgraded":3,"win_rate":0,"timestamp":1546484204,"path_taken":["M","?","M","M","?","M","R","M","T","?","R","?","M","?","R","BOSS"],"build_version":"2018-12-20","purchased_purges":0,"victory":false,"max_hp_per_floor":[75,75,75,75,75,75,75,75,75,69,69,69,69,69,69,69],"card_choices":[{"not_picked":["Blizzard","Darkness"],"picked":"Genetic Algorithm","floor":1},{"not_picked":["Redo","Beam Cell"],"picked":"BootSequence","floor":3},{"not_picked":["Redo","Gash"],"picked":"Double Energy","floor":4},{"not_picked":["Force Field","Recycle"],"picked":"Streamline","floor":6},{"not_picked":["Stack","Lockon"],"picked":"Ball Lightning","floor":8},{"not_picked":["Conserve Battery","Streamline"],"picked":"Barrage","floor":12},{"not_picked":["Darkness","Steam Power"],"picked":"Undo","floor":12},{"not_picked":["FTL","Conserve Battery"],"picked":"Coolheaded","floor":13},{"not_picked":["Go for the Eyes","Barrage"],"picked":"Self Repair","floor":13},{"not_picked":["Gash","Genetic Algorithm","Steam"],"picked":"SKIP","floor":14},{"not_picked":["Beam Cell","Steam","Compile Driver"],"picked":"SKIP","floor":14}],"player_experience":321194,"relics_obtained":[{"floor":9,"key":"Prayer Wheel"}],"event_choices":[{"damage_healed":0,"gold_gain":0,"player_choice":"Grow","damage_taken":0,"max_hp_gain":0,"max_hp_loss":0,"event_name":"Living Wall","floor":2,"gold_loss":0,"cards_upgraded":["Zap"]},{"damage_healed":0,"gold_gain":0,"player_choice":"Ignored","damage_taken":0,"max_hp_gain":0,"max_hp_loss":0,"event_name":"Liars Game","floor":5,"gold_loss":0},{"damage_healed":0,"gold_gain":0,"player_choice":"Lose Max HP","damage_taken":0,"relics_obtained":["Golden Idol"],"max_hp_gain":0,"max_hp_loss":6,"event_name":"Golden Idol","floor":10,"gold_loss":0}],"is_beta":false,"boss_relics":[],"items_purged_floors":[],"is_endless":false,"potions_floor_spawned":[1,4,12,14],"killed_by":"Hexaghost","ascension_level":7}