{"gold_per_floor":[115,127,144,194,205,205,219,219,292,303,303,379,110,129,129,220,220,241,9,59,83,83,83,83,83,110,128,128,147,163,163,163,256,256,280,31,54,68,84,123,123,123,123,123,123,123,142,142,142,142,142,142,142,17,17],"floor_reached":55,"playtime":2543,"items_purged":["Strike_B","Strike_B","Pain"],"score":1953,"play_id":"340ead71-a429-480f-a712-5ee4404bfee4","local_time":"20190509041727","is_ascension_mode":true,"campfire_choices":[{"data":"Go for the Eyes","floor":6.0,"key":"SMITH"},{"data":"Buffer","floor":8.0,"key":"SMITH"},{"data":"Defragment","floor":15.0,"key":"SMITH"},{"data":"Consume","floor":23.0,"key":"SMITH"},{"data":"Capacitor","floor":25.0,"key":"SMITH"},{"data":"Hologram","floor":32.0,"key":"SMITH"},{"floor":42.0,"key":"RECALL"},{"data":"Defragment","floor":44.0,"key":"SMITH"},{"data":"Coolheaded","floor":49.0,"key":"SMITH"},{"data":"Coolheaded","floor":53.0,"key":"SMITH"}],"neow_cost":"NONE","seed_source_timestamp":14412404823700,"circlet_count":0,"master_deck":["AscendersBane","Strike_B","Defend_B","Defend_B","Defend_B","Defend_B","Zap","Dualcast","Go for the Eyes+1","Glacier","Doom and Gloom","Chill","Buffer+1","Defragment+1","Capacitor+1","FTL","Echo Form","Consume+1","Capacitor","Coolheaded+1","Fusion","Coolheaded","Hologram+1","Electrodynamics","Coolheaded+1","Meteor Strike","Meteor Strike","Defragment+1","Creative AI","Doubt"],"special_seed":0,"relics":["Cracked Core","Dodecahedron","Golden Idol","Runic Capacitor","Snecko Eye","Regal Pillow","Boot","Nloth\u0027s Gift","Cursed Key","Prayer Wheel"],"potions_floor_usage":[55],"damage_taken":[{"damage":0.0,"enemies":"2 Louse","floor":1.0,"turns":1.0},{"damage":0.0,"enemies":"Cultist","floor":2.0,"turns":1.0},{"damage":0.0,"enemies":"Jaw Worm","floor":3.0,"turns":1.0},{"damage":4.0,"enemies":"Blue Slaver","floor":5.0,"turns":4.0},{"damage":4.0,"enemies":"Exordium Wildlife","floor":7.0,"turns":5.0},{"damage":6.0,"enemies":"3 Louse","floor":10.0,"turns":3.0},{"damage":6.0,"enemies":"Exordium Thugs","floor":14.0,"turns":6.0},{"damage":0.0,"enemies":"Slime Boss","floor":16.0,"turns":11.0},{"damage":0.0,"enemies":"Shell Parasite","floor":18.0,"turns":6.0},{"damage":0.0,"enemies":"Chosen","floor":21.0,"turns":5.0},{"damage":23.0,"enemies":"Centurion and Healer","floor":27.0,"turns":7.0},{"damage":0.0,"enemies":"Cultist and Chosen","floor":29.0,"turns":7.0},{"damage":0.0,"enemies":"Snecko","floor":30.0,"turns":6.0},{"damage":0.0,"enemies":"Champ","floor":33.0,"turns":16.0},{"damage":18.0,"enemies":"3 Shapes","floor":35.0,"turns":5.0},{"damage":0.0,"enemies":"3 Darklings","floor":37.0,"turns":5.0},{"damage":0.0,"enemies":"Transient","floor":38.0,"turns":6.0},{"damage":0.0,"enemies":"4 Shapes","floor":39.0,"turns":3.0},{"damage":0.0,"enemies":"Giant Head","floor":40.0,"turns":11.0},{"damage":36.0,"enemies":"Jaw Worm Horde","floor":47.0,"turns":2.0},{"damage":13.0,"enemies":"Donu and Deca","floor":50.0,"turns":12.0},{"damage":50.0,"enemies":"Awakened One","floor":51.0,"turns":17.0},{"damage":54,"enemies":"Shield and Spear","floor":55,"turns":3}],"seed_played":"1305142790296700945","potions_obtained":[{"floor":2.0,"key":"AttackPotion"},{"floor":7.0,"key":"PowerPotion"},{"floor":38.0,"key":"Regen Potion"}],"is_trial":false,"path_per_floor":["M","M","M","?","M","R","M","R","T","M","?","?","$","M","R","B",null,"M","$","?","M","?","R","$","R","T","M","?","M","M","?","R","B",null,"M","$","M","M","M","E","$","R","T","R","?","?","M","?","R","B","B",null,"R","$","E"],"character_chosen":"DEFECT","items_purchased":["Runic Capacitor","Capacitor","Regal Pillow","Meteor Strike"],"campfire_rested":0,"item_purchase_floors":[13,13,19,36],"current_hp_per_floor":[64,64,64,57,53,53,49,49,49,43,43,43,43,37,37,37,57,57,57,57,57,57,57,57,57,57,34,34,34,34,34,34,34,57,39,39,39,39,39,39,39,39,39,39,39,39,8,64,64,51,1,48,48,48,0],"gold":17,"neow_bonus":"THREE_ENEMY_KILL","is_prod":false,"is_daily":false,"chose_seed":false,"campfire_upgraded":9,"win_rate":0,"timestamp":1557368247,"path_taken":["M","M","M","?","?","R","M","R","T","?","?","?","$","M","R","BOSS","M","$","?","M","?","R","?","R","T","?","?","M","M","?","R","BOSS","M","$","?","M","M","E","$","R","T","R","?","?","M","?","R","BOSS","BOSS","R","$","E"],"build_version":"2019-01-23","purchased_purges":3,"victory":false,"max_hp_per_floor":[71,71,71,71,71,71,71,71,71,71,64,64,64,64,64,64,64,64,64,64,64,64,64,64,64,64,64,64,64,64,64,64,64,64,64,64,64,64,64,64,64,64,64,64,64,64,64,64,64,64,64,64,64,64,64],"card_choices":[{"not_picked":["Compile Driver","Turbo"],"picked":"Go for the Eyes","floor":1.0},{"not_picked":["Leap","Conserve Battery"],"picked":"Glacier","floor":2.0},{"not_picked":["Hologram","Rebound"],"picked":"Doom and Gloom","floor":3.0},{"not_picked":["Aggregate","Stack"],"picked":"Chill","floor":5.0},{"not_picked":["Go for the Eyes","Static Discharge"],"picked":"Buffer","floor":7.0},{"not_picked":["Beam Cell","Doom and Gloom"],"picked":"Defragment","floor":10.0},{"not_picked":["Gash","Stack"],"picked":"FTL","floor":14.0},{"not_picked":["Multi-Cast","Buffer"],"picked":"Echo Form","floor":16.0},{"not_picked":["Compile Driver","Loop"],"picked":"Consume","floor":18.0},{"not_picked":["Static Discharge","Chill"],"picked":"Capacitor","floor":21.0},{"not_picked":["Steam Power","Barrage"],"picked":"Coolheaded","floor":27.0},{"not_picked":["Sweeping Beam","Chaos"],"picked":"Coolheaded","floor":29.0},{"not_picked":["Heatsinks","Beam Cell"],"picked":"Hologram","floor":30.0},{"not_picked":["Reboot","Amplify"],"picked":"Electrodynamics","floor":33.0},{"not_picked":["Tempest+1","Compile Driver"],"picked":"Coolheaded","floor":35.0},{"not_picked":["Leap+1","Biased Cognition","Stack"],"picked":"SKIP","floor":37.0},{"not_picked":["Melter","Coolheaded"],"picked":"Meteor Strike","floor":38.0},{"not_picked":["Steam+1","Sweeping Beam"],"picked":"Defragment","floor":39.0},{"not_picked":["Barrage","Turbo"],"picked":"Creative AI","floor":40.0},{"not_picked":["Turbo+1","Gash","Ball Lightning+1"],"picked":"SKIP","floor":47.0},{"not_picked":["Reboot","Stack","Lockon"],"picked":"SKIP","floor":47.0}],"player_experience":651975,"relics_obtained":[{"floor":9.0,"key":"Dodecahedron"},{"floor":26.0,"key":"Boot"},{"floor":40.0,"key":"Prayer Wheel"}],"event_choices":[{"damage_healed":0.0,"max_hp_gain":0.0,"max_hp_loss":0.0,"gold_gain":50.0,"event_name":"FaceTrader","player_choice":"Touch","floor":4.0,"gold_loss":0.0,"damage_taken":7.0},{"damage_healed":0.0,"max_hp_gain":0.0,"max_hp_loss":7.0,"gold_gain":0.0,"event_name":"Golden Idol","player_choice":"Lose Max HP","floor":11.0,"gold_loss":0.0,"damage_taken":0.0,"relics_obtained":["Golden Idol"]},{"damage_healed":0.0,"max_hp_gain":0.0,"max_hp_loss":0.0,"gold_gain":76.0,"event_name":"Golden Wing","player_choice":"Gained Gold","floor":12.0,"gold_loss":0.0,"damage_taken":0.0},{"damage_healed":0.0,"max_hp_gain":0.0,"max_hp_loss":0.0,"gold_gain":50.0,"event_name":"Nest","player_choice":"Stole From Cult","floor":20.0,"gold_loss":0.0,"damage_taken":0.0},{"damage_healed":0.0,"max_hp_gain":0.0,"max_hp_loss":0.0,"gold_gain":0.0,"event_name":"Vampires","player_choice":"Ignored","floor":22.0,"gold_loss":0.0,"damage_taken":0.0},{"damage_healed":0.0,"max_hp_gain":0.0,"max_hp_loss":0.0,"gold_gain":0.0,"event_name":"The Library","player_choice":"Read","floor":28.0,"gold_loss":0.0,"damage_taken":0.0,"cards_obtained":["Fusion"]},{"damage_healed":0.0,"max_hp_gain":0.0,"max_hp_loss":0.0,"gold_gain":0.0,"event_name":"N\u0027loth","player_choice":"Traded Relic","floor":31.0,"relics_lost":["NeowsBlessing"],"gold_loss":0.0,"damage_taken":0.0,"relics_obtained":["Nloth\u0027s Gift"]},{"damage_healed":0.0,"max_hp_gain":0.0,"max_hp_loss":0.0,"gold_gain":0.0,"event_name":"SensoryStone","player_choice":"Memory 1","floor":45.0,"gold_loss":0.0,"damage_taken":0.0},{"cards_removed":["Strike_B"],"damage_healed":0.0,"max_hp_gain":0.0,"max_hp_loss":0.0,"gold_gain":0.0,"event_name":"Falling","player_choice":"Removed Attack","floor":46.0,"gold_loss":0.0,"damage_taken":0.0},{"damage_healed":56.0,"max_hp_gain":0.0,"max_hp_loss":0.0,"gold_gain":0.0,"event_name":"MindBloom","player_choice":"Heal","floor":48.0,"gold_loss":0.0,"damage_taken":0.0,"cards_obtained":["Doubt"]}],"is_beta":false,"boss_relics":[{"not_picked":["Inserter","Coffee Dripper"],"picked":"Snecko Eye"},{"not_picked":["FrozenCore","Astrolabe"],"picked":"Cursed Key"}],"items_purged_floors":[19,36,54],"is_endless":false,"potions_floor_spawned":[2,7,14,27,38,40],"killed_by":"Shield and Spear","ascension_level":20}