{"gold_per_floor":[114,90,90,90,90,90,123,123,123,123,155,174,174,174,174,275,275,293,307,41,41,58,58,93,93,93,109,128,128,157,169,169,267,267,280,292,292,0,19,19,47,57,125,125,153,171,171,188,188,188],"floor_reached":51,"playtime":2535,"items_purged":["Strike_G"],"score":1292,"play_id":"7c673678-ddc9-4179-beb1-8fca14643418","local_time":"20190402202501","is_ascension_mode":true,"campfire_choices":[{"data":"Cloak And Dagger","floor":6,"key":"SMITH"},{"data":"Neutralize","floor":10,"key":"SMITH"},{"data":"Backflip","floor":13,"key":"SMITH"},{"data":"Deadly Poison","floor":15,"key":"SMITH"},{"floor":23,"key":"REST"},{"floor":25,"key":"REST"},{"data":"Corpse Explosion","floor":29,"key":"SMITH"},{"data":"Terror","floor":32,"key":"SMITH"},{"data":"Well Laid Plans","floor":40,"key":"SMITH"},{"floor":44,"key":"REST"},{"floor":49,"key":"REST"}],"neow_cost":"NONE","seed_source_timestamp":767353275097020,"circlet_count":0,"master_deck":["AscendersBane","Defend_G","Defend_G","Defend_G","Defend_G","Defend_G","Strike_G+1","Strike_G+1","Neutralize+1","Poisoned Stab+1","Cloak And Dagger+1","Backflip+1","Deadly Poison+1","Corpse Explosion+1","Well Laid Plans+1","Leg Sweep","Cloak And Dagger","Deadly Poison","Injury","Blade Dance+1","Terror+1","Burst","Crippling Poison+1","Writhe","Escape Plan+1","Dodge and Roll+1"],"relics":["Ring of the Snake","NeowsBlessing","Kunai","Ancient Tea Set","The Courier","Pocketwatch","Cursed Key","Sling","MutagenicStrength","Meat on the Bone","Art of War","Blue Candle","Black Star","Red Mask","Whetstone","Dead Branch","Ninja Scroll","Gambling Chip","Bronze Scales"],"potions_floor_usage":[16,16,33,33,36,41,41,42,50,50],"damage_taken":[{"damage":0,"enemies":"2 Louse","floor":1,"turns":1},{"damage":0,"enemies":"3 Sentries","floor":7,"turns":1},{"damage":0,"enemies":"Gremlin Nob","floor":11,"turns":1},{"damage":0,"enemies":"Small Slimes","floor":12,"turns":2},{"damage":6,"enemies":"Slime Boss","floor":16,"turns":11},{"damage":8,"enemies":"2 Thieves","floor":18,"turns":3},{"damage":26,"enemies":"3 Byrds","floor":19,"turns":3},{"damage":19,"enemies":"Sentry and Sphere","floor":22,"turns":6},{"damage":10,"enemies":"Slavers","floor":24,"turns":4},{"damage":14,"enemies":"Snake Plant","floor":27,"turns":5},{"damage":8,"enemies":"Chosen and Byrds","floor":28,"turns":6},{"damage":10,"enemies":"Book of Stabbing","floor":30,"turns":5},{"damage":12,"enemies":"Shelled Parasite and Fungi","floor":31,"turns":5},{"damage":17,"enemies":"Automaton","floor":33,"turns":10},{"damage":18,"enemies":"Orb Walker","floor":35,"turns":4},{"damage":29,"enemies":"3 Darklings","floor":36,"turns":4},{"damage":0,"enemies":"4 Shapes","floor":39,"turns":5},{"damage":49,"enemies":"Reptomancer","floor":41,"turns":7},{"damage":2,"enemies":"Maw","floor":42,"turns":7},{"damage":9,"enemies":"Nemesis","floor":45,"turns":3},{"damage":6,"enemies":"Sphere and 2 Shapes","floor":46,"turns":4},{"damage":15,"enemies":"Jaw Worm Horde","floor":48,"turns":3},{"damage":0,"enemies":"Donu and Deca","floor":50,"turns":4}],"seed_played":"-7973116673873384404","potions_obtained":[{"floor":7,"key":"Weak Potion"},{"floor":12,"key":"PowerPotion"},{"floor":22,"key":"GhostInAJar"},{"floor":27,"key":"Poison Potion"},{"floor":28,"key":"Ancient Potion"},{"floor":33,"key":"Regen Potion"},{"floor":36,"key":"Weak Potion"},{"floor":39,"key":"Regen Potion"},{"floor":41,"key":"Energy Potion"},{"floor":46,"key":"Weak Potion"}],"is_trial":false,"path_per_floor":["M","$","?","?","T","R","E","?","T","R","E","M","R","?","R","B",null,"M","M","$","?","M","R","E","R","T","M","M","R","E","M","R","B",null,"M","M","?","?","M","R","E","M","T","R","E","M","?","M","R","B",null],"character_chosen":"THE_SILENT","items_purchased":["Cloak And Dagger","Sling","Cloak And Dagger"],"campfire_rested":4,"item_purchase_floors":[2,20,20],"current_hp_per_floor":[63,63,49,42,42,42,42,42,42,42,42,42,42,42,42,36,62,54,28,28,28,9,30,20,41,41,39,43,43,45,45,45,40,63,45,40,40,40,40,40,18,28,28,49,40,46,46,43,64,64],"gold":188,"neow_bonus":"THREE_ENEMY_KILL","is_prod":false,"is_daily":false,"chose_seed":false,"campfire_upgraded":7,"win_rate":0,"timestamp":1554229501,"path_taken":["M","$","?","?","?","R","E","?","T","R","E","M","R","?","R","BOSS","M","M","$","?","M","R","E","R","T","M","M","R","E","M","R","BOSS","M","M","?","?","M","R","E","M","T","R","E","M","?","M","R","BOSS"],"build_version":"2019-01-23","purchased_purges":1,"victory":true,"max_hp_per_floor":[70,70,70,70,70,70,70,70,70,70,70,70,70,70,70,70,70,70,70,70,70,70,70,70,70,70,70,70,70,70,70,70,70,70,70,70,70,70,70,70,70,70,70,70,70,70,70,70,70,70],"card_choices":[{"not_picked":["Flying Knee","Dodge and Roll"],"picked":"Poisoned Stab","floor":1},{"not_picked":["Slice","Concentrate"],"picked":"Backflip","floor":7},{"not_picked":["Night Terror","Tactician","Grand Finale"],"picked":"SKIP","floor":11},{"not_picked":["Backflip","Flechettes","Masterful Stab"],"picked":"SKIP","floor":12},{"not_picked":["Phantasmal Killer","Storm of Steel"],"picked":"Corpse Explosion","floor":16},{"not_picked":["Quick Slash","Sucker Punch"],"picked":"Well Laid Plans","floor":18},{"not_picked":["Terror","Outmaneuver"],"picked":"Leg Sweep","floor":19},{"not_picked":["Cloak And Dagger","Sucker Punch+1"],"picked":"Deadly Poison","floor":22},{"not_picked":["Setup","Distraction+1","Masterful Stab"],"picked":"SKIP","floor":24},{"not_picked":["Terror+1","Underhanded Strike"],"picked":"Blade Dance+1","floor":27},{"not_picked":["Quick Slash","Heel Hook","Distraction"],"picked":"SKIP","floor":28},{"not_picked":["Night Terror","Cloak And Dagger","All Out Attack"],"picked":"SKIP","floor":30},{"not_picked":["Cloak And Dagger","Outmaneuver+1"],"picked":"Terror","floor":31},{"not_picked":["Unload","Glass Knife"],"picked":"Burst","floor":33},{"not_picked":["Skewer","Underhanded Strike+1","PiercingWail"],"picked":"SKIP","floor":35},{"not_picked":["Flying Knee+1","Dagger Throw","Acrobatics"],"picked":"SKIP","floor":36},{"not_picked":["Underhanded Strike+1","Bouncing Flask"],"picked":"Crippling Poison+1","floor":39},{"not_picked":["Dagger Throw+1","Underhanded Strike","Predator+1"],"picked":"SKIP","floor":41},{"not_picked":["Poisoned Stab+1","Dash","Flying Knee"],"picked":"SKIP","floor":42},{"not_picked":["Poisoned Stab+1","Dash","Flying Knee"],"picked":"SKIP","floor":42},{"not_picked":["Bullet Time","Backstab","Prepared+1"],"picked":"SKIP","floor":45},{"not_picked":["Deflect","Deadly Poison+1"],"picked":"Escape Plan+1","floor":46},{"not_picked":["Blade Dance+1","Acrobatics"],"picked":"Dodge and Roll+1","floor":48}],"player_experience":421851,"relics_obtained":[{"floor":5,"key":"Kunai"},{"floor":7,"key":"Ancient Tea Set"},{"floor":9,"key":"The Courier"},{"floor":11,"key":"Pocketwatch"},{"floor":24,"key":"Meat on the Bone"},{"floor":26,"key":"Art of War"},{"floor":30,"key":"Blue Candle"},{"floor":41,"key":"Whetstone"},{"floor":41,"key":"Dead Branch"},{"floor":43,"key":"Ninja Scroll"},{"floor":45,"key":"Gambling Chip"},{"floor":45,"key":"Bronze Scales"}],"event_choices":[{"damage_healed":0,"gold_gain":0,"player_choice":"Entered Light","damage_taken":14,"max_hp_gain":0,"max_hp_loss":0,"event_name":"Shining Light","floor":3,"gold_loss":0,"cards_upgraded":["Strike_G","Strike_G"]},{"cards_removed":["Strike_G"],"damage_healed":0,"gold_gain":0,"player_choice":"Card Removal","damage_taken":7,"max_hp_gain":0,"max_hp_loss":0,"event_name":"Golden Wing","floor":4,"gold_loss":0},{"damage_healed":0,"gold_gain":0,"player_choice":"Ignored","damage_taken":0,"max_hp_gain":0,"max_hp_loss":0,"event_name":"Liars Game","floor":8,"gold_loss":0},{"damage_healed":0,"gold_gain":0,"cards_transformed":["Strike_G"],"player_choice":"Change","damage_taken":0,"max_hp_gain":0,"max_hp_loss":0,"event_name":"Living Wall","floor":14,"gold_loss":0,"cards_obtained":["Deadly Poison"]},{"damage_healed":0,"gold_gain":0,"player_choice":"Inject Mutagens","damage_taken":0,"relics_obtained":["MutagenicStrength"],"max_hp_gain":0,"max_hp_loss":0,"event_name":"Drug Dealer","floor":21,"gold_loss":0},{"cards_removed":["Survivor"],"damage_healed":0,"gold_gain":0,"player_choice":"Removed Skill","damage_taken":0,"max_hp_gain":0,"max_hp_loss":0,"event_name":"Falling","floor":37,"gold_loss":0},{"damage_healed":0,"gold_gain":0,"player_choice":"Paid","damage_taken":0,"relics_obtained":["Red Mask"],"max_hp_gain":0,"max_hp_loss":0,"event_name":"Tomb of Lord Red Mask","floor":38,"gold_loss":292},{"damage_healed":0,"gold_gain":0,"player_choice":"Memory 1","damage_taken":0,"max_hp_gain":0,"max_hp_loss":0,"event_name":"SensoryStone","floor":47,"gold_loss":0}],"is_beta":false,"boss_relics":[{"not_picked":["White Beast Statue","Philosopher\u0027s Stone"],"picked":"Cursed Key"},{"not_picked":["Pandora\u0027s Box","Fusion Hammer"],"picked":"Black Star"}],"items_purged_floors":[20],"is_endless":false,"potions_floor_spawned":[7,12,22,27,28,33,36,39,41,46],"ascension_level":10}