{"gold_per_floor":[117,128,53,53,73,73,73,73,73,93,109,259,274,11,11,89,89,104,117,117,117,117],"floor_reached":22,"playtime":574,"items_purged":["Strike_G","Doubt"],"score":352,"play_id":"f63ce91c-028b-44df-85ad-988f6b239b28","local_time":"20190426211755","is_ascension_mode":true,"campfire_choices":[{"data":"Bouncing Flask","floor":6,"key":"SMITH"},{"data":"Neutralize","floor":8,"key":"SMITH"},{"floor":15,"key":"REST"}],"neow_cost":"TEN_PERCENT_HP_LOSS","seed_source_timestamp":81721808191300,"circlet_count":0,"master_deck":["AscendersBane","Defend_G+1","Defend_G+1","Defend_G+1","Defend_G+1","Defend_G+1","Strike_G+1","Strike_G+1","Strike_G+1","Strike_G+1","Survivor","Neutralize+1","Sucker Punch","Deadly Poison","Neutralize","Bouncing Flask+1","Pain","Backflip","Doppelganger","Bullet Time","Footwork"],"relics":["Ring of the Snake","Pocketwatch","WarpedTongs","Letter Opener","Vajra","Velvet Choker","Enchiridion"],"potions_floor_usage":[22,22],"damage_taken":[{"damage":1,"enemies":"Small Slimes","floor":1,"turns":3},{"damage":0,"enemies":"Cultist","floor":2,"turns":5},{"damage":1,"enemies":"2 Louse","floor":5,"turns":3},{"damage":9,"enemies":"Gremlin Gang","floor":10,"turns":4},{"damage":16,"enemies":"Large Slime","floor":11,"turns":4},{"damage":4,"enemies":"Looter","floor":13,"turns":4},{"damage":23,"enemies":"The Guardian","floor":16,"turns":8},{"damage":24,"enemies":"2 Thieves","floor":18,"turns":4},{"damage":1,"enemies":"Chosen","floor":19,"turns":5},{"damage":5,"enemies":"Shelled Parasite and Fungi","floor":22,"turns":1}],"seed_played":"-1312119264247411809","potions_obtained":[{"floor":10,"key":"Swift Potion"},{"floor":11,"key":"PowerPotion"},{"floor":18,"key":"PowerPotion"}],"is_trial":false,"path_per_floor":["M","M","$","?","M","R","?","R","T","M","M","?","M","$","R","B",null,"M","M","?","?","M"],"character_chosen":"THE_SILENT","items_purchased":["Vajra"],"campfire_rested":1,"item_purchase_floors":[14],"current_hp_per_floor":[58,58,58,58,57,57,57,57,57,48,32,32,28,28,46,23,51,27,26,26,5,0],"gold":117,"neow_bonus":"ONE_RARE_RELIC","is_prod":false,"is_daily":false,"chose_seed":false,"campfire_upgraded":2,"win_rate":0,"timestamp":1556306275,"path_taken":["M","M","$","?","?","R","?","R","T","M","?","?","M","$","R","BOSS","M","M","?","?","M"],"build_version":"2019-01-23","purchased_purges":2,"victory":false,"max_hp_per_floor":[60,60,60,60,60,60,60,60,60,60,60,60,60,60,60,60,60,60,60,60,60,60],"card_choices":[{"not_picked":["Bane","Slice"],"picked":"Sucker Punch","floor":1},{"not_picked":["Slice","Backflip"],"picked":"Deadly Poison","floor":2},{"not_picked":["Leg Sweep","Acrobatics"],"picked":"Bouncing Flask","floor":5},{"not_picked":["Cloak And Dagger","Distraction"],"picked":"Backflip","floor":10},{"not_picked":["Predator","Blade Dance","Prepared"],"picked":"SKIP","floor":11},{"not_picked":["Backflip","Dagger Spray"],"picked":"Doppelganger","floor":13},{"not_picked":["Storm of Steel","Wraith Form v2"],"picked":"Bullet Time","floor":16},{"not_picked":["Dagger Throw+1","Outmaneuver"],"picked":"Footwork","floor":18},{"not_picked":["Underhanded Strike","Dagger Spray","Quick Slash"],"picked":"SKIP","floor":19}],"player_experience":606168,"relics_obtained":[{"floor":9,"key":"Letter Opener"},{"floor":21,"key":"Enchiridion"}],"event_choices":[{"damage_healed":0,"gold_gain":0,"player_choice":"1 cards matched","damage_taken":0,"max_hp_gain":0,"max_hp_loss":0,"event_name":"Match and Keep!","floor":4,"gold_loss":0,"cards_obtained":["Neutralize"]},{"damage_healed":0,"gold_gain":0,"player_choice":"Rummage","damage_taken":0,"relics_obtained":["WarpedTongs"],"max_hp_gain":0,"max_hp_loss":0,"event_name":"Accursed Blacksmith","floor":7,"gold_loss":0,"cards_obtained":["Pain"]},{"damage_healed":0,"gold_gain":150,"player_choice":"AGREE","damage_taken":0,"max_hp_gain":0,"max_hp_loss":0,"event_name":"Liars Game","floor":12,"gold_loss":0,"cards_obtained":["Doubt"]},{"damage_healed":0,"gold_gain":0,"player_choice":"Simplicity","damage_taken":0,"max_hp_gain":0,"max_hp_loss":0,"event_name":"Back to Basics","floor":20,"gold_loss":0,"cards_upgraded":["Defend_G","Defend_G","Defend_G","Defend_G","Defend_G","Strike_G","Strike_G","Strike_G","Strike_G"]},{"damage_healed":0,"gold_gain":0,"player_choice":"Obtained Book","damage_taken":21,"max_hp_gain":0,"max_hp_loss":0,"event_name":"Cursed Tome","floor":21,"gold_loss":0}],"is_beta":false,"boss_relics":[{"not_picked":["Eternal Feather","Runic Dome"],"picked":"Velvet Choker"}],"items_purged_floors":[3,14],"is_endless":false,"potions_floor_spawned":[10,11,16,18],"killed_by":"Shelled Parasite and Fungi","ascension_level":20}