{"gold_per_floor":[20,20,20,20,195,195,227,227,227,227,260,260,260,288,288,384,384,395,395,406,321,333,333,347,59,59,59,59,85,105,205,205,303,303,313,313,332,344,198,198,5,5,50,65,65,79,95,95,95,95],"floor_reached":51,"playtime":2577,"items_purged":["Pain","Doubt"],"score":852,"play_id":"c0eef978-6170-4829-a01c-4a841f802415","local_time":"20190403135958","is_ascension_mode":true,"campfire_choices":[{"data":"Neutralize","floor":6.0,"key":"SMITH"},{"data":"Noxious Fumes","floor":8.0,"key":"SMITH"},{"data":"Corpse Explosion","floor":10.0,"key":"SMITH"},{"floor":12.0,"key":"REST"},{"floor":15.0,"key":"REST"},{"floor":23.0,"key":"REST"},{"floor":27.0,"key":"REST"},{"floor":32.0,"key":"REST"},{"data":"Defend_G","floor":40,"key":"SMITH"},{"data":"Defend_G","floor":45,"key":"SMITH"},{"data":"Defend_G","floor":49,"key":"SMITH"}],"neow_cost":"NO_GOLD","seed_source_timestamp":12283512907118,"circlet_count":0,"master_deck":["Defend_G","Defend_G+1","Defend_G+1","Defend_G+1","Strike_G","Strike_G","Survivor+1","Neutralize+1","Noxious Fumes+1","Corpse Explosion+1","Bouncing Flask+1","Dodge and Roll+1","Adrenaline+1","Cloak And Dagger+1","Venomology+1","Catalyst+1","Accuracy+1","Slice+1","Setup+1","Corpse Explosion+1","Backstab+1","Well Laid Plans+1","Parasite","Dodge and Roll+1","Acrobatics+1","Catalyst+1","PiercingWail+1","Escape Plan+1","Madness+1"],"special_seed":0,"relics":["Ring of the Snake","Letter Opener","Toxic Egg 2","Paper Crane","WarpedTongs","Ice Cream","WristBlade","Kunai","Snake Skull","Ninja Scroll","Oddly Smooth Stone","Turnip","Mercury Hourglass","Coffee Dripper","Toy Ornithopter","PreservedInsect"],"potions_floor_usage":[38,46,46,50,50,50,50],"damage_taken":[{"damage":1.0,"enemies":"Cultist","floor":1.0,"turns":7.0},{"damage":33.0,"enemies":"3 Sentries","floor":7.0,"turns":9.0},{"damage":16.0,"enemies":"Lagavulin","floor":11.0,"turns":5.0},{"damage":15.0,"enemies":"3 Sentries","floor":14.0,"turns":3.0},{"damage":43.0,"enemies":"Slime Boss","floor":16.0,"turns":12.0},{"damage":11.0,"enemies":"Shell Parasite","floor":18.0,"turns":4.0},{"damage":16.0,"enemies":"2 Thieves","floor":20.0,"turns":3.0},{"damage":13.0,"enemies":"Chosen and Byrds","floor":22.0,"turns":4.0},{"damage":3.0,"enemies":"3 Cultists","floor":24.0,"turns":3.0},{"damage":0.0,"enemies":"Book of Stabbing","floor":29.0,"turns":2.0},{"damage":16.0,"enemies":"Snake Plant","floor":30.0,"turns":3.0},{"damage":6.0,"enemies":"Colosseum Slavers","floor":31.0,"turns":4.0},{"damage":0.0,"enemies":"Colosseum Nobs","floor":31.0,"turns":2.0},{"damage":0.0,"enemies":"Automaton","floor":33.0,"turns":6.0},{"damage":0,"enemies":"Orb Walker","floor":35,"turns":1},{"damage":0,"enemies":"3 Shapes","floor":37,"turns":2},{"damage":16,"enemies":"Writhing Mass","floor":38,"turns":4},{"damage":0,"enemies":"Jaw Worm Horde","floor":44,"turns":2},{"damage":10,"enemies":"Spire Growth","floor":46,"turns":4},{"damage":18,"enemies":"4 Shapes","floor":47,"turns":2},{"damage":12,"enemies":"Donu and Deca","floor":50,"turns":5}],"seed_played":"2985635066815719136","potions_obtained":[{"floor":1.0,"key":"Regen Potion"},{"floor":11.0,"key":"GhostInAJar"},{"floor":14.0,"key":"Strength Potion"},{"floor":16.0,"key":"LiquidBronze"},{"floor":20.0,"key":"SteroidPotion"},{"floor":29.0,"key":"Regen Potion"},{"floor":33.0,"key":"Strength Potion"},{"floor":37,"key":"Regen Potion"},{"floor":38,"key":"Energy Potion"}],"is_trial":false,"path_per_floor":["M","$","?","$","?","R","E","R","T","R","E","R","?","E","R","B",null,"M","?","M","?","M","R","M","$","T","R","$","E","M","?","R","B",null,"M","?","M","M","$","R","$","?","T","M","R","M","M","?","R","B",null],"character_chosen":"THE_SILENT","items_purchased":["Snake Skull","Catalyst+1","Acrobatics+1","Toy Ornithopter"],"campfire_rested":5,"item_purchase_floors":[25,25,39,41],"current_hp_per_floor":[69,69,62,62,62,62,44,44,44,44,28,49,49,34,55,12,70,59,59,43,43,30,51,48,48,48,69,69,69,62,56,70,70,70,70,70,70,54,54,54,54,54,54,54,54,64,46,46,46,54],"gold":95,"neow_bonus":"REMOVE_TWO","is_prod":false,"is_daily":false,"chose_seed":false,"campfire_upgraded":6,"win_rate":0,"timestamp":1554271198,"path_taken":["M","?","?","$","?","R","E","R","T","R","E","R","?","E","R","BOSS","M","?","?","?","M","R","M","$","T","R","$","E","M","?","R","BOSS","M","?","M","M","$","R","$","?","T","M","R","M","?","?","R","BOSS"],"build_version":"2019-01-23","purchased_purges":2,"victory":true,"max_hp_per_floor":[70,70,70,70,70,70,70,70,70,70,70,70,70,70,70,70,70,70,70,70,70,70,70,70,70,70,70,70,70,70,70,70,70,70,70,70,70,70,70,70,70,70,70,70,70,70,70,70,70,70],"card_choices":[{"not_picked":["Deadly Poison","Sucker Punch"],"picked":"Noxious Fumes","floor":1.0},{"not_picked":["Footwork","Bouncing Flask"],"picked":"Corpse Explosion","floor":7.0},{"not_picked":["Choke","Slice"],"picked":"Bouncing Flask+1","floor":11.0},{"not_picked":["Predator","Eviscerate"],"picked":"Dodge and Roll+1","floor":14.0},{"not_picked":["Envenom","Burst+1"],"picked":"Adrenaline+1","floor":16.0},{"not_picked":["Flying Knee","Acrobatics+1"],"picked":"Cloak And Dagger+1","floor":18.0},{"not_picked":["All Out Attack","Flying Knee","Quick Slash"],"picked":"SKIP","floor":20.0},{"not_picked":["Terror+1","Quick Slash+1","Outmaneuver+1"],"picked":"SKIP","floor":22.0},{"not_picked":["Outmaneuver+1","Dagger Throw"],"picked":"Venomology+1","floor":24.0},{"not_picked":["Dodge and Roll+1","Dagger Throw"],"picked":"Accuracy+1","floor":29.0},{"not_picked":["Backflip+1","Sucker Punch"],"picked":"Slice+1","floor":30.0},{"not_picked":["Tactician+1","Dagger Spray"],"picked":"Setup+1","floor":31.0},{"not_picked":["Night Terror+1","Unload"],"picked":"Corpse Explosion+1","floor":33.0},{"not_picked":["Flying Knee+1","Quick Slash+1"],"picked":"Backstab+1","floor":35},{"not_picked":["Prepared+1","Flying Knee"],"picked":"Well Laid Plans+1","floor":37},{"not_picked":["Deflect+1","Bane"],"picked":"Dodge and Roll+1","floor":38},{"not_picked":["Choke","Bane","Acrobatics+1"],"picked":"SKIP","floor":44},{"not_picked":["Dagger Spray+1","Sucker Punch+1"],"picked":"PiercingWail+1","floor":46},{"not_picked":["Underhanded Strike+1","Acrobatics+1"],"picked":"Escape Plan+1","floor":47},{"not_picked":["Dark Shackles+1","Forethought+1"],"picked":"Madness+1","floor":48}],"player_experience":412312,"relics_obtained":[{"floor":7.0,"key":"Letter Opener"},{"floor":9.0,"key":"Toxic Egg 2"},{"floor":11.0,"key":"Paper Crane"},{"floor":14.0,"key":"Ice Cream"},{"floor":26.0,"key":"Ninja Scroll"},{"floor":29.0,"key":"Oddly Smooth Stone"},{"floor":31.0,"key":"Turnip"},{"floor":31.0,"key":"Mercury Hourglass"},{"floor":43,"key":"PreservedInsect"}],"event_choices":[{"cards_removed":["Defend_G"],"damage_healed":0.0,"max_hp_gain":0.0,"max_hp_loss":0.0,"gold_gain":0.0,"event_name":"Golden Wing","player_choice":"Card Removal","floor":3.0,"gold_loss":0.0,"damage_taken":7.0},{"damage_healed":0.0,"max_hp_gain":0.0,"max_hp_loss":0.0,"gold_gain":175.0,"event_name":"Liars Game","player_choice":"AGREE","floor":5.0,"gold_loss":0.0,"damage_taken":0.0,"cards_obtained":["Doubt"]},{"damage_healed":0.0,"max_hp_gain":0.0,"max_hp_loss":0.0,"gold_gain":0.0,"event_name":"Accursed Blacksmith","player_choice":"Rummage","floor":13.0,"gold_loss":0.0,"damage_taken":0.0,"relics_obtained":["WarpedTongs"],"cards_obtained":["Pain"]},{"damage_healed":0.0,"max_hp_gain":0.0,"max_hp_loss":0.0,"gold_gain":0.0,"event_name":"Upgrade Shrine","player_choice":"Upgraded","floor":19.0,"gold_loss":0.0,"damage_taken":0.0,"cards_upgraded":["Survivor"]},{"damage_healed":0.0,"max_hp_gain":0.0,"max_hp_loss":0.0,"gold_gain":0.0,"event_name":"Addict","player_choice":"Obtained Relic","floor":21.0,"gold_loss":85.0,"damage_taken":0.0,"relics_obtained":["Kunai"]},{"damage_healed":0.0,"max_hp_gain":0.0,"max_hp_loss":0.0,"gold_gain":0.0,"event_name":"Colosseum","player_choice":"Fight","floor":31.0,"gold_loss":0.0,"damage_taken":0.0},{"damage_healed":0.0,"max_hp_gain":0.0,"max_hp_loss":0.0,"gold_gain":0.0,"event_name":"Colosseum","player_choice":"Fought Nobs","floor":31.0,"gold_loss":0.0,"damage_taken":0.0},{"cards_removed":["Strike_G"],"damage_healed":0,"gold_gain":0,"player_choice":"Removed Attack","damage_taken":0,"max_hp_gain":0,"max_hp_loss":0,"event_name":"Falling","floor":36,"gold_loss":0},{"damage_healed":0,"gold_gain":0,"player_choice":"Copied","damage_taken":0,"max_hp_gain":0,"max_hp_loss":0,"event_name":"Duplicator","floor":42,"gold_loss":0,"cards_obtained":["Catalyst"]},{"damage_healed":0,"gold_gain":0,"player_choice":"Memory 1","damage_taken":0,"max_hp_gain":0,"max_hp_loss":0,"event_name":"SensoryStone","floor":48,"gold_loss":0}],"is_beta":false,"boss_relics":[{"not_picked":["Black Star","Calling Bell"],"picked":"WristBlade"},{"not_picked":["HoveringKite","Tiny House"],"picked":"Coffee Dripper"}],"items_purged_floors":[25,39],"is_endless":false,"potions_floor_spawned":[1,11,14,16,20,29,30,33,37,38],"ascension_level":2}