{"gold_per_floor":[117,117,42,57,232,232,261,261,288,288,288,305,46,104,104,104],"floor_reached":16,"playtime":498,"items_purged":["Strike_B"],"score":115,"play_id":"dee30249-7643-4524-855e-02e83ebcf62c","local_time":"20181026195753","is_ascension_mode":true,"campfire_choices":[{"data":"Dualcast","floor":6,"key":"SMITH"},{"data":"Gash","floor":8,"key":"SMITH"},{"data":"Chill","floor":10,"key":"SMITH"},{"floor":15,"key":"REST"}],"neow_cost":"NONE","seed_source_timestamp":512204077158756,"circlet_count":0,"master_deck":["Strike_B","Strike_B","Strike_B","Defend_B","Defend_B","Defend_B","Defend_B","Zap","Dualcast+1","Gash+1","Leap","Chill+1","Stack","Capacitor","Blizzard","Go for the Eyes"],"relics":["Cracked Core","Happy Flower","Lantern","Pen Nib","Anchor","Regal Pillow"],"potions_floor_usage":[7,7,16,16,16],"damage_taken":[{"damage":2,"enemies":"Jaw Worm","floor":1,"turns":3},{"damage":1,"enemies":"Cultist","floor":4,"turns":3},{"damage":27,"enemies":"Gremlin Nob","floor":7,"turns":4},{"damage":0,"enemies":"Small Slimes","floor":12,"turns":3},{"damage":12,"enemies":"3 Sentries","floor":14,"turns":10},{"damage":70,"enemies":"Slime Boss","floor":16,"turns":9}],"seed_played":"5461965871585223782","potions_obtained":[{"floor":0,"key":"FearPotion"},{"floor":0,"key":"Fruit Juice"},{"floor":0,"key":"Energy Potion"},{"floor":1,"key":"Fire Potion"},{"floor":7,"key":"Swift Potion"},{"floor":12,"key":"LiquidBronze"}],"is_trial":false,"path_per_floor":["M","?","$","M","?","R","E","R","T","R","?","M","$","?","R"],"character_chosen":"DEFECT","items_purchased":["Anchor","Capacitor","Blizzard"],"campfire_rested":1,"item_purchase_floors":[13,13,13],"current_hp_per_floor":[73,66,66,65,65,65,43,43,43,43,43,43,43,31,70,0],"gold":104,"neow_bonus":"THREE_SMALL_POTIONS","is_prod":false,"is_daily":false,"chose_seed":false,"campfire_upgraded":3,"win_rate":0,"timestamp":1540576673,"path_taken":["M","?","$","?","?","R","E","R","T","R","?","?","$","?","R","BOSS"],"build_version":"2018-10-25v2","purchased_purges":1,"victory":false,"max_hp_per_floor":[75,75,75,75,75,75,80,80,80,80,80,80,80,80,80,80],"card_choices":[{"not_picked":["Compile Driver","Stack"],"picked":"Gash","floor":1},{"not_picked":["Hello World","Sweeping Beam"],"picked":"Leap","floor":4},{"not_picked":["Barrage","Coolheaded"],"picked":"Chill","floor":7},{"not_picked":["Sweeping Beam","Skim"],"picked":"Stack","floor":12},{"not_picked":["Steam","Rip and Tear"],"picked":"Go for the Eyes","floor":14}],"player_experience":249958,"relics_obtained":[{"floor":7,"key":"Lantern"},{"floor":9,"key":"Pen Nib"},{"floor":14,"key":"Regal Pillow"}],"event_choices":[{"damage_healed":0,"gold_gain":0,"player_choice":"Success","damage_taken":7,"relics_obtained":["Happy Flower"],"max_hp_gain":0,"max_hp_loss":0,"event_name":"Scrap Ooze","floor":2,"gold_loss":0},{"damage_healed":0,"gold_gain":175,"player_choice":"AGREE","damage_taken":0,"max_hp_gain":0,"max_hp_loss":0,"event_name":"Liars Game","floor":5,"gold_loss":0,"cards_obtained":["Doubt"]},{"cards_removed":["Doubt"],"damage_healed":0,"gold_gain":0,"player_choice":"Forget","damage_taken":0,"max_hp_gain":0,"max_hp_loss":0,"event_name":"Living Wall","floor":11,"gold_loss":0},{"damage_healed":0,"gold_gain":0,"player_choice":"Searched \u00271\u0027 times","damage_taken":0,"max_hp_gain":0,"max_hp_loss":0,"event_name":"Dead Adventurer","floor":14,"gold_loss":0}],"is_beta":false,"boss_relics":[],"items_purged_floors":[3],"is_endless":false,"potions_floor_spawned":[1,7,12],"killed_by":"Slime Boss","ascension_level":4}