{"gold_per_floor":[17,32,52,52,127,127,155,175,175,175,209,225,225,225,225,325,325,339,339,339,41,60,60,86,86,135,163,163,44,44,59,59,160,160,172,172,20,0,18,47,47,78,128,128,40,60,60,60,60,60,60,60,10,44,44],"floor_reached":55,"playtime":2976,"items_purged":["Writhe","Strike_B","Strike_B","Self Repair+1"],"score":950,"play_id":"253ca251-e861-4493-85e7-0c2e1049adf5","local_time":"20190410014618","is_ascension_mode":true,"campfire_choices":[{"data":"Go for the Eyes","floor":6.0,"key":"SMITH"},{"floor":13.0,"key":"REST"},{"floor":15.0,"key":"REST"},{"data":"White Noise","floor":23.0,"key":"SMITH"},{"data":"Dualcast","floor":25.0,"key":"SMITH"},{"data":"Zap","floor":28.0,"key":"SMITH"},{"floor":32.0,"key":"REST"},{"data":"White Noise","floor":41.0,"key":"SMITH"},{"data":"Glacier","floor":44.0,"key":"SMITH"},{"floor":47.0,"key":"RECALL"},{"data":"Seek","floor":49.0,"key":"SMITH"},{"data":"Seek","floor":52,"key":"SMITH"}],"neow_cost":"NO_GOLD","seed_source_timestamp":0,"circlet_count":0,"master_deck":["Strike_B+1","Defend_B","Defend_B","Defend_B","Defend_B","Zap+1","Dualcast+1","Go for the Eyes+1","White Noise+1","Cold Snap","Loop+1","Electrodynamics+1","Leap+1","Cold Snap","Seek+1","Hologram+1","Seek+1","BootSequence+1","Biased Cognition+1","White Noise+1","Glacier+1","FTL+1","Storm+1","Master of Strategy","Buffer+1"],"special_seed":0,"relics":["Cracked Core","Incense Burner","Turnip","Bottled Lightning","Frozen Egg 2","Symbiotic Virus","Inserter","Mummified Hand","Smiling Mask","Singing Bowl","Potion Belt","Bronze Scales","Lizard Tail","Red Mask","Boot","Question Card","PreservedInsect","Oddly Smooth Stone"],"potions_floor_usage":[55,55],"damage_taken":[{"damage":2.0,"enemies":"2 Louse","floor":1.0,"turns":2.0},{"damage":7.0,"enemies":"Small Slimes","floor":2.0,"turns":3.0},{"damage":0.0,"enemies":"Jaw Worm","floor":3.0,"turns":3.0},{"damage":16.0,"enemies":"3 Sentries","floor":7.0,"turns":8.0},{"damage":9.0,"enemies":"Red Slaver","floor":8.0,"turns":4.0},{"damage":33.0,"enemies":"Gremlin Nob","floor":11.0,"turns":4.0},{"damage":0.0,"enemies":"2 Fungi Beasts","floor":12.0,"turns":3.0},{"damage":0.0,"enemies":"Slime Boss","floor":16.0,"turns":5.0},{"damage":10.0,"enemies":"Spheric Guardian","floor":18.0,"turns":5.0},{"damage":8.0,"enemies":"3 Byrds","floor":22.0,"turns":3.0},{"damage":19.0,"enemies":"Book of Stabbing","floor":24.0,"turns":5.0},{"damage":12.0,"enemies":"Slavers","floor":27.0,"turns":6.0},{"damage":13.0,"enemies":"Snake Plant","floor":31.0,"turns":2.0},{"damage":33.0,"enemies":"Champ","floor":33.0,"turns":14.0},{"damage":9.0,"enemies":"Orb Walker","floor":35.0,"turns":3.0},{"damage":0.0,"enemies":"3 Darklings","floor":39.0,"turns":3.0},{"damage":0.0,"enemies":"Nemesis","floor":40.0,"turns":3.0},{"damage":4.0,"enemies":"Reptomancer","floor":42.0,"turns":6.0},{"damage":17.0,"enemies":"Sphere and 2 Shapes","floor":46.0,"turns":3.0},{"damage":29.0,"enemies":"Time Eater","floor":50.0,"turns":14.0},{"damage":26,"enemies":"Shield and Spear","floor":54,"turns":3},{"damage":104,"enemies":"The Heart","floor":55,"turns":8}],"seed_played":"-648354102978380984","potions_obtained":[{"floor":2.0,"key":"Fire Potion"},{"floor":11.0,"key":"Dexterity Potion"},{"floor":12.0,"key":"Explosive Potion"},{"floor":16.0,"key":"SpeedPotion"},{"floor":24.0,"key":"PowerPotion"},{"floor":33.0,"key":"SmokeBomb"},{"floor":39.0,"key":"LiquidBronze"},{"floor":42.0,"key":"Block Potion"}],"is_trial":false,"path_per_floor":["M","M","M","?","?","R","E","M","T","T","E","M","R","?","R","B",null,"M","?","?","$","M","R","E","R","T","E","R","$","?","M","R","B",null,"M","?","$","?","M","E","R","E","T","R","$","M","R","?","R","B",null,"R","$","E","B"],"character_chosen":"DEFECT","items_purchased":["Singing Bowl","Self Repair+1","Biased Cognition+1","Storm+1"],"campfire_rested":3,"item_purchase_floors":[21,29,37,45],"current_hp_per_floor":[73,66,66,71,60,60,44,35,35,35,2,2,26,10,34,34,80,70,70,70,70,64,64,45,45,45,33,33,33,33,30,54,31,82,82,82,82,82,82,82,82,82,82,82,82,77,77,77,77,58,84,84,84,58,0],"gold":44,"neow_bonus":"ONE_RARE_RELIC","is_prod":false,"is_daily":false,"chose_seed":false,"campfire_upgraded":8,"win_rate":0,"timestamp":1554853578,"path_taken":["M","M","M","?","?","R","E","M","T","?","E","?","R","?","R","BOSS","M","?","?","$","?","R","E","R","T","E","R","$","?","M","R","BOSS","M","?","$","?","M","E","R","E","T","R","?","?","R","?","R","BOSS","R","$","E","BOSS"],"build_version":"2019-01-23","purchased_purges":4,"victory":false,"max_hp_per_floor":[75,75,75,80,80,80,80,80,80,80,80,80,80,80,80,80,80,80,80,80,80,82,82,82,82,82,82,82,82,82,82,82,82,82,82,82,82,82,82,82,82,82,82,82,82,84,84,84,84,84,84,84,84,84,84],"card_choices":[{"not_picked":["Hologram","Gash"],"picked":"Leap","floor":1.0},{"not_picked":["Double Energy","Gash"],"picked":"Go for the Eyes","floor":2.0},{"not_picked":["Fusion","Scrape","Turbo"],"picked":"SKIP","floor":3.0},{"not_picked":["Sweeping Beam","Beam Cell"],"picked":"White Noise","floor":7.0},{"not_picked":["Compile Driver","White Noise"],"picked":"Cold Snap","floor":8.0},{"not_picked":["Aggregate","Heatsinks+1"],"picked":"Loop+1","floor":11.0},{"not_picked":["Beam Cell","Sunder","Skim"],"picked":"SKIP","floor":12.0},{"not_picked":["Beam Cell","Sunder","Skim"],"picked":"SKIP","floor":12.0},{"not_picked":["Seek","Hyperbeam"],"picked":"Electrodynamics+1","floor":16.0},{"not_picked":["Rebound","Streamline+1"],"picked":"Leap+1","floor":18.0},{"not_picked":["Hello World+1","Steam Power","Streamline"],"picked":"Singing Bowl","floor":22.0},{"not_picked":["Go for the Eyes","Core Surge"],"picked":"Cold Snap","floor":24.0},{"not_picked":["Streamline+1","Barrage"],"picked":"Seek","floor":27.0},{"not_picked":["Gash","Compile Driver"],"picked":"Hologram+1","floor":31.0},{"not_picked":["Meteor Strike","All For One"],"picked":"Seek","floor":33.0},{"not_picked":["Barrage+1","Rebound+1"],"picked":"BootSequence+1","floor":35.0},{"not_picked":["Barrage","Capacitor+1"],"picked":"White Noise","floor":39.0},{"not_picked":["Streamline+1","Heatsinks+1"],"picked":"Glacier","floor":40.0},{"not_picked":["Genetic Algorithm+1","Rebound+1"],"picked":"FTL+1","floor":42.0},{"not_picked":["Chaos+1","Barrage+1","Static Discharge+1","Reprogram+1"],"picked":"Singing Bowl","floor":46.0},{"not_picked":["Blind","The Bomb","Magnetism+1"],"picked":"Master of Strategy","floor":48.0},{"not_picked":["Cold Snap","Skim+1","Barrage"],"picked":"Buffer+1","floor":54}],"player_experience":489022,"relics_obtained":[{"floor":7.0,"key":"Turnip"},{"floor":9.0,"key":"Bottled Lightning"},{"floor":10.0,"key":"Frozen Egg 2"},{"floor":11.0,"key":"Symbiotic Virus"},{"floor":24.0,"key":"Potion Belt"},{"floor":27.0,"key":"Bronze Scales"},{"floor":40.0,"key":"Boot"},{"floor":42.0,"key":"Question Card"},{"floor":43.0,"key":"PreservedInsect"},{"floor":54,"key":"Oddly Smooth Stone"}],"event_choices":[{"damage_healed":0.0,"max_hp_gain":5.0,"max_hp_loss":0.0,"gold_gain":0.0,"event_name":"Big Fish","player_choice":"Donut","floor":4.0,"gold_loss":0.0,"damage_taken":0.0},{"damage_healed":0.0,"max_hp_gain":0.0,"max_hp_loss":0.0,"gold_gain":75.0,"event_name":"World of Goop","player_choice":"Gather Gold","floor":5.0,"gold_loss":0.0,"damage_taken":11.0},{"damage_healed":0.0,"max_hp_gain":0.0,"max_hp_loss":0.0,"gold_gain":0.0,"event_name":"Shining Light","player_choice":"Entered Light","floor":14.0,"gold_loss":0.0,"damage_taken":16.0,"cards_upgraded":["Strike_B","Leap"]},{"damage_healed":0.0,"max_hp_gain":0.0,"max_hp_loss":0.0,"gold_gain":0.0,"event_name":"The Mausoleum","player_choice":"Opened","floor":19.0,"gold_loss":0.0,"damage_taken":0.0,"relics_obtained":["Mummified Hand"],"cards_obtained":["Writhe"]},{"damage_healed":0.0,"max_hp_gain":0.0,"max_hp_loss":0.0,"gold_gain":0.0,"event_name":"WeMeetAgain","player_choice":"Gave Potion","floor":20.0,"gold_loss":0.0,"damage_taken":0.0,"relics_obtained":["Smiling Mask"]},{"cards_removed":["Strike_B"],"damage_healed":0.0,"max_hp_gain":0.0,"max_hp_loss":0.0,"gold_gain":0.0,"event_name":"Purifier","player_choice":"Purged","floor":30.0,"gold_loss":0.0,"damage_taken":0.0},{"cards_removed":["Leap"],"damage_healed":0.0,"max_hp_gain":0.0,"max_hp_loss":0.0,"gold_gain":0.0,"event_name":"Falling","player_choice":"Removed Skill","floor":36.0,"gold_loss":0.0,"damage_taken":0.0},{"damage_healed":0.0,"max_hp_gain":0.0,"max_hp_loss":0.0,"gold_gain":0.0,"event_name":"Tomb of Lord Red Mask","player_choice":"Paid","floor":38.0,"gold_loss":20.0,"damage_taken":0.0,"relics_obtained":["Red Mask"]},{"damage_healed":0.0,"max_hp_gain":0.0,"max_hp_loss":0.0,"gold_gain":0.0,"event_name":"SensoryStone","player_choice":"Memory 1","floor":48.0,"gold_loss":0.0,"damage_taken":0.0}],"is_beta":false,"boss_relics":[{"not_picked":["Runic Dome","Cursed Key"],"picked":"Inserter"},{"not_picked":["Calling Bell","Tiny House"],"picked":"Lizard Tail"}],"items_purged_floors":[21,29,45,53],"is_endless":false,"potions_floor_spawned":[2,11,12,16,24,33,39,42],"killed_by":"The Heart","ascension_level":4}