{"gold_per_floor":[118,136,61,61,79,79,105,105,186,203,216,216,19,33,33,133,133,149,21,38,38,138,138,172,183,209,209,227,259,274,290,290,394,394,410,424,424,301,321,321,348,201,278,293,293,305,318,332,332,332],"floor_reached":50,"playtime":3370,"items_purged":["Strike_G","Strike_G","Strike_G"],"score":776,"play_id":"04bed344-6569-4b14-bd1e-0d6cbfcdd2e4","local_time":"20190510234855","is_ascension_mode":true,"campfire_choices":[{"data":"Envenom","floor":6,"key":"SMITH"},{"data":"Backstab","floor":8,"key":"SMITH"},{"data":"Neutralize","floor":12,"key":"SMITH"},{"floor":15,"key":"REST"},{"floor":23,"key":"REST"},{"floor":27,"key":"REST"},{"floor":32,"key":"REST"},{"data":"Apotheosis","floor":40,"key":"SMITH"},{"data":"Footwork","floor":45,"key":"SMITH"},{"floor":49,"key":"RECALL"}],"neow_cost":"NONE","seed_source_timestamp":1734425190024838,"circlet_count":0,"master_deck":["Defend_G","Defend_G","Defend_G","Defend_G","Defend_G","Survivor","Neutralize+1","Poisoned Stab","Backstab+1","Envenom+1","After Image","Bane","Blade Dance","Footwork+1","Die Die Die","Cloak And Dagger+1","Apotheosis+1","Caltrops","Predator+1","Dagger Spray+1","Envenom","Acrobatics+1","PiercingWail","Tools of the Trade","Blade Dance+1","Adrenaline","Prepared+1","Backflip+1","Dash+1","A Thousand Cuts","Finesse","Well Laid Plans+1"],"relics":["Ring of the Snake","PreservedInsect","Darkstone Periapt","Membership Card","Runic Dome","Dead Branch","Pantograph","Happy Flower","Vajra","Eternal Feather","Blood Vial","StoneCalendar","Paper Crane"],"potions_floor_usage":[7,20,22,29,30,44,50],"damage_taken":[{"damage":1,"enemies":"Jaw Worm","floor":1,"turns":6},{"damage":0,"enemies":"Cultist","floor":2,"turns":3},{"damage":0,"enemies":"2 Louse","floor":5,"turns":2},{"damage":29,"enemies":"3 Sentries","floor":7,"turns":15},{"damage":0,"enemies":"2 Fungi Beasts","floor":10,"turns":4},{"damage":4,"enemies":"Exordium Thugs","floor":11,"turns":4},{"damage":21,"enemies":"Gremlin Gang","floor":14,"turns":6},{"damage":29,"enemies":"Hexaghost","floor":16,"turns":12},{"damage":22,"enemies":"2 Thieves","floor":18,"turns":5},{"damage":3,"enemies":"Spheric Guardian","floor":20,"turns":3},{"damage":8,"enemies":"Colosseum Slavers","floor":22,"turns":5},{"damage":2,"enemies":"Colosseum Nobs","floor":22,"turns":4},{"damage":4,"enemies":"Gremlin Leader","floor":24,"turns":5},{"damage":13,"enemies":"Cultist and Chosen","floor":25,"turns":5},{"damage":23,"enemies":"Centurion and Healer","floor":28,"turns":5},{"damage":4,"enemies":"Book of Stabbing","floor":29,"turns":5},{"damage":20,"enemies":"Snake Plant","floor":30,"turns":4},{"damage":3,"enemies":"3 Cultists","floor":31,"turns":4},{"damage":10,"enemies":"Champ","floor":33,"turns":9},{"damage":0,"enemies":"3 Shapes","floor":35,"turns":3},{"damage":24,"enemies":"3 Darklings","floor":36,"turns":4},{"damage":0,"enemies":"4 Shapes","floor":39,"turns":1},{"damage":18,"enemies":"Nemesis","floor":41,"turns":7},{"damage":0,"enemies":"Maw","floor":44,"turns":6},{"damage":14,"enemies":"Writhing Mass","floor":46,"turns":5},{"damage":22,"enemies":"Spire Growth","floor":47,"turns":5},{"damage":4,"enemies":"Jaw Worm Horde","floor":48,"turns":3},{"damage":81,"enemies":"Awakened One","floor":50,"turns":15}],"seed_played":"291445719053913588","potions_obtained":[{"floor":1,"key":"SpeedPotion"},{"floor":7,"key":"EssenceOfSteel"},{"floor":11,"key":"Ancient Potion"},{"floor":14,"key":"Energy Potion"},{"floor":22,"key":"GamblersBrew"},{"floor":28,"key":"GamblersBrew"},{"floor":31,"key":"SteroidPotion"},{"floor":33,"key":"SteroidPotion"},{"floor":36,"key":"Swift Potion"},{"floor":46,"key":"FearPotion"}],"is_trial":false,"path_per_floor":["M","M","$","?","M","R","E","R","T","M","M","R","$","M","R","B",null,"M","$","M","?","?","R","E","M","T","R","M","E","M","M","R","B",null,"M","M","?","$","M","R","E","$","T","M","R","M","M","M","R","B"],"character_chosen":"THE_SILENT","items_purchased":["Membership Card","Apotheosis","Caltrops","Blood Vial","A Thousand Cuts","Finesse"],"campfire_rested":4,"item_purchase_floors":[13,19,19,38,42,42],"current_hp_per_floor":[69,69,69,69,69,69,40,40,40,40,36,36,36,15,38,9,60,38,38,35,35,25,48,44,31,31,54,31,27,7,4,27,42,68,68,44,37,37,39,54,38,38,38,40,58,46,26,24,42,0],"gold":332,"neow_bonus":"TEN_PERCENT_HP_BONUS","is_prod":false,"is_daily":false,"chose_seed":false,"campfire_upgraded":5,"win_rate":0,"timestamp":1557546535,"path_taken":["M","M","$","?","M","R","E","R","T","M","M","R","?","M","R","BOSS","M","$","M","?","?","R","E","M","T","R","M","E","M","M","R","BOSS","M","M","?","$","M","R","E","$","T","M","R","M","M","M","R","BOSS"],"build_version":"2019-01-23","purchased_purges":3,"victory":false,"max_hp_per_floor":[77,77,77,77,77,77,77,77,77,77,77,77,77,77,77,77,77,77,77,77,77,77,77,77,77,77,77,77,77,77,77,77,77,77,77,77,77,77,77,77,77,77,77,77,77,77,77,77,77,77],"card_choices":[{"not_picked":["Infinite Blades","Flying Knee"],"picked":"Poisoned Stab","floor":1},{"not_picked":["Poisoned Stab","Reflex"],"picked":"Backstab","floor":2},{"not_picked":["Quick Slash","Masterful Stab"],"picked":"Envenom","floor":5},{"not_picked":["Backflip","Underhanded Strike"],"picked":"After Image","floor":7},{"not_picked":["Eviscerate","Distraction"],"picked":"Bane","floor":10},{"not_picked":["Accuracy","Acrobatics"],"picked":"Blade Dance","floor":11},{"not_picked":["Skewer","Dagger Spray"],"picked":"Footwork","floor":14},{"not_picked":["Doppelganger","Burst"],"picked":"Die Die Die","floor":16},{"not_picked":["Blade Dance","Flying Knee"],"picked":"Cloak And Dagger+1","floor":18},{"not_picked":["Deflect","Flechettes+1"],"picked":"Predator+1","floor":20},{"not_picked":["Quick Slash","Slice+1"],"picked":"Dagger Spray+1","floor":22},{"not_picked":["Deadly Poison","Poisoned Stab"],"picked":"Envenom","floor":24},{"not_picked":["Bouncing Flask+1","Crippling Poison"],"picked":"Acrobatics+1","floor":25},{"not_picked":["Deflect+1","Acrobatics"],"picked":"PiercingWail","floor":28},{"not_picked":["Underhanded Strike+1","Quick Slash+1"],"picked":"Tools of the Trade","floor":29},{"not_picked":["Quick Slash","Dagger Throw","Dodge and Roll"],"picked":"SKIP","floor":30},{"not_picked":["Terror+1","Acrobatics"],"picked":"Blade Dance+1","floor":31},{"not_picked":["Bullet Time","Die Die Die"],"picked":"Adrenaline","floor":33},{"not_picked":["Endless Agony+1","Expertise"],"picked":"Prepared+1","floor":35},{"not_picked":["Acrobatics+1","Bouncing Flask"],"picked":"Backflip+1","floor":36},{"not_picked":["Blade Dance","Dodge and Roll+1","Crippling Poison"],"picked":"SKIP","floor":39},{"not_picked":["Dodge and Roll","Setup+1"],"picked":"Dash+1","floor":41},{"not_picked":["Dagger Throw+1","Underhanded Strike+1","Concentrate"],"picked":"SKIP","floor":44},{"not_picked":["Crippling Poison+1","Deadly Poison+1","Dagger Throw"],"picked":"SKIP","floor":46},{"not_picked":["Infinite Blades+1","Riddle With Holes+1"],"picked":"Well Laid Plans+1","floor":47},{"not_picked":["Die Die Die","Setup","Acrobatics"],"picked":"SKIP","floor":48}],"player_experience":233781,"relics_obtained":[{"floor":7,"key":"PreservedInsect"},{"floor":9,"key":"Darkstone Periapt"},{"floor":22,"key":"Dead Branch"},{"floor":22,"key":"Pantograph"},{"floor":24,"key":"Happy Flower"},{"floor":29,"key":"Vajra"},{"floor":41,"key":"StoneCalendar"},{"floor":43,"key":"Paper Crane"}],"event_choices":[{"cards_removed":["Strike_G"],"damage_healed":0,"gold_gain":0,"player_choice":"Purged","damage_taken":0,"max_hp_gain":0,"max_hp_loss":0,"event_name":"Purifier","floor":4,"gold_loss":0},{"cards_removed":["Strike_G"],"damage_healed":0,"gold_gain":0,"player_choice":"Elegance","damage_taken":0,"max_hp_gain":0,"max_hp_loss":0,"event_name":"Back to Basics","floor":21,"gold_loss":0},{"damage_healed":0,"gold_gain":0,"player_choice":"Fight","damage_taken":0,"max_hp_gain":0,"max_hp_loss":0,"event_name":"Colosseum","floor":22,"gold_loss":0},{"damage_healed":0,"gold_gain":0,"player_choice":"Fought Nobs","damage_taken":0,"max_hp_gain":0,"max_hp_loss":0,"event_name":"Colosseum","floor":22,"gold_loss":0},{"damage_healed":0,"gold_gain":0,"player_choice":"Damaged","damage_taken":7,"max_hp_gain":0,"max_hp_loss":0,"event_name":"Wheel of Change","floor":37,"gold_loss":0}],"is_beta":false,"boss_relics":[{"not_picked":["HoveringKite","White Beast Statue"],"picked":"Runic Dome"},{"not_picked":["Black Star","Lizard Tail"],"picked":"Eternal Feather"}],"items_purged_floors":[3,38,42],"is_endless":false,"potions_floor_spawned":[1,7,11,14,22,22,28,31,33,36,46,47],"killed_by":"Awakened One","ascension_level":9}