{"gold_per_floor":[365,383,383,40,55,86,38,51,75,75,107,123,142,142,142,243,243,253,253,343,442,452,452,452],"floor_reached":24,"playtime":1019,"items_purged":["Strike_R"],"score":247,"play_id":"fe7a800d-1cd3-42e6-839c-8ee73dfb8adb","local_time":"20181021194646","is_ascension_mode":true,"campfire_choices":[{"data":"Spot Weakness","floor":10,"key":"SMITH"},{"data":"Heavy Blade","floor":15,"key":"SMITH"},{"data":"Body Slam","floor":23,"key":"SMITH"}],"neow_cost":"TEN_PERCENT_HP_LOSS","seed_source_timestamp":79006678483886,"circlet_count":0,"master_deck":["Strike_R","Strike_R","Defend_R","Defend_R","Defend_R","Defend_R","Bash","Anger","Pommel Strike","Anger","Cleave","Spot Weakness+1","Intimidate","Heavy Blade+1","Impervious","Body Slam+1","Flex+1"],"relics":["Burning Blood","Bag of Marbles","Kunai","Happy Flower","Pen Nib","Ancient Tea Set","Pantograph","Empty Cage"],"potions_floor_usage":[11,16,22,24],"damage_taken":[{"damage":7,"enemies":"2 Louse","floor":1,"turns":4},{"damage":5,"enemies":"Small Slimes","floor":2,"turns":4},{"damage":0,"enemies":"Jaw Worm","floor":5,"turns":3},{"damage":16,"enemies":"3 Sentries","floor":6,"turns":7},{"damage":0,"enemies":"Exordium Thugs","floor":8,"turns":3},{"damage":14,"enemies":"Gremlin Nob","floor":11,"turns":3},{"damage":5,"enemies":"Gremlin Gang","floor":12,"turns":3},{"damage":0,"enemies":"Exordium Wildlife","floor":13,"turns":1},{"damage":13,"enemies":"Slime Boss","floor":16,"turns":5},{"damage":8,"enemies":"Chosen","floor":18,"turns":3},{"damage":16,"enemies":"2 Thieves","floor":22,"turns":3},{"damage":47,"enemies":"Gremlin Leader","floor":24,"turns":8}],"seed_played":"1500719264617562605","potions_obtained":[{"floor":1,"key":"SteroidPotion"},{"floor":5,"key":"Dexterity Potion"},{"floor":6,"key":"Energy Potion"},{"floor":18,"key":"BloodPotion"}],"is_trial":false,"path_per_floor":["M","M","?","$","M","E","$","M","T","R","E","M","M","T","R","B",null,"M","?","?","?","M","R"],"character_chosen":"IRONCLAD","items_purchased":["Kunai","Anger","Cleave"],"campfire_rested":0,"item_purchase_floors":[4,4,7],"current_hp_per_floor":[71,72,54,54,60,50,50,56,56,56,48,49,55,55,55,65,72,70,57,43,43,40,40,0],"gold":452,"neow_bonus":"TWO_FIFTY_GOLD","is_prod":false,"is_daily":false,"chose_seed":false,"campfire_upgraded":3,"win_rate":0,"timestamp":1540144006,"path_taken":["M","M","?","?","M","E","$","?","T","R","E","?","M","?","R","BOSS","M","?","?","?","?","R","E"],"build_version":"2018-10-18","purchased_purges":1,"victory":false,"max_hp_per_floor":[72,72,72,72,72,72,72,72,72,72,72,72,72,72,72,72,72,72,77,77,77,77,77,77],"card_choices":[{"not_picked":["Heavy Blade","Disarm"],"picked":"Anger","floor":1},{"not_picked":["Perfected Strike","Sentinel"],"picked":"Pommel Strike","floor":2},{"not_picked":["Bloodletting","Dual Wield","Infernal Blade"],"picked":"SKIP","floor":5},{"not_picked":["Warcry","Ghostly Armor","Bludgeon"],"picked":"SKIP","floor":6},{"not_picked":["Combust","True Grit"],"picked":"Spot Weakness","floor":8},{"not_picked":["Second Wind","Warcry"],"picked":"Intimidate","floor":11},{"not_picked":["Entrench","Thunderclap","Warcry"],"picked":"SKIP","floor":12},{"not_picked":["Wild Strike","Sword Boomerang"],"picked":"Heavy Blade","floor":13},{"not_picked":["Bludgeon","Feed"],"picked":"Impervious","floor":16},{"not_picked":["Entrench","Havoc"],"picked":"Body Slam","floor":18},{"not_picked":["Sword Boomerang","Perfected Strike+1"],"picked":"Flex+1","floor":22}],"player_experience":221136,"relics_obtained":[{"floor":6,"key":"Happy Flower"},{"floor":9,"key":"Pen Nib"},{"floor":11,"key":"Ancient Tea Set"},{"floor":14,"key":"Pantograph"}],"event_choices":[{"damage_healed":0,"gold_gain":0,"player_choice":"Success","damage_taken":18,"relics_obtained":["Bag of Marbles"],"max_hp_gain":0,"max_hp_loss":0,"event_name":"Scrap Ooze","floor":3,"gold_loss":0},{"damage_healed":0,"gold_gain":0,"player_choice":"Shed Blood","damage_taken":18,"max_hp_gain":5,"max_hp_loss":0,"event_name":"Forgotten Altar","floor":19,"gold_loss":0},{"damage_healed":0,"gold_gain":90,"player_choice":"GOLD ","damage_taken":14,"max_hp_gain":0,"max_hp_loss":0,"event_name":"Knowing Skull","floor":20,"potions_obtained":[],"gold_loss":0,"cards_obtained":[]},{"damage_healed":0,"gold_gain":99,"player_choice":"Stole From Cult","damage_taken":0,"max_hp_gain":0,"max_hp_loss":0,"event_name":"Nest","floor":21,"gold_loss":0}],"is_beta":false,"boss_relics":[{"not_picked":["Calling Bell","Busted Crown"],"picked":"Empty Cage"}],"items_purged_floors":[4],"is_endless":false,"potions_floor_spawned":[1,5,6,8,18],"killed_by":"Gremlin Leader","ascension_level":4}