{"gold_per_floor":[209,284,304,323,41,41,69,69,69,69,99,116,129,129,129,204,204,221,496,29,49,66,66,79,89,89,89,121,135,135,161,161,161],"floor_reached":33,"playtime":2047,"items_purged":["Strike_G","Regret"],"score":644,"play_id":"939b804b-560f-409d-9e24-82087800e0ce","local_time":"20190509144621","is_ascension_mode":true,"campfire_choices":[{"data":"After Image","floor":6,"key":"SMITH"},{"data":"Dagger Spray","floor":8,"key":"SMITH"},{"floor":10,"key":"REST"},{"floor":15,"key":"REST"},{"data":"Crippling Poison","floor":23,"key":"SMITH"},{"floor":27,"key":"REST"},{"floor":30,"key":"REST"},{"data":"Leg Sweep","floor":32,"key":"SMITH"}],"neow_cost":"NONE","seed_source_timestamp":274778173861200,"circlet_count":0,"master_deck":["AscendersBane","Defend_G","Defend_G","Defend_G","Defend_G+1","Defend_G","Strike_G","Survivor","Neutralize","Dodge and Roll","Cloak And Dagger","Dagger Spray+1","After Image+1","Poisoned Stab","Adrenaline","Terror","Quick Slash","Deadly Poison","Wraith Form v2","Unload+1","Dagger Throw+1","Malaise+1","Dagger Throw","PiercingWail","Leg Sweep+1","Crippling Poison+1","Dash"],"relics":["Ring of the Snake","Dodecahedron","Mercury Hourglass","Astrolabe","Gremlin Horn","The Specimen","Snake Skull","Boot"],"potions_floor_usage":[7,11,13,28,29,31],"damage_taken":[{"damage":0,"enemies":"Cultist","floor":1,"turns":4},{"damage":3,"enemies":"2 Louse","floor":3,"turns":5},{"damage":2,"enemies":"Small Slimes","floor":4,"turns":5},{"damage":32,"enemies":"Lagavulin","floor":7,"turns":8},{"damage":1,"enemies":"Gremlin Nob","floor":11,"turns":3},{"damage":0,"enemies":"Red Slaver","floor":12,"turns":4},{"damage":0,"enemies":"Gremlin Gang","floor":13,"turns":2},{"damage":23,"enemies":"Hexaghost","floor":16,"turns":11},{"damage":6,"enemies":"Spheric Guardian","floor":18,"turns":5},{"damage":8,"enemies":"2 Thieves","floor":21,"turns":4},{"damage":5,"enemies":"Shelled Parasite and Fungi","floor":22,"turns":7},{"damage":1,"enemies":"Centurion and Healer","floor":24,"turns":9},{"damage":7,"enemies":"Cultist and Chosen","floor":25,"turns":9},{"damage":17,"enemies":"Book of Stabbing","floor":28,"turns":7},{"damage":8,"enemies":"Snake Plant","floor":29,"turns":6},{"damage":0,"enemies":"Gremlin Leader","floor":31,"turns":5},{"damage":63,"enemies":"Automaton","floor":33,"turns":10}],"seed_played":"400114024461978358","potions_obtained":[{"floor":4,"key":"SteroidPotion"},{"floor":7,"key":"FearPotion"},{"floor":12,"key":"SteroidPotion"},{"floor":21,"key":"Dexterity Potion"},{"floor":24,"key":"Fire Potion"},{"floor":28,"key":"EssenceOfSteel"},{"floor":31,"key":"FairyPotion"}],"is_trial":false,"path_per_floor":["M","?","M","M","$","R","E","R","T","R","E","M","M","?","R","B",null,"M","?","$","M","M","R","M","M","T","R","E","M","R","E","R","B"],"character_chosen":"THE_SILENT","items_purchased":["After Image","Poisoned Stab","PiercingWail","Gremlin Horn","Strength Potion"],"campfire_rested":4,"item_purchase_floors":[5,5,20,20,20],"current_hp_per_floor":[59,48,45,43,43,43,11,11,11,30,29,29,29,9,28,5,51,45,45,45,37,32,32,31,24,24,43,26,18,37,37,37,0],"gold":161,"neow_bonus":"HUNDRED_GOLD","is_prod":false,"is_daily":false,"chose_seed":false,"campfire_upgraded":4,"win_rate":0,"timestamp":1557380781,"path_taken":["M","?","M","M","$","R","E","R","T","R","E","M","M","?","R","BOSS","M","?","$","M","?","R","M","M","T","R","E","?","R","E","R","BOSS"],"build_version":"2019-01-23","purchased_purges":2,"victory":false,"max_hp_per_floor":[66,66,66,66,66,66,66,66,66,66,66,66,66,66,66,66,66,66,66,66,66,66,66,66,66,66,66,66,66,66,66,66,66],"card_choices":[{"not_picked":["Acrobatics","Slice"],"picked":"Dodge and Roll","floor":1},{"not_picked":["Deflect","Dodge and Roll"],"picked":"Cloak And Dagger","floor":3},{"not_picked":["Underhanded Strike","Heel Hook"],"picked":"Dagger Spray","floor":4},{"not_picked":["Deadly Poison","Eviscerate"],"picked":"Adrenaline","floor":7},{"not_picked":["Doppelganger","Flying Knee"],"picked":"Terror","floor":11},{"not_picked":["Dodge and Roll","Calculated Gamble"],"picked":"Quick Slash","floor":12},{"not_picked":["Dagger Spray","Catalyst"],"picked":"Deadly Poison","floor":13},{"not_picked":["Adrenaline","Night Terror"],"picked":"Wraith Form v2","floor":16},{"not_picked":["Riddle With Holes","Concentrate"],"picked":"Dagger Throw","floor":18},{"not_picked":["Quick Slash","Underhanded Strike"],"picked":"Leg Sweep","floor":21},{"not_picked":["Prepared","Eviscerate"],"picked":"Crippling Poison","floor":22},{"not_picked":["Acrobatics+1","Bane","Dagger Throw"],"picked":"SKIP","floor":24},{"not_picked":["Sucker Punch","Dagger Throw","Blade Dance"],"picked":"SKIP","floor":25},{"not_picked":["Concentrate","Masterful Stab"],"picked":"Dash","floor":28},{"not_picked":["Expertise+1","Dodge and Roll","Concentrate"],"picked":"SKIP","floor":29},{"not_picked":["Choke","Finisher","Prepared"],"picked":"SKIP","floor":31}],"player_experience":1305343,"relics_obtained":[{"floor":7,"key":"Dodecahedron"},{"floor":11,"key":"Mercury Hourglass"},{"floor":26,"key":"The Specimen"},{"floor":28,"key":"Snake Skull"},{"floor":31,"key":"Boot"}],"event_choices":[{"damage_healed":0,"gold_gain":75,"player_choice":"Gather Gold","damage_taken":11,"max_hp_gain":0,"max_hp_loss":0,"event_name":"World of Goop","floor":2,"gold_loss":0},{"damage_healed":0,"gold_gain":0,"player_choice":"Entered Light","damage_taken":20,"max_hp_gain":0,"max_hp_loss":0,"event_name":"Shining Light","floor":14,"gold_loss":0,"cards_upgraded":["Strike_G","Defend_G"]},{"damage_healed":0,"gold_gain":275,"player_choice":"Desecrate","damage_taken":0,"max_hp_gain":0,"max_hp_loss":0,"event_name":"Golden Shrine","floor":19,"gold_loss":0,"cards_obtained":["Regret"]}],"is_beta":false,"boss_relics":[{"not_picked":["Ring of the Serpent","Black Star"],"picked":"Astrolabe"}],"items_purged_floors":[5,20],"is_endless":false,"potions_floor_spawned":[4,7,12,21,24,28,31],"killed_by":"Automaton","ascension_level":20}