{"path_per_floor":["M","M","M","M","M","E","M","R","T","M","M","M","$","M","R","B",null,"M","M","M"],"character_chosen":"IRONCLAD","items_purchased":["Apotheosis"],"gold_per_floor":[115,135,148,165,178,207,225,225,225,244,264,282,69,83,83,178,208,219,231,251,251],"floor_reached":21,"campfire_rested":0,"playtime":1867,"item_purchase_floors":[13],"current_hp_per_floor":[72,72,71,72,70,54,50,50,50,49,47,53,53,59,59,14,77,57,55,28,0],"items_purged":[],"gold":251,"score":216,"play_id":"41efa0ad-73be-4704-8b92-19189a7f54ec","local_time":"20180527201127","is_prod":false,"is_daily":false,"chose_seed":false,"is_ascension_mode":false,"campfire_upgraded":2,"win_rate":0.0,"timestamp":1527469887,"campfire_choices":[{"data":"Blood for Blood","floor":8,"key":"SMITH"},{"data":"Apotheosis","floor":15,"key":"SMITH"}],"path_taken":["M","M","M","M","M","E","M","R","T","M","M","M","$","M","R","BOSS","M","M","M","?"],"build_version":"2018-05-24","seed_source_timestamp":418469264577900,"purchased_purges":0,"victory":false,"master_deck":["Strike_R","Strike_R","Strike_R","Strike_R","Strike_R","Defend_R","Defend_R","Defend_R","Flex","Flex","Thunderclap","Flex","Twin Strike+1","Blood for Blood+1","Flex","Infernal Blade","Apotheosis+1","Rupture","Demon Form","Combust","Perfected Strike","Double Tap"],"max_hp_per_floor":[72,72,72,72,72,72,72,72,72,72,72,72,72,72,72,72,77,82,82,82,82],"relics":["Burning Blood","Question Card","Oddly Smooth Stone","Tiny House"],"card_choices":[{"not_picked":["Headbutt","Pummel"],"picked":"Flex","floor":1},{"not_picked":["Headbutt","Hemokinesis"],"picked":"Flex","floor":2},{"not_picked":["Body Slam","Clothesline"],"picked":"Thunderclap","floor":3},{"not_picked":["Seeing Red","Whirlwind"],"picked":"Flex","floor":4},{"not_picked":["Clash","True Grit"],"picked":"Twin Strike","floor":5},{"not_picked":["Armaments","Metallicize"],"picked":"Blood for Blood","floor":6},{"not_picked":["Rampage","Rage","Clothesline","Seeing Red"],"picked":"SKIP","floor":7},{"not_picked":["Burning Pact","Rampage","Sever Soul"],"picked":"Flex","floor":10},{"not_picked":["Pommel Strike","Uppercut","Burning Pact"],"picked":"Infernal Blade","floor":11},{"not_picked":["Rampage","Pommel Strike","Sever Soul","Hemokinesis"],"picked":"SKIP","floor":12},{"not_picked":["Impervious","Flame Barrier","Rampage"],"picked":"Rupture","floor":14},{"not_picked":["Impervious","Berserk","Fiend Fire"],"picked":"Demon Form","floor":16},{"not_picked":["Iron Wave","Corruption","Sword Boomerang"],"picked":"Combust","floor":18},{"not_picked":["Cleave+1","Second Wind+1","True Grit"],"picked":"Perfected Strike","floor":19},{"not_picked":["True Grit","Sever Soul+1","Shrug It Off"],"picked":"Double Tap","floor":20}],"player_experience":23655,"potions_floor_usage":[6,6,16,18,18,21,21],"damage_taken":[{"damage":6,"enemies":"Cultist","floor":1,"turns":3},{"damage":1,"enemies":"2 Louse","floor":2,"turns":3},{"damage":7,"enemies":"Small Slimes","floor":3,"turns":4},{"damage":4,"enemies":"Blue Slaver","floor":4,"turns":3},{"damage":8,"enemies":"Lots of Slimes","floor":5,"turns":3},{"damage":22,"enemies":"3 Sentries","floor":6,"turns":6},{"damage":10,"enemies":"Looter","floor":7,"turns":2},{"damage":7,"enemies":"Blue Slaver","floor":10,"turns":3},{"damage":8,"enemies":"Exordium Wildlife","floor":11,"turns":3},{"damage":0,"enemies":"3 Louse","floor":12,"turns":2},{"damage":0,"enemies":"Large Slime","floor":14,"turns":4},{"damage":51,"enemies":"The Guardian","floor":16,"turns":7},{"damage":31,"enemies":"2 Thieves","floor":18,"turns":4},{"damage":8,"enemies":"3 Byrds","floor":19,"turns":5},{"damage":33,"enemies":"Snecko","floor":20,"turns":5},{"damage":32,"enemies":"Chosen and Byrds","floor":21,"turns":3}],"relics_obtained":[{"floor":6,"key":"Question Card"},{"floor":9,"key":"Oddly Smooth Stone"}],"event_choices":[],"boss_relics":[{"not_picked":["White Beast Statue","Calling Bell"],"picked":"Tiny House"}],"items_purged_floors":[],"potions_floor_spawned":[2,4,6,7,16,20],"seed_played":"5130888499136216814","killed_by":"Chosen and Byrds","ascension_level":0,"potions_obtained":[{"floor":2,"key":"Strength Potion"},{"floor":4,"key":"FearPotion"},{"floor":6,"key":"LiquidBronze"},{"floor":7,"key":"Ancient Potion"},{"floor":16,"key":"Weak Potion"},{"floor":17,"key":"Fruit Juice"},{"floor":20,"key":"Strength Potion"}],"is_trial":false}