{"gold_per_floor":[118,118,132,132,57,57,57,113,137,152,152,184,66,66,66,189,189,205,205,225,241,17,60,60,101,126,126,150,181,10,10,10,136,136,151,174,174,97,120,120,133,133,133,133,174,198,232,253,253,253],"floor_reached":50,"playtime":2741,"items_purged":["Doubt","Injury"],"score":890,"play_id":"573aea2b-be23-4386-abce-694feda3295c","local_time":"20190422122314","is_ascension_mode":true,"campfire_choices":[{"data":"1","floor":6,"key":"LIFT"},{"data":"2","floor":11,"key":"LIFT"},{"data":"3","floor":15,"key":"LIFT"},{"floor":24,"key":"REST"},{"floor":27,"key":"REST"},{"data":"Echo Form","floor":32,"key":"SMITH"},{"data":"Defragment","floor":40,"key":"SMITH"},{"floor":42,"key":"REST"},{"data":"Buffer","floor":44,"key":"SMITH"},{"floor":49,"key":"RECALL"}],"neow_cost":"CURSE","seed_source_timestamp":918440776439583,"circlet_count":0,"master_deck":["Defend_B","Defend_B","Defend_B","Defend_B","Zap","Dualcast","Glacier+1","Lockon","Sweeping Beam","Go for the Eyes","Loop","Barrage","Echo Form+1","Doom and Gloom+1","Streamline+1","BootSequence+1","Sweeping Beam+1","Necronomicurse","Auto Shields","Sunder+1","Recycle+1","Hologram+1","Turbo+1","Coolheaded","Go for the Eyes+1","Core Surge","Chill","Buffer+1","Stack+1","Sunder+1","Defragment+1","Conserve Battery","Steam+1"],"relics":["Cracked Core","Girya","Thread and Needle","Tiny Chest","Strawberry","PreservedInsect","Golden Idol","Astrolabe","Necronomicon","Vajra","Dream Catcher","Orichalcum","War Paint","Blue Candle","Pen Nib","Nuclear Battery","StoneCalendar","Mercury Hourglass","Regal Pillow"],"potions_floor_usage":[16,16,29,29,50,50,50],"damage_taken":[{"damage":0,"enemies":"2 Louse","floor":1,"turns":1},{"damage":1,"enemies":"Cultist","floor":3,"turns":3},{"damage":8,"enemies":"3 Sentries","floor":8,"turns":8},{"damage":3,"enemies":"Small Slimes","floor":10,"turns":3},{"damage":22,"enemies":"Gremlin Nob","floor":12,"turns":4},{"damage":3,"enemies":"Slime Boss","floor":16,"turns":8},{"damage":4,"enemies":"2 Thieves","floor":18,"turns":4},{"damage":0,"enemies":"Shell Parasite","floor":20,"turns":2},{"damage":23,"enemies":"Snake Plant","floor":21,"turns":3},{"damage":0,"enemies":"Slavers","floor":23,"turns":3},{"damage":15,"enemies":"Gremlin Leader","floor":25,"turns":4},{"damage":0,"enemies":"Centurion and Healer","floor":28,"turns":4},{"damage":1,"enemies":"Slavers","floor":29,"turns":4},{"damage":56,"enemies":"Collector","floor":33,"turns":12},{"damage":0,"enemies":"3 Darklings","floor":35,"turns":2},{"damage":23,"enemies":"3 Shapes","floor":36,"turns":4},{"damage":25,"enemies":"Spire Growth","floor":41,"turns":5},{"damage":7,"enemies":"Nemesis","floor":45,"turns":5},{"damage":0,"enemies":"Jaw Worm Horde","floor":46,"turns":2},{"damage":0,"enemies":"Giant Head","floor":47,"turns":7},{"damage":0,"enemies":"Sphere and 2 Shapes","floor":48,"turns":3},{"damage":43,"enemies":"Awakened One","floor":50,"turns":8}],"seed_played":"-8418085623345442395","potions_obtained":[{"floor":1,"key":"Dexterity Potion"},{"floor":3,"key":"SteroidPotion"},{"floor":8,"key":"Fire Potion"},{"floor":10,"key":"PowerPotion"},{"floor":25,"key":"Fruit Juice"},{"floor":33,"key":"SpeedPotion"},{"floor":36,"key":"Strength Potion"},{"floor":47,"key":"SteroidPotion"}],"is_trial":false,"path_per_floor":["M","?","M","?","$","R","?","E","T","M","R","E","$","?","R","B",null,"M","?","M","M","$","E","R","E","T","R","M","E","$","?","R","B",null,"M","M","?","$","T","R","M","R","T","R","E","M","E","M","R","B"],"character_chosen":"DEFECT","items_purchased":["Loop","Barrage","Vajra","Recycle","Chill","Defragment"],"campfire_rested":3,"item_purchase_floors":[13,13,22,22,30,38],"current_hp_per_floor":[68,68,67,67,67,67,60,52,59,56,56,34,34,34,34,31,69,65,49,49,26,26,26,50,35,35,59,59,63,63,63,63,7,67,67,44,44,44,44,44,19,45,45,45,38,38,38,38,38,0],"gold":253,"neow_bonus":"ONE_RARE_RELIC","is_prod":false,"is_daily":false,"chose_seed":false,"campfire_upgraded":3,"win_rate":0,"timestamp":1555928594,"path_taken":["M","?","?","?","$","R","?","E","T","M","R","E","$","?","R","BOSS","M","?","M","M","$","E","R","E","T","R","M","E","$","?","R","BOSS","M","M","?","$","?","R","?","R","T","R","E","M","E","M","R","BOSS"],"build_version":"2019-01-23","purchased_purges":2,"victory":false,"max_hp_per_floor":[75,75,75,75,75,75,75,75,82,82,82,82,82,82,82,82,82,82,82,82,82,82,82,82,82,82,82,82,87,87,87,87,87,87,87,87,87,87,87,87,87,87,87,87,87,87,87,87,87,87],"card_choices":[{"not_picked":["Recycle","Conserve Battery"],"picked":"Glacier","floor":1},{"not_picked":["Conserve Battery","Gash"],"picked":"Sweeping Beam","floor":3},{"not_picked":["Rebound","Redo","Double Energy"],"picked":"SKIP","floor":8},{"not_picked":["Tempest","Skim","Steam"],"picked":"SKIP","floor":10},{"not_picked":["Tempest","Skim","Steam"],"picked":"SKIP","floor":10},{"not_picked":["Tempest","Turbo"],"picked":"Go for the Eyes","floor":12},{"not_picked":["All For One","Rainbow"],"picked":"Echo Form","floor":16},{"not_picked":["Chill","Genetic Algorithm"],"picked":"Sweeping Beam+1","floor":18},{"not_picked":["Force Field","Sweeping Beam"],"picked":"Auto Shields","floor":20},{"not_picked":["Doom and Gloom","Consume"],"picked":"Sunder+1","floor":21},{"not_picked":["Auto Shields","Stack+1"],"picked":"Hologram+1","floor":23},{"not_picked":["Force Field","Buffer"],"picked":"Turbo+1","floor":24},{"not_picked":["All For One","Streamline"],"picked":"Coolheaded","floor":25},{"not_picked":["Fusion","Barrage"],"picked":"Go for the Eyes+1","floor":27},{"not_picked":["Beam Cell+1","Sweeping Beam+1","Streamline"],"picked":"SKIP","floor":28},{"not_picked":["Leap","Beam Cell"],"picked":"Core Surge","floor":29},{"not_picked":["All For One","Electrodynamics"],"picked":"Buffer","floor":33},{"not_picked":["Aggregate","Barrage","Reprogram"],"picked":"SKIP","floor":35},{"not_picked":["Steam+1","Aggregate"],"picked":"Stack+1","floor":36},{"not_picked":["Turbo","Doom and Gloom","Go for the Eyes"],"picked":"SKIP","floor":41},{"not_picked":["Darkness","Sweeping Beam","Sunder+1"],"picked":"SKIP","floor":45},{"not_picked":["Sweeping Beam+1","Beam Cell+1"],"picked":"Conserve Battery","floor":46},{"not_picked":["Loop","Electrodynamics"],"picked":"Steam+1","floor":47},{"not_picked":["Fusion","Recycle+1","Conserve Battery"],"picked":"SKIP","floor":48}],"player_experience":462496,"relics_obtained":[{"floor":8,"key":"Tiny Chest"},{"floor":9,"key":"Strawberry"},{"floor":12,"key":"PreservedInsect"},{"floor":19,"key":"Necronomicon"},{"floor":23,"key":"Dream Catcher"},{"floor":25,"key":"Orichalcum"},{"floor":26,"key":"War Paint"},{"floor":29,"key":"Blue Candle"},{"floor":43,"key":"StoneCalendar"},{"floor":45,"key":"Mercury Hourglass"},{"floor":47,"key":"Regal Pillow"}],"event_choices":[{"damage_healed":0,"gold_gain":0,"cards_transformed":["Strike_B"],"player_choice":"Transformed","damage_taken":0,"max_hp_gain":0,"max_hp_loss":0,"event_name":"Transmorgrifier","floor":2,"gold_loss":0,"cards_obtained":["Lockon"]},{"damage_healed":0,"gold_gain":0,"player_choice":"Ignored","damage_taken":0,"max_hp_gain":0,"max_hp_loss":0,"event_name":"Liars Game","floor":4,"gold_loss":0},{"damage_healed":0,"gold_gain":0,"player_choice":"Success","damage_taken":7,"relics_obtained":["Thread and Needle"],"max_hp_gain":0,"max_hp_loss":0,"event_name":"Scrap Ooze","floor":7,"gold_loss":0},{"damage_healed":0,"gold_gain":0,"player_choice":"Take Wound","damage_taken":0,"relics_obtained":["Golden Idol"],"max_hp_gain":0,"max_hp_loss":0,"event_name":"Golden Idol","floor":14,"gold_loss":0,"cards_obtained":["Injury"]},{"damage_healed":0,"gold_gain":0,"player_choice":"Obtained Book","damage_taken":16,"max_hp_gain":0,"max_hp_loss":0,"event_name":"Cursed Tome","floor":19,"gold_loss":0},{"damage_healed":0,"gold_gain":0,"player_choice":"Opened","damage_taken":0,"relics_obtained":["Pen Nib"],"max_hp_gain":0,"max_hp_loss":0,"event_name":"The Mausoleum","floor":31,"gold_loss":0},{"damage_healed":0,"gold_gain":0,"player_choice":"Copied","damage_taken":0,"max_hp_gain":0,"max_hp_loss":0,"event_name":"Duplicator","floor":37,"gold_loss":0,"cards_obtained":["Sunder"]}],"is_beta":false,"boss_relics":[{"not_picked":["Snecko Eye","Philosopher\u0027s Stone"],"picked":"Astrolabe"},{"not_picked":["FrozenCore","Velvet Choker"],"picked":"Nuclear Battery"}],"items_purged_floors":[5,30],"is_endless":false,"potions_floor_spawned":[1,3,8,10,25,33,36,47,48],"killed_by":"Awakened One","ascension_level":9}