{"gold_per_floor":[111,111,111,261,281,313,313,347,347,347,358,374,0,18,18,95,95,105,118,168,183,195,228,228,228,228,261,176,176,210,44,44,44],"floor_reached":33,"playtime":1210,"items_purged":[],"score":644,"play_id":"ec849a05-0d9c-4def-a97b-c140de566008","local_time":"20190326185535","is_ascension_mode":true,"campfire_choices":[{"data":"Double Energy","floor":10,"key":"SMITH"},{"data":"Redo","floor":15,"key":"SMITH"},{"floor":25,"key":"DIG"},{"floor":32,"key":"REST"}],"neow_cost":"NONE","seed_source_timestamp":322074416248000,"circlet_count":0,"master_deck":["AscendersBane","Strike_B+1","Strike_B+1","Strike_B+1","Strike_B+1","Defend_B+1","Defend_B+1","Defend_B+1","Defend_B+1","Zap","Dualcast","Double Energy+1","Coolheaded","Reboot","Doom and Gloom","Redo+1","Ball Lightning","Biased Cognition","Discovery","Conserve Battery","Biased Cognition","Cold Snap","White Noise","Go for the Eyes","Leap"],"relics":["Cracked Core","NeowsBlessing","Symbiotic Virus","Potion Belt","The Courier","Dead Branch","Busted Crown","Shovel","Unceasing Top","StoneCalendar","Bottled Tornado","Torii","Red Mask","MealTicket"],"potions_floor_usage":[8,16,22],"damage_taken":[{"damage":0,"enemies":"2 Louse","floor":1,"turns":1},{"damage":0,"enemies":"Small Slimes","floor":5,"turns":1},{"damage":0,"enemies":"3 Sentries","floor":6,"turns":1},{"damage":4,"enemies":"Lagavulin","floor":8,"turns":8},{"damage":1,"enemies":"Cultist","floor":11,"turns":4},{"damage":0,"enemies":"Exordium Wildlife","floor":12,"turns":3},{"damage":1,"enemies":"Looter","floor":14,"turns":2},{"damage":8,"enemies":"Hexaghost","floor":16,"turns":8},{"damage":0,"enemies":"Shell Parasite","floor":18,"turns":3},{"damage":6,"enemies":"3 Byrds","floor":19,"turns":3},{"damage":9,"enemies":"Centurion and Healer","floor":21,"turns":3},{"damage":17,"enemies":"Snake Plant","floor":22,"turns":4},{"damage":0,"enemies":"Slavers","floor":23,"turns":4},{"damage":0,"enemies":"Gremlin Leader","floor":27,"turns":5},{"damage":10,"enemies":"Masked Bandits","floor":30,"turns":3},{"damage":44,"enemies":"Collector","floor":33,"turns":9}],"seed_played":"301878185234511057","potions_obtained":[{"floor":1,"key":"SkillPotion"},{"floor":11,"key":"Weak Potion"},{"floor":19,"key":"Block Potion"}],"is_trial":false,"path_per_floor":["M","?","$","?","M","E","?","E","T","R","M","M","$","M","R","B",null,"M","M","?","M","M","E","?","R","T","E","?","?","?","$","R","B"],"character_chosen":"DEFECT","items_purchased":["Biased Cognition","Dead Branch","Discovery","MealTicket"],"campfire_rested":1,"item_purchase_floors":[13,13,13,31],"current_hp_per_floor":[64,64,64,64,64,64,57,53,53,53,52,52,52,51,51,43,64,64,58,51,42,25,25,25,25,25,25,25,25,15,15,36,0],"gold":44,"neow_bonus":"THREE_ENEMY_KILL","is_prod":false,"is_daily":false,"chose_seed":false,"campfire_upgraded":2,"win_rate":0,"timestamp":1553644535,"path_taken":["M","?","$","?","M","E","?","E","T","R","M","M","$","M","R","BOSS","M","M","?","?","M","E","?","R","T","E","?","?","?","?","R","BOSS"],"build_version":"2019-01-23","purchased_purges":0,"victory":false,"max_hp_per_floor":[71,71,71,71,71,71,71,71,71,71,71,71,71,71,71,71,71,71,71,71,71,71,71,71,71,71,71,71,71,71,71,71,71],"card_choices":[{"not_picked":["Streamline","Redo"],"picked":"Double Energy","floor":1},{"not_picked":["Steam","Genetic Algorithm"],"picked":"Coolheaded","floor":5},{"not_picked":["Compile Driver","Steam"],"picked":"Reboot","floor":6},{"not_picked":["Coolheaded","Go for the Eyes"],"picked":"Doom and Gloom","floor":8},{"not_picked":["Barrage","Stack"],"picked":"Redo","floor":11},{"not_picked":["Cold Snap","Leap"],"picked":"Ball Lightning","floor":12},{"not_picked":["Cold Snap","Gash"],"picked":"Conserve Battery","floor":14},{"not_picked":["Thunder Strike","Amplify"],"picked":"Biased Cognition","floor":16},{"not_picked":[],"picked":"Cold Snap","floor":18},{"not_picked":[],"picked":"White Noise","floor":19},{"not_picked":[],"picked":"Go for the Eyes","floor":21},{"not_picked":["Rip and Tear"],"picked":"SKIP","floor":22},{"not_picked":[],"picked":"Leap","floor":23},{"not_picked":["Ball Lightning"],"picked":"SKIP","floor":27}],"player_experience":1155722,"relics_obtained":[{"floor":6,"key":"Symbiotic Virus"},{"floor":8,"key":"Potion Belt"},{"floor":9,"key":"The Courier"},{"floor":23,"key":"Shovel"},{"floor":25,"key":"Unceasing Top"},{"floor":26,"key":"StoneCalendar"},{"floor":27,"key":"Bottled Tornado"},{"floor":30,"key":"Red Mask"}],"event_choices":[{"damage_healed":0,"gold_gain":0,"player_choice":"Leave","damage_taken":0,"max_hp_gain":0,"max_hp_loss":0,"event_name":"The Cleric","floor":2,"gold_loss":0},{"damage_healed":0,"gold_gain":150,"player_choice":"AGREE","damage_taken":0,"max_hp_gain":0,"max_hp_loss":0,"event_name":"Liars Game","floor":4,"gold_loss":0,"cards_obtained":["Doubt"]},{"cards_removed":["Doubt"],"damage_healed":0,"gold_gain":0,"player_choice":"Card Removal","damage_taken":7,"max_hp_gain":0,"max_hp_loss":0,"event_name":"Golden Wing","floor":7,"gold_loss":0},{"damage_healed":0,"gold_gain":50,"player_choice":"Touch","damage_taken":7,"max_hp_gain":0,"max_hp_loss":0,"event_name":"FaceTrader","floor":20,"gold_loss":0},{"damage_healed":0,"gold_gain":0,"player_choice":"Simplicity","damage_taken":0,"max_hp_gain":0,"max_hp_loss":0,"event_name":"Back to Basics","floor":24,"gold_loss":0,"cards_upgraded":["Strike_B","Strike_B","Strike_B","Strike_B","Defend_B","Defend_B","Defend_B","Defend_B"]},{"damage_healed":0,"gold_gain":0,"player_choice":"Obtained Relic","damage_taken":0,"relics_obtained":["Torii"],"max_hp_gain":0,"max_hp_loss":0,"event_name":"Addict","floor":28,"gold_loss":85},{"damage_healed":0,"gold_gain":0,"player_choice":"Ignored","damage_taken":0,"max_hp_gain":0,"max_hp_loss":0,"event_name":"Beggar","floor":29,"gold_loss":0},{"damage_healed":0,"gold_gain":0,"player_choice":"Fought Bandits","damage_taken":0,"max_hp_gain":0,"max_hp_loss":0,"event_name":"Masked Bandits","floor":30,"gold_loss":0}],"is_beta":false,"boss_relics":[{"not_picked":["Philosopher\u0027s Stone","Coffee Dripper"],"picked":"Busted Crown"}],"items_purged_floors":[],"is_endless":false,"potions_floor_spawned":[1,11,19],"killed_by":"Collector","ascension_level":15}