{"gold_per_floor":[360,370,370,370,12,12,46,46,46,61,11,45,58,58,58,160,160,179,192,291,305,317,317,327,327,327,338,338,355,183,197,197,298,298,309,89,108,33,49,49],"floor_reached":40,"playtime":1870,"items_purged":["Strike_B","Parasite","Strike_B"],"score":505,"play_id":"06d37802-6bcb-4b40-b183-f6c0200367ed","local_time":"20181024200850","is_ascension_mode":true,"campfire_choices":[{"data":"Static Discharge","floor":6,"key":"SMITH"},{"floor":8,"key":"REST"},{"data":"Capacitor","floor":15,"key":"SMITH"},{"floor":23,"key":"REST"},{"floor":25,"key":"REST"},{"floor":32,"key":"REST"}],"neow_cost":"CURSE","seed_source_timestamp":338686955596075,"circlet_count":0,"master_deck":["Strike_B","Defend_B","Defend_B","Defend_B","Defend_B","Zap","Dualcast","Capacitor+1","Cold Snap","Static Discharge+1","Conserve Battery","Conserve Battery","Stack","Barrage","Steam","Machine Learning","Barrage","White Noise","Undo+1","Storm","Steam","Stack","Static Discharge","Steam","Buffer","Cold Snap+1","Bandage Up","Barrage+1","Self Repair"],"relics":["Cracked Core","Oddly Smooth Stone","Mango","Vajra","Eternal Feather","Meat on the Bone","Incense Burner","Lizard Tail"],"potions_floor_usage":[7,16,16,33,33],"damage_taken":[{"damage":4,"enemies":"Jaw Worm","floor":1,"turns":3},{"damage":4,"enemies":"2 Louse","floor":2,"turns":2},{"damage":27,"enemies":"Lagavulin","floor":7,"turns":6},{"damage":2,"enemies":"Small Slimes","floor":10,"turns":4},{"damage":12,"enemies":"3 Sentries","floor":12,"turns":7},{"damage":6,"enemies":"3 Louse","floor":13,"turns":2},{"damage":23,"enemies":"Hexaghost","floor":16,"turns":11},{"damage":19,"enemies":"Shell Parasite","floor":18,"turns":4},{"damage":23,"enemies":"Chosen","floor":19,"turns":6},{"damage":25,"enemies":"Snecko","floor":21,"turns":10},{"damage":25,"enemies":"Centurion and Healer","floor":22,"turns":6},{"damage":23,"enemies":"Sentry and Sphere","floor":24,"turns":6},{"damage":23,"enemies":"Snake Plant","floor":27,"turns":5},{"damage":38,"enemies":"Shelled Parasite and Fungi","floor":29,"turns":6},{"damage":11,"enemies":"Cultist and Chosen","floor":31,"turns":5},{"damage":44,"enemies":"Collector","floor":33,"turns":14},{"damage":42,"enemies":"3 Darklings","floor":35,"turns":6},{"damage":32,"enemies":"Orb Walker","floor":37,"turns":5},{"damage":68,"enemies":"Jaw Worm Horde","floor":39,"turns":5},{"damage":46,"enemies":"Reptomancer","floor":40,"turns":2}],"seed_played":"-105641562347394326","potions_obtained":[{"floor":2,"key":"Weak Potion"},{"floor":10,"key":"FearPotion"},{"floor":13,"key":"PowerPotion"},{"floor":29,"key":"Swift Potion"},{"floor":35,"key":"Ancient Potion"}],"is_trial":false,"path_per_floor":["M","M","?","?","$","R","E","R","T","M","?","E","M","?","R","B",null,"M","M","?","M","M","R","M","R","T","M","T","M","$","M","R","B",null,"M","$","M","$","M"],"character_chosen":"DEFECT","items_purchased":["Cold Snap","Static Discharge","Conserve Battery","Block Potion","EssenceOfSteel","Steam","Fire Potion","Bandage Up","Self Repair"],"campfire_rested":4,"item_purchase_floors":[5,5,5,5,5,30,30,36,38],"current_hp_per_floor":[71,67,60,65,65,65,38,62,76,74,74,62,56,79,79,56,94,75,52,52,27,2,42,19,59,59,48,48,22,22,23,65,33,91,49,49,33,33,30,0],"gold":49,"neow_bonus":"TWO_FIFTY_GOLD","is_prod":false,"is_daily":false,"chose_seed":false,"campfire_upgraded":2,"win_rate":0,"timestamp":1540404530,"path_taken":["M","M","?","?","$","R","E","R","T","M","?","E","M","?","R","BOSS","M","M","?","M","M","R","?","R","T","?","?","M","$","M","R","BOSS","M","$","M","$","M","E"],"build_version":"2018-10-18","purchased_purges":3,"victory":false,"max_hp_per_floor":[75,75,75,80,80,80,80,80,94,94,94,94,94,94,94,94,94,94,94,94,94,94,94,94,94,94,94,94,94,91,91,91,91,91,91,91,91,91,91,91],"card_choices":[{"not_picked":["Streamline","Hello World"],"picked":"Capacitor","floor":1},{"not_picked":["Redo","Genetic Algorithm","Sweeping Beam"],"picked":"SKIP","floor":2},{"not_picked":["Leap","Barrage"],"picked":"Conserve Battery","floor":7},{"not_picked":["Sweeping Beam","Streamline"],"picked":"Stack","floor":10},{"not_picked":["Go for the Eyes","Core Surge"],"picked":"Barrage","floor":12},{"not_picked":["Turbo","Rebound"],"picked":"Steam","floor":13},{"not_picked":["Amplify","Seek"],"picked":"Machine Learning","floor":16},{"not_picked":["Capacitor","Static Discharge"],"picked":"Barrage","floor":18},{"not_picked":["Coolheaded","Gash"],"picked":"White Noise","floor":19},{"not_picked":["Reinforced Body","Beam Cell"],"picked":"Undo+1","floor":21},{"not_picked":["Rebound","Steam"],"picked":"Storm","floor":22},{"not_picked":["Sweeping Beam","Redo"],"picked":"Steam","floor":24},{"not_picked":["Melter","Streamline"],"picked":"Stack","floor":27},{"not_picked":["Streamline","Scrape+1"],"picked":"Static Discharge","floor":29},{"not_picked":["Redo+1","Streamline","Stack"],"picked":"SKIP","floor":31},{"not_picked":["Echo Form","Thunder Strike"],"picked":"Buffer","floor":33},{"not_picked":["Go for the Eyes","Rebound"],"picked":"Cold Snap+1","floor":35},{"not_picked":["Streamline","Coolheaded+1"],"picked":"Barrage+1","floor":37},{"not_picked":["Hologram+1","Ball Lightning","Rip and Tear"],"picked":"SKIP","floor":39}],"player_experience":246493,"relics_obtained":[{"floor":7,"key":"Oddly Smooth Stone"},{"floor":9,"key":"Mango"},{"floor":12,"key":"Vajra"},{"floor":26,"key":"Meat on the Bone"},{"floor":28,"key":"Incense Burner"}],"event_choices":[{"cards_removed":["Normality"],"damage_healed":0,"gold_gain":0,"player_choice":"Card Removal","damage_taken":7,"max_hp_gain":0,"max_hp_loss":0,"event_name":"Golden Wing","floor":3,"gold_loss":0},{"damage_healed":0,"gold_gain":0,"player_choice":"Donut","damage_taken":0,"max_hp_gain":5,"max_hp_loss":0,"event_name":"Big Fish","floor":4,"gold_loss":0},{"cards_removed":["Strike_B"],"damage_healed":0,"gold_gain":0,"player_choice":"Card Removal","damage_taken":0,"max_hp_gain":0,"max_hp_loss":0,"event_name":"The Cleric","floor":11,"gold_loss":50},{"damage_healed":23,"gold_gain":0,"player_choice":"Healed and dodged fight","damage_taken":0,"max_hp_gain":0,"max_hp_loss":0,"event_name":"Mushrooms","floor":14,"gold_loss":0,"cards_obtained":["Parasite"]},{"damage_healed":0,"gold_gain":99,"player_choice":"Stole From Cult","damage_taken":0,"max_hp_gain":0,"max_hp_loss":0,"event_name":"Nest","floor":20,"gold_loss":0}],"is_beta":false,"boss_relics":[{"not_picked":["Calling Bell","White Beast Statue"],"picked":"Eternal Feather"},{"not_picked":["Nuclear Battery","Runic Pyramid"],"picked":"Lizard Tail"}],"items_purged_floors":[5,30,36],"is_endless":false,"potions_floor_spawned":[2,10,13,22,29,35],"killed_by":"Reptomancer","ascension_level":4}