{"gold_per_floor":[213,31,31,50,10,10,10,39,51,73,113,125,169,197,209,299,311,334,9,9,23,41,41,41,41,66,77,108,128,0,0],"floor_reached":31,"playtime":1666,"items_purged":["Strike_G","Strike_G"],"score":596,"play_id":"5e56e9aa-c40e-4a65-a006-ad3821ef4b8a","local_time":"20190413001529","is_ascension_mode":true,"campfire_choices":[{"data":"Apotheosis","floor":6,"key":"SMITH"},{"floor":12,"key":"REST"},{"floor":15,"key":"REST"},{"floor":23,"key":"REST"},{"floor":25,"key":"REST"}],"neow_cost":"NONE","seed_source_timestamp":1265083882890454,"circlet_count":0,"master_deck":["AscendersBane","Defend_G+1","Defend_G","Defend_G","Defend_G","Defend_G+1","Strike_G","Strike_G","Strike_G","Survivor","Neutralize","All Out Attack","Apotheosis+1","Deadly Poison","Footwork","Dash","Wraith Form v2","Dagger Spray","After Image","Catalyst","Dagger Throw","Infinite Blades+1","Backflip","Backflip","Cloak And Dagger","PiercingWail"],"relics":["Ring of the Serpent","Pen Nib","MawBank","Question Card","Matryoshka","PreservedInsect","Ninja Scroll","Snake Skull","War Paint","Dodecahedron"],"potions_floor_usage":[8,13,14,16,24,24,29],"damage_taken":[{"damage":0,"enemies":"2 Louse","floor":1,"turns":3},{"damage":0,"enemies":"Small Slimes","floor":4,"turns":5},{"damage":0,"enemies":"Lagavulin","floor":8,"turns":7},{"damage":1,"enemies":"Jaw Worm","floor":10,"turns":2},{"damage":37,"enemies":"Gremlin Nob","floor":11,"turns":5},{"damage":13,"enemies":"3 Sentries","floor":13,"turns":8},{"damage":14,"enemies":"Lots of Slimes","floor":14,"turns":3},{"damage":13,"enemies":"Slime Boss","floor":16,"turns":13},{"damage":8,"enemies":"Shell Parasite","floor":18,"turns":7},{"damage":16,"enemies":"Spheric Guardian","floor":21,"turns":6},{"damage":21,"enemies":"Shelled Parasite and Fungi","floor":22,"turns":8},{"damage":2,"enemies":"Colosseum Slavers","floor":24,"turns":5},{"damage":12,"enemies":"Centurion and Healer","floor":27,"turns":7},{"damage":17,"enemies":"Gremlin Leader","floor":28,"turns":6},{"damage":9,"enemies":"Snake Plant","floor":29,"turns":6},{"damage":19,"enemies":"Cultist and Chosen","floor":31,"turns":3}],"seed_played":"8378891657560508062","potions_obtained":[{"floor":1,"key":"SteroidPotion"},{"floor":10,"key":"Dexterity Potion"},{"floor":11,"key":"Swift Potion"},{"floor":14,"key":"EssenceOfSteel"},{"floor":16,"key":"Dexterity Potion"},{"floor":22,"key":"Block Potion"},{"floor":27,"key":"EssenceOfSteel"}],"is_trial":false,"path_per_floor":["M","$","?","M","?","R","?","E","T","M","E","R","E","M","R","B",null,"M","$","?","M","M","R","?","R","T","M","E","M","$","M"],"character_chosen":"THE_SILENT","items_purchased":["Apotheosis","After Image","Catalyst","Dagger Throw","PiercingWail"],"campfire_rested":4,"item_purchase_floors":[2,19,19,19,30],"current_hp_per_floor":[59,59,54,54,54,54,54,54,54,53,16,35,22,8,27,14,53,45,45,45,29,8,27,25,44,44,32,15,6,6,0],"gold":0,"neow_bonus":"HUNDRED_GOLD","is_prod":false,"is_daily":false,"chose_seed":false,"campfire_upgraded":1,"win_rate":0,"timestamp":1555082129,"path_taken":["M","$","?","M","?","R","?","E","T","?","E","R","E","M","R","BOSS","M","?","?","?","M","R","?","R","T","M","E","M","$","M"],"build_version":"2019-01-23","purchased_purges":2,"victory":false,"max_hp_per_floor":[66,66,66,66,66,66,66,66,66,66,66,66,66,66,66,66,66,66,66,66,66,66,66,66,66,66,66,66,66,66,66],"card_choices":[{"not_picked":["Flying Knee","Blade Dance"],"picked":"All Out Attack","floor":1},{"not_picked":["Quick Slash","Bane"],"picked":"Deadly Poison","floor":4},{"not_picked":["Outmaneuver","Endless Agony","Accuracy"],"picked":"SKIP","floor":8},{"not_picked":["Cloak And Dagger","PiercingWail","Well Laid Plans"],"picked":"Footwork","floor":10},{"not_picked":["Accuracy","Bouncing Flask","Acrobatics"],"picked":"Dodge and Roll","floor":11},{"not_picked":["Unload","Bouncing Flask","Riddle With Holes","All Out Attack"],"picked":"SKIP","floor":13},{"not_picked":["Unload","Bouncing Flask","Riddle With Holes","All Out Attack"],"picked":"SKIP","floor":13},{"not_picked":["Deadly Poison","Outmaneuver","Eviscerate"],"picked":"Dash","floor":14},{"not_picked":["A Thousand Cuts","Unload","Tools of the Trade"],"picked":"Wraith Form v2","floor":16},{"not_picked":["Underhanded Strike","Quick Slash","Calculated Gamble+1"],"picked":"Dagger Spray","floor":18},{"not_picked":["Flying Knee","Underhanded Strike","Prepared+1"],"picked":"Infinite Blades+1","floor":21},{"not_picked":["Skewer","Calculated Gamble","Well Laid Plans"],"picked":"Backflip","floor":22},{"not_picked":["Slice","Heel Hook","Blade Dance+1"],"picked":"Backflip","floor":27},{"not_picked":["Setup","Acrobatics","Underhanded Strike+1"],"picked":"Cloak And Dagger","floor":28},{"not_picked":["Envenom","Flying Knee","Tactician","Dodge and Roll"],"picked":"SKIP","floor":29}],"player_experience":906405,"relics_obtained":[{"floor":8,"key":"MawBank"},{"floor":9,"key":"Question Card"},{"floor":11,"key":"Matryoshka"},{"floor":13,"key":"PreservedInsect"},{"floor":26,"key":"Snake Skull"},{"floor":26,"key":"War Paint"},{"floor":28,"key":"Dodecahedron"}],"event_choices":[{"damage_healed":0,"gold_gain":0,"player_choice":"Success","damage_taken":5,"relics_obtained":["Pen Nib"],"max_hp_gain":0,"max_hp_loss":0,"event_name":"Scrap Ooze","floor":3,"gold_loss":0},{"damage_healed":0,"gold_gain":0,"player_choice":"Left Gold","damage_taken":0,"max_hp_gain":0,"max_hp_loss":0,"event_name":"World of Goop","floor":5,"gold_loss":40},{"damage_healed":0,"gold_gain":0,"player_choice":"Leave","damage_taken":0,"max_hp_gain":0,"max_hp_loss":0,"event_name":"The Cleric","floor":7,"gold_loss":0},{"cards_removed":["Dodge and Roll"],"damage_healed":0,"gold_gain":0,"player_choice":"Gave Card","damage_taken":0,"relics_obtained":["Ninja Scroll"],"max_hp_gain":0,"max_hp_loss":0,"event_name":"WeMeetAgain","floor":20,"gold_loss":0},{"damage_healed":0,"gold_gain":0,"player_choice":"Fight","damage_taken":0,"max_hp_gain":0,"max_hp_loss":0,"event_name":"Colosseum","floor":24,"gold_loss":0},{"damage_healed":0,"gold_gain":0,"player_choice":"Fled From Nobs","damage_taken":0,"max_hp_gain":0,"max_hp_loss":0,"event_name":"Colosseum","floor":24,"gold_loss":0}],"is_beta":false,"boss_relics":[{"not_picked":["Black Star","Empty Cage"],"picked":"Ring of the Serpent"}],"items_purged_floors":[19,30],"is_endless":false,"potions_floor_spawned":[1,10,11,14,16,22,24,27],"killed_by":"Cultist and Chosen","ascension_level":20}