{"gold_per_floor":[114,132,56,69,83,83,83,127,127,127,151,176,199,238,238,363,363,353,30,30,30,30,30,48,89,89,122,122,145,145,166,166,286,286,301,317,277,50,66,107,107,107,156,156],"floor_reached":44,"playtime":4392,"items_purged":["Strike_G"],"score":798,"play_id":"e29f58c5-f021-44d3-9945-62745a1c3bb0","local_time":"20190504214545","is_ascension_mode":true,"campfire_choices":[{"data":"Neutralize","floor":6.0,"key":"SMITH"},{"data":"Cloak And Dagger","floor":15.0,"key":"SMITH"},{"data":"Footwork","floor":23.0,"key":"SMITH"},{"data":"Blade Dance","floor":28.0,"key":"SMITH"},{"data":"Crippling Poison","floor":30,"key":"SMITH"},{"data":"Infinite Blades","floor":32,"key":"SMITH"},{"data":"Blade Dance","floor":42,"key":"SMITH"}],"neow_cost":"NONE","seed_source_timestamp":0,"circlet_count":0,"master_deck":["AscendersBane","Defend_G+1","Defend_G+1","Defend_G+1","Defend_G+1","Defend_G+1","Strike_G+1","Strike_G+1","Strike_G+1","Strike_G+1","Survivor","Neutralize+1","Acrobatics","Choke","Blade Dance+1","Backflip","Cloak And Dagger+1","PiercingWail","Well Laid Plans+1","Infinite Blades+1","Footwork+1","Dagger Spray+1","Envenom+1","PiercingWail+1","Crippling Poison+1","Flechettes+1","Infinite Blades","Noxious Fumes+1","After Image","Blade Dance+1","Cloak And Dagger"],"special_seed":0,"relics":["Coffee Dripper","Golden Idol","Snake Skull","Molten Egg 2","Tough Bandages","Runic Pyramid","Toy Ornithopter","Pantograph","Ornamental Fan","Ancient Tea Set","Sling","Strawberry","Anchor"],"potions_floor_usage":[41],"damage_taken":[{"damage":0.0,"enemies":"2 Louse","floor":1.0,"turns":3.0},{"damage":1.0,"enemies":"Jaw Worm","floor":2.0,"turns":5.0},{"damage":0.0,"enemies":"Cultist","floor":4.0,"turns":4.0},{"damage":10.0,"enemies":"Large Slime","floor":5.0,"turns":7.0},{"damage":12.0,"enemies":"Gremlin Nob","floor":8.0,"turns":3.0},{"damage":4.0,"enemies":"Gremlin Gang","floor":11.0,"turns":6.0},{"damage":5.0,"enemies":"Looter","floor":12.0,"turns":3.0},{"damage":0.0,"enemies":"Large Slime","floor":13.0,"turns":6.0},{"damage":18.0,"enemies":"3 Sentries","floor":14.0,"turns":9.0},{"damage":7.0,"enemies":"Hexaghost","floor":16.0,"turns":10.0},{"damage":19.0,"enemies":"2 Thieves","floor":18.0,"turns":4.0},{"damage":0.0,"enemies":"Shell Parasite","floor":24.0,"turns":6.0},{"damage":6.0,"enemies":"Gremlin Leader","floor":25.0,"turns":8.0},{"damage":0.0,"enemies":"Book of Stabbing","floor":27.0,"turns":6.0},{"damage":1,"enemies":"Cultist and Chosen","floor":29,"turns":4},{"damage":1,"enemies":"Centurion and Healer","floor":31,"turns":5},{"damage":17,"enemies":"Collector","floor":33,"turns":7},{"damage":10,"enemies":"3 Shapes","floor":35,"turns":6},{"damage":13,"enemies":"Orb Walker","floor":36,"turns":4},{"damage":17,"enemies":"Sphere and 2 Shapes","floor":39,"turns":7},{"damage":7,"enemies":"Reptomancer","floor":40,"turns":8},{"damage":0,"enemies":"Transient","floor":41,"turns":1},{"damage":28,"enemies":"Spire Growth","floor":44,"turns":3}],"seed_played":"7480250627377579194","potions_obtained":[{"floor":2.0,"key":"LiquidBronze"},{"floor":5.0,"key":"FearPotion"},{"floor":8.0,"key":"LiquidBronze"},{"floor":12.0,"key":"Dexterity Potion"},{"floor":18.0,"key":"SpeedPotion"},{"floor":25.0,"key":"AttackPotion"},{"floor":39,"key":"SmokeBomb"}],"is_trial":false,"path_per_floor":["M","M","$","M","M","R","?","E","T","?","M","M","M","E","R","B",null,"M","$","?","?","$","R","M","E","T","E","R","M","R","M","R","B",null,"M","M","?","$","M","E","M","R","T","M"],"character_chosen":"THE_SILENT","items_purchased":["Blade Dance","Energy Potion","Toy Ornithopter","Dexterity Potion","Sling","Blade Dance"],"campfire_rested":0,"item_purchase_floors":[3,3,19,19,38,38],"current_hp_per_floor":[63,62,62,62,52,52,52,40,40,40,36,31,31,13,13,6,50,31,31,31,31,31,31,31,35,35,40,40,39,39,38,38,46,60,50,37,37,37,20,20,25,25,25,0],"gold":156,"neow_bonus":"BOSS_RELIC","is_prod":false,"is_daily":false,"chose_seed":false,"campfire_upgraded":7,"win_rate":0,"timestamp":1557024345,"path_taken":["M","M","$","M","M","R","?","E","T","?","M","M","M","E","R","BOSS","M","$","?","?","?","R","M","E","T","E","R","M","R","M","R","BOSS","M","?","?","$","M","E","?","R","T","M"],"build_version":"2019-01-23","purchased_purges":1,"victory":false,"max_hp_per_floor":[70,70,70,70,70,70,65,65,65,65,65,65,65,65,65,65,65,65,65,65,65,65,65,65,65,65,65,65,65,65,65,65,65,65,65,65,65,65,65,72,72,72,72,72],"card_choices":[{"not_picked":["Deadly Poison","Blade Dance"],"picked":"Acrobatics","floor":1.0},{"not_picked":["Accuracy","Underhanded Strike"],"picked":"Choke","floor":2.0},{"not_picked":["Endless Agony","Outmaneuver"],"picked":"Backflip","floor":4.0},{"not_picked":["Deflect","Acrobatics"],"picked":"Cloak And Dagger","floor":5.0},{"not_picked":["Flying Knee","Phantasmal Killer"],"picked":"PiercingWail","floor":8.0},{"not_picked":["Concentrate","Riddle With Holes+1"],"picked":"Well Laid Plans","floor":11.0},{"not_picked":["Blade Dance","Dagger Spray+1"],"picked":"Infinite Blades","floor":12.0},{"not_picked":["Poisoned Stab+1","Prepared"],"picked":"Footwork","floor":13.0},{"not_picked":["Quick Slash+1","Underhanded Strike+1"],"picked":"Dagger Spray+1","floor":14.0},{"not_picked":["Night Terror","Burst"],"picked":"Envenom","floor":16.0},{"not_picked":["Quick Slash+1","Setup"],"picked":"PiercingWail+1","floor":18.0},{"not_picked":["Poisoned Stab+1","Acrobatics+1","Dagger Spray+1"],"picked":"SKIP","floor":24.0},{"not_picked":["Backflip","Quick Slash+1"],"picked":"Crippling Poison","floor":25.0},{"not_picked":["Deflect","Bane+1"],"picked":"Flechettes+1","floor":27.0},{"not_picked":["Bane+1","PiercingWail+1"],"picked":"Infinite Blades","floor":29},{"not_picked":["Deflect+1","Backstab+1"],"picked":"Noxious Fumes+1","floor":31},{"not_picked":["Bullet Time","Malaise"],"picked":"After Image","floor":33},{"not_picked":["Bane+1","PiercingWail","Underhanded Strike+1"],"picked":"SKIP","floor":35},{"not_picked":["Quick Slash+1","Deadly Poison+1","Slice+1"],"picked":"SKIP","floor":36},{"not_picked":["Poisoned Stab+1","Deflect+1"],"picked":"Cloak And Dagger","floor":39},{"not_picked":["Quick Slash+1","Riddle With Holes+1","Backflip"],"picked":"SKIP","floor":40}],"player_experience":377933,"relics_obtained":[{"floor":8.0,"key":"Snake Skull"},{"floor":9.0,"key":"Molten Egg 2"},{"floor":14.0,"key":"Tough Bandages"},{"floor":25.0,"key":"Pantograph"},{"floor":26.0,"key":"Ornamental Fan"},{"floor":27.0,"key":"Ancient Tea Set"},{"floor":40,"key":"Strawberry"},{"floor":43,"key":"Anchor"}],"event_choices":[{"damage_healed":0.0,"max_hp_gain":0.0,"max_hp_loss":5.0,"gold_gain":0.0,"event_name":"Golden Idol","player_choice":"Lose Max HP","floor":7.0,"gold_loss":0.0,"damage_taken":0.0,"relics_obtained":["Golden Idol"]},{"damage_healed":0.0,"max_hp_gain":0.0,"max_hp_loss":0.0,"gold_gain":0.0,"event_name":"Shining Light","player_choice":"Ignored","floor":10.0,"gold_loss":0.0,"damage_taken":0.0},{"damage_healed":0.0,"max_hp_gain":0.0,"max_hp_loss":0.0,"gold_gain":0.0,"event_name":"Back to Basics","player_choice":"Simplicity","floor":21.0,"gold_loss":0.0,"damage_taken":0.0,"cards_upgraded":["Defend_G","Defend_G","Defend_G","Defend_G","Defend_G","Strike_G","Strike_G","Strike_G","Strike_G"]},{"damage_healed":0,"gold_gain":0,"player_choice":"Upgraded Two","damage_taken":0,"max_hp_gain":0,"max_hp_loss":0,"event_name":"Designer","floor":37,"gold_loss":40,"cards_upgraded":["Well Laid Plans","Envenom"]}],"is_beta":false,"boss_relics":[{"not_picked":["Empty Cage","Snecko Eye"],"picked":"Runic Pyramid"},{"not_picked":["Astrolabe","Cursed Key","Orrery"]}],"items_purged_floors":[19],"is_endless":false,"potions_floor_spawned":[2,5,8,12,18,24,25,39,41],"killed_by":"Spire Growth","ascension_level":11}