{"gold_per_floor":[119,119,137,153,178,178,194,219,219,219,298,333,70,70,70,172,172],"floor_reached":17,"playtime":518,"items_purged":[],"score":163,"play_id":"b8ea27d7-811e-4ba9-a970-b6a57b95c98f","local_time":"20190208094757","is_ascension_mode":false,"campfire_choices":[{"data":"Zap","floor":6.0,"key":"SMITH"},{"data":"Sunder","floor":10.0,"key":"SMITH"},{"data":"Echo Form","floor":15.0,"key":"SMITH"}],"neow_cost":"NONE","seed_source_timestamp":1382383912836017,"circlet_count":0,"master_deck":["Zap+1","Dualcast","Hologram","Sunder+1","Reboot","Defragment","Tempest","Rebound","Self Repair","Capacitor","Echo Form+1","Meteor Strike","Turbo","Buffer","Compile Driver","Heatsinks","Electrodynamics","Lockon","Multi-Cast","Recycle","Defragment","White Noise"],"special_seed":0,"relics":["Cracked Core","Centennial Puzzle","Thread and Needle","Whetstone","Bottled Lightning","Blood Vial","Pandora\u0027s Box"],"potions_floor_usage":[16,16,16,16,16],"damage_taken":[{"damage":1.0,"enemies":"Cultist","floor":1.0,"turns":3.0},{"damage":1.0,"enemies":"Jaw Worm","floor":3.0,"turns":3.0},{"damage":0.0,"enemies":"2 Louse","floor":4.0,"turns":2.0},{"damage":0.0,"enemies":"2 Fungi Beasts","floor":7.0,"turns":2.0},{"damage":14.0,"enemies":"Gremlin Nob","floor":8.0,"turns":3.0},{"damage":9.0,"enemies":"3 Sentries","floor":12.0,"turns":4.0},{"damage":38,"enemies":"The Guardian","floor":16,"turns":7}],"seed_played":"6574506017158375882","potions_obtained":[{"floor":0.0,"key":"Block Potion"},{"floor":0.0,"key":"SkillPotion"},{"floor":0.0,"key":"PowerPotion"},{"floor":3.0,"key":"EntropicBrew"}],"is_trial":false,"path_per_floor":["M","?","M","M","T","R","M","E","T","R","T","E","$","?","R","B",null],"character_chosen":"DEFECT","items_purchased":["Echo Form","Meteor Strike","Turbo"],"campfire_rested":0,"item_purchase_floors":[13,13,13],"current_hp_per_floor":[74,74,73,73,73,73,73,59,59,59,59,57,57,57,57,28,28],"gold":172,"neow_bonus":"THREE_SMALL_POTIONS","is_prod":false,"is_daily":false,"chose_seed":false,"campfire_upgraded":3,"win_rate":0,"timestamp":1549586877,"path_taken":["M","?","?","M","?","R","M","E","T","R","?","E","$","?","R","BOSS"],"build_version":"2019-01-23","purchased_purges":0,"victory":false,"max_hp_per_floor":[75,75,75,75,75,75,75,75,75,75,75,75,75,75,75,75,75],"card_choices":[{"not_picked":["Leap","Coolheaded"],"picked":"Hologram","floor":1.0},{"not_picked":["Gash","Darkness"],"picked":"Defragment","floor":3.0},{"not_picked":["Genetic Algorithm","Darkness"],"picked":"Tempest","floor":4.0},{"not_picked":["Redo","Leap"],"picked":"Rebound","floor":7.0},{"not_picked":["Steam Power","Cold Snap"],"picked":"Self Repair","floor":8.0},{"not_picked":["Go for the Eyes","Double Energy"],"picked":"Capacitor","floor":12.0},{"not_picked":["Hyperbeam","Multi-Cast"],"picked":"Buffer","floor":16}],"player_experience":488359,"relics_obtained":[{"floor":5.0,"key":"Centennial Puzzle"},{"floor":8.0,"key":"Thread and Needle"},{"floor":9.0,"key":"Whetstone"},{"floor":11.0,"key":"Bottled Lightning"},{"floor":12.0,"key":"Blood Vial"}],"event_choices":[{"damage_healed":0.0,"max_hp_gain":0.0,"max_hp_loss":0.0,"gold_gain":0.0,"event_name":"Match and Keep!","player_choice":"2 cards matched","floor":2.0,"gold_loss":0.0,"damage_taken":0.0,"cards_obtained":["Sunder","Reboot"]},{"damage_healed":0.0,"max_hp_gain":0.0,"max_hp_loss":0.0,"gold_gain":0.0,"event_name":"Liars Game","player_choice":"Ignored","floor":14.0,"gold_loss":0.0,"damage_taken":0.0}],"is_beta":false,"boss_relics":[{"not_picked":["Orrery","Snecko Eye"],"picked":"Pandora\u0027s Box"}],"items_purged_floors":[],"is_endless":false,"potions_floor_spawned":[3,7,12],"ascension_level":0}