{"gold_per_floor":[111,111,128,128,139,139,139,139,139,13,33,44,44,64,64,139,139,158,36,52,70,80,80,80,80,80,100,100,131,131,181,181,255,255,273,5,18,18,30,30,46,46,46,64,80,0,15,15],"floor_reached":48,"playtime":3108,"items_purged":["Pain","Bite"],"score":967,"play_id":"46d18485-4aef-4c93-bc65-cc5582713d41","local_time":"20190424225059","is_ascension_mode":true,"campfire_choices":[{"data":"Skewer","floor":6,"key":"SMITH"},{"data":"Neutralize","floor":8,"key":"SMITH"},{"data":"Dagger Spray","floor":13,"key":"SMITH"},{"data":"Deadly Poison","floor":15,"key":"SMITH"},{"data":"Adrenaline","floor":23,"key":"SMITH"},{"floor":25,"key":"REST"},{"data":"Catalyst","floor":30,"key":"SMITH"},{"floor":32,"key":"REST"},{"data":"Catalyst","floor":40,"key":"SMITH"},{"floor":42,"key":"RECALL"}],"neow_cost":"TEN_PERCENT_HP_LOSS","seed_source_timestamp":481918974655722,"circlet_count":0,"master_deck":["AscendersBane","Defend_G","Defend_G+1","Defend_G","Defend_G","Defend_G","Survivor","Neutralize+1","Blur","Skewer+1","Footwork","Cloak And Dagger","Poisoned Stab","Deadly Poison+1","Catalyst+1","Dagger Spray+1","Escape Plan","Adrenaline+1","Deflect","Deadly Poison","Dodge and Roll","Quick Slash","Catalyst+1","Bite","Bite","Bite","Bite","Bullet Time","All Out Attack","Backflip","Master of Strategy","PiercingWail","Backflip+1"],"relics":["Ring of the Serpent","WarpedTongs","Torii","Bronze Scales","Turnip","Meat on the Bone","Velvet Choker","Membership Card","Red Mask"],"potions_floor_usage":[22,29,29,39,41,44],"damage_taken":[{"damage":0,"enemies":"2 Louse","floor":1,"turns":3},{"damage":1,"enemies":"Cultist","floor":3,"turns":5},{"damage":0,"enemies":"Small Slimes","floor":5,"turns":4},{"damage":1,"enemies":"Exordium Wildlife","floor":11,"turns":2},{"damage":0,"enemies":"Large Slime","floor":12,"turns":8},{"damage":0,"enemies":"2 Fungi Beasts","floor":14,"turns":2},{"damage":18,"enemies":"Slime Boss","floor":16,"turns":7},{"damage":21,"enemies":"Chosen","floor":18,"turns":5},{"damage":0,"enemies":"Shell Parasite","floor":20,"turns":5},{"damage":0,"enemies":"Centurion and Healer","floor":21,"turns":6},{"damage":0,"enemies":"Chosen and Byrds","floor":22,"turns":6},{"damage":17,"enemies":"Colosseum Slavers","floor":24,"turns":4},{"damage":16,"enemies":"Cultist and Chosen","floor":27,"turns":6},{"damage":1,"enemies":"Book of Stabbing","floor":29,"turns":5},{"damage":33,"enemies":"Champ","floor":33,"turns":14},{"damage":35,"enemies":"3 Darklings","floor":35,"turns":8},{"damage":1,"enemies":"3 Shapes","floor":37,"turns":5},{"damage":0,"enemies":"Transient","floor":39,"turns":6},{"damage":27,"enemies":"Jaw Worm Horde","floor":41,"turns":5},{"damage":30,"enemies":"Spire Growth","floor":44,"turns":7},{"damage":11,"enemies":"Transient","floor":45,"turns":6},{"damage":0,"enemies":"4 Shapes","floor":47,"turns":9},{"damage":52,"enemies":"Reptomancer","floor":48,"turns":6}],"seed_played":"-842191220556700760","potions_obtained":[{"floor":1,"key":"Dexterity Potion"},{"floor":18,"key":"SkillPotion"},{"floor":22,"key":"SpeedPotion"},{"floor":33,"key":"Dexterity Potion"},{"floor":35,"key":"Strength Potion"},{"floor":39,"key":"Poison Potion"}],"is_trial":false,"path_per_floor":["M","?","M","?","M","R","?","R","T","$","M","M","R","M","R","B",null,"M","?","M","M","M","R","?","R","T","M","?","E","R","?","R","B",null,"M","$","M","?","M","R","M","R","T","M","M","?","M","E"],"character_chosen":"THE_SILENT","items_purchased":["Deadly Poison","Membership Card"],"campfire_rested":2,"item_purchase_floors":[10,36],"current_hp_per_floor":[59,64,63,43,43,43,43,43,43,43,42,42,42,42,42,24,55,34,34,34,34,34,34,17,36,36,20,20,23,23,23,36,26,40,34,34,40,40,45,45,25,25,25,20,31,31,45,0],"gold":15,"neow_bonus":"TRANSFORM_TWO_CARDS","is_prod":false,"is_daily":false,"chose_seed":false,"campfire_upgraded":7,"win_rate":0,"timestamp":1556113859,"path_taken":["M","?","M","?","M","R","?","R","T","$","M","?","R","M","R","BOSS","M","?","?","M","M","R","?","R","T","M","?","E","R","?","R","BOSS","M","$","M","?","M","R","M","R","T","M","M","?","M","E"],"build_version":"2019-01-23","purchased_purges":2,"victory":false,"max_hp_per_floor":[60,65,65,65,65,65,65,65,65,65,65,65,65,65,65,65,65,65,65,65,65,65,65,65,65,65,65,45,45,45,45,45,45,45,45,45,45,45,45,45,45,45,45,45,45,45,45,45],"card_choices":[{"not_picked":["Skewer","Sucker Punch"],"picked":"Footwork","floor":1},{"not_picked":["Flying Knee","Prepared"],"picked":"Cloak And Dagger","floor":3},{"not_picked":["Tools of the Trade","Prepared"],"picked":"Poisoned Stab","floor":5},{"not_picked":["Cloak And Dagger","Prepared"],"picked":"Catalyst","floor":11},{"not_picked":["Dagger Throw","Backflip"],"picked":"Dagger Spray","floor":12},{"not_picked":["Quick Slash","Slice"],"picked":"Escape Plan","floor":14},{"not_picked":["Wraith Form v2","Die Die Die"],"picked":"Adrenaline","floor":16},{"not_picked":["Masterful Stab","Well Laid Plans"],"picked":"Deflect","floor":18},{"not_picked":["Dagger Spray","Blade Dance"],"picked":"Deadly Poison","floor":20},{"not_picked":["All Out Attack","Expertise"],"picked":"Dodge and Roll","floor":21},{"not_picked":["Terror","Poisoned Stab"],"picked":"Quick Slash","floor":22},{"not_picked":["Heel Hook","Quick Slash"],"picked":"Catalyst","floor":27},{"not_picked":["Deflect","Infinite Blades","Flying Knee"],"picked":"SKIP","floor":29},{"not_picked":["Wraith Form v2","Phantasmal Killer"],"picked":"Bullet Time","floor":33},{"not_picked":["Prepared","Deadly Poison+1"],"picked":"All Out Attack","floor":35},{"not_picked":["Cloak And Dagger","Skewer"],"picked":"Backflip","floor":37},{"not_picked":["Madness","Panacea"],"picked":"Master of Strategy","floor":38},{"not_picked":["Flechettes","Slice","Prepared"],"picked":"SKIP","floor":39},{"not_picked":["Setup","Blur"],"picked":"PiercingWail","floor":41},{"not_picked":["Sucker Punch","Infinite Blades+1"],"picked":"Backflip+1","floor":44},{"not_picked":["Dagger Spray","Deadly Poison","Flechettes"],"picked":"SKIP","floor":45},{"not_picked":["Skewer","Finisher","Quick Slash+1"],"picked":"SKIP","floor":47}],"player_experience":1082863,"relics_obtained":[{"floor":9,"key":"Torii"},{"floor":26,"key":"Turnip"},{"floor":29,"key":"Meat on the Bone"}],"event_choices":[{"damage_healed":0,"gold_gain":0,"player_choice":"Donut","damage_taken":0,"max_hp_gain":5,"max_hp_loss":0,"event_name":"Big Fish","floor":2,"gold_loss":0},{"damage_healed":0,"gold_gain":0,"player_choice":"Entered Light","damage_taken":20,"max_hp_gain":0,"max_hp_loss":0,"event_name":"Shining Light","floor":4,"gold_loss":0,"cards_upgraded":["Defend_G","Strike_G"]},{"damage_healed":0,"gold_gain":0,"player_choice":"Rummage","damage_taken":0,"relics_obtained":["WarpedTongs"],"max_hp_gain":0,"max_hp_loss":0,"event_name":"Accursed Blacksmith","floor":7,"gold_loss":0,"cards_obtained":["Pain"]},{"damage_healed":0,"gold_gain":0,"player_choice":"Paid Gold","damage_taken":0,"relics_obtained":["Bronze Scales"],"max_hp_gain":0,"max_hp_loss":0,"event_name":"WeMeetAgain","floor":19,"gold_loss":122},{"damage_healed":0,"gold_gain":0,"player_choice":"Fight","damage_taken":0,"max_hp_gain":0,"max_hp_loss":0,"event_name":"Colosseum","floor":24,"gold_loss":0},{"damage_healed":0,"gold_gain":0,"player_choice":"Fled From Nobs","damage_taken":0,"max_hp_gain":0,"max_hp_loss":0,"event_name":"Colosseum","floor":24,"gold_loss":0},{"damage_healed":0,"gold_gain":0,"player_choice":"Became a vampire","damage_taken":0,"max_hp_gain":0,"max_hp_loss":20,"event_name":"Vampires","floor":28,"gold_loss":0,"cards_obtained":["Bite","Bite","Bite","Bite","Bite"]},{"damage_healed":0,"gold_gain":50,"player_choice":"Stole From Cult","damage_taken":0,"max_hp_gain":0,"max_hp_loss":0,"event_name":"Nest","floor":31,"gold_loss":0},{"damage_healed":0,"gold_gain":0,"player_choice":"Memory 1","damage_taken":0,"max_hp_gain":0,"max_hp_loss":0,"event_name":"SensoryStone","floor":38,"gold_loss":0},{"damage_healed":0,"gold_gain":0,"player_choice":"Paid","damage_taken":0,"relics_obtained":["Red Mask"],"max_hp_gain":0,"max_hp_loss":0,"event_name":"Tomb of Lord Red Mask","floor":46,"gold_loss":80}],"is_beta":false,"boss_relics":[{"not_picked":["Tiny House","Calling Bell"],"picked":"Ring of the Serpent"},{"not_picked":["Runic Dome","WristBlade"],"picked":"Velvet Choker"}],"items_purged_floors":[10,36],"is_endless":false,"potions_floor_spawned":[1,18,20,22,33,35,39],"killed_by":"Reptomancer","ascension_level":20}