{"gold_per_floor":[367,380,380,135,149,149,180,192,192,117,131,145,156,171,171,270,320,339,349,363,363,363,363,389,389],"floor_reached":25,"playtime":1113,"items_purged":["Strike_R"],"score":272,"play_id":"4218a5d2-ea68-427b-8c99-7d9c82f4d2f6","local_time":"20181104010222","is_ascension_mode":true,"campfire_choices":[{"data":"Wild Strike","floor":6,"key":"SMITH"},{"data":"Inflame","floor":15,"key":"SMITH"},{"floor":23,"key":"REST"}],"neow_cost":"TEN_PERCENT_HP_LOSS","seed_source_timestamp":12010821675638,"circlet_count":0,"master_deck":["Strike_R","Strike_R","Strike_R","Strike_R","Defend_R","Defend_R","Defend_R+1","Defend_R+1","Bash+1","Clothesline+1","Shrug It Off","Wild Strike+1","Inflame+1","Cleave","Spot Weakness","Flex","Body Slam","Clash+1","Whirlwind","Body Slam"],"relics":["Burning Blood","Anchor","Bag of Marbles","War Paint","Tiny House","Dodecahedron"],"potions_floor_usage":[13,20,20],"damage_taken":[{"damage":4,"enemies":"2 Louse","floor":1,"turns":4},{"damage":6,"enemies":"Cultist","floor":2,"turns":4},{"damage":0,"enemies":"Jaw Worm","floor":5,"turns":4},{"damage":24,"enemies":"3 Sentries","floor":7,"turns":9},{"damage":14,"enemies":"Large Slime","floor":8,"turns":4},{"damage":1,"enemies":"Looter","floor":11,"turns":2},{"damage":0,"enemies":"2 Fungi Beasts","floor":12,"turns":2},{"damage":0,"enemies":"Lots of Slimes","floor":13,"turns":1},{"damage":0,"enemies":"Blue Slaver","floor":14,"turns":2},{"damage":28,"enemies":"The Guardian","floor":16,"turns":10},{"damage":15,"enemies":"Shell Parasite","floor":18,"turns":6},{"damage":24,"enemies":"Spheric Guardian","floor":19,"turns":4},{"damage":46,"enemies":"Centurion and Healer","floor":20,"turns":7},{"damage":34,"enemies":"Slavers","floor":24,"turns":7},{"damage":17,"enemies":"Snecko","floor":25,"turns":4}],"seed_played":"3095973114123106266","potions_obtained":[{"floor":1,"key":"LiquidBronze"},{"floor":11,"key":"FairyPotion"},{"floor":12,"key":"Explosive Potion"},{"floor":16,"key":"EssenceOfSteel"},{"floor":24,"key":"SpeedPotion"}],"is_trial":false,"path_per_floor":["M","M","?","$","M","R","E","M","T","$","M","M","M","M","R","B",null,"M","M","M","?","?","R","E","M"],"character_chosen":"IRONCLAD","items_purchased":["Anchor","Shrug It Off","Wild Strike"],"campfire_rested":1,"item_purchase_floors":[4,4,4],"current_hp_per_floor":[72,72,72,72,72,72,54,46,46,46,51,57,63,69,69,47,77,68,50,10,10,10,33,13,0],"gold":389,"neow_bonus":"TWO_FIFTY_GOLD","is_prod":false,"is_daily":false,"chose_seed":false,"campfire_upgraded":2,"win_rate":0,"timestamp":1541289742,"path_taken":["M","M","?","$","M","R","E","M","T","$","M","M","M","M","R","BOSS","M","?","M","?","?","R","E","M"],"build_version":"2018-11-01","purchased_purges":1,"victory":false,"max_hp_per_floor":[72,72,72,72,72,72,72,72,72,72,72,72,72,72,72,72,77,77,77,77,77,77,77,77,77],"card_choices":[{"not_picked":["Reckless Charge","True Grit","Havoc"],"picked":"SKIP","floor":1},{"not_picked":["Pommel Strike","Second Wind"],"picked":"Clothesline","floor":2},{"not_picked":["Warcry","Pommel Strike","Perfected Strike"],"picked":"SKIP","floor":5},{"not_picked":["Carnage","Fiend Fire"],"picked":"Inflame","floor":7},{"not_picked":["Heavy Blade","Warcry"],"picked":"Cleave","floor":8},{"not_picked":["Sever Soul","Feel No Pain","Clothesline"],"picked":"SKIP","floor":11},{"not_picked":["Clash","Twin Strike"],"picked":"Spot Weakness","floor":12},{"not_picked":["Feel No Pain","Clash"],"picked":"Flex","floor":13},{"not_picked":["Pummel","Sword Boomerang","Dual Wield"],"picked":"SKIP","floor":14},{"not_picked":["Clash","Sword Boomerang"],"picked":"Body Slam","floor":17},{"not_picked":["Burning Pact","Headbutt"],"picked":"Clash+1","floor":18},{"not_picked":["Thunderclap","Warcry+1","Spot Weakness"],"picked":"SKIP","floor":19},{"not_picked":["Rupture","Flex"],"picked":"Whirlwind","floor":20},{"not_picked":["Warcry","Barricade"],"picked":"Body Slam","floor":24}],"player_experience":287285,"relics_obtained":[{"floor":7,"key":"Bag of Marbles"},{"floor":9,"key":"War Paint"},{"floor":24,"key":"Dodecahedron"}],"event_choices":[{"damage_healed":0,"gold_gain":0,"player_choice":"Upgraded","damage_taken":0,"max_hp_gain":0,"max_hp_loss":0,"event_name":"Upgrade Shrine","floor":3,"gold_loss":0,"cards_upgraded":["Clothesline"]},{"damage_healed":0,"gold_gain":0,"player_choice":"Ignored","damage_taken":0,"max_hp_gain":0,"max_hp_loss":0,"event_name":"Cursed Tome","floor":21,"gold_loss":0},{"damage_healed":0,"gold_gain":0,"player_choice":"Ignored","damage_taken":0,"max_hp_gain":0,"max_hp_loss":0,"event_name":"Ghosts","floor":22,"gold_loss":0}],"is_beta":false,"boss_relics":[{"not_picked":["Philosopher\u0027s Stone","Cursed Key"],"picked":"Tiny House"}],"items_purged_floors":[10],"is_endless":false,"potions_floor_spawned":[1,11,12,16,24],"killed_by":"Snecko","ascension_level":4}