{"gold_per_floor":[112,131,131,131,143,143,153,153,177,177,177,220,220,240,240,360,360,350,449,473,363,387,387,67,107,107,142,17,60,60,81,81,206,206,225,225,558,408,408,440,440,454,454,314,328,358,358,198,198,198,198,198,72,104,104],"floor_reached":56,"playtime":3101,"items_purged":["Defend_B","Defend_B","Strike_B","Defend_B","Normality","Injury"],"score":1284,"play_id":"3b17b404-7281-471e-a140-6480c9720973","local_time":"20190407093429","is_ascension_mode":false,"campfire_choices":[{"data":"Zap","floor":6,"key":"SMITH"},{"data":"Go for the Eyes","floor":8,"key":"SMITH"},{"data":"Leap","floor":13,"key":"SMITH"},{"floor":15,"key":"REST"},{"data":"Loop","floor":23,"key":"SMITH"},{"data":"Loop","floor":30,"key":"SMITH"},{"data":"Creative AI","floor":32,"key":"SMITH"},{"data":"Loop","floor":41,"key":"SMITH"},{"floor":47,"key":"RECALL"},{"floor":49,"key":"REST"},{"data":"Chill","floor":52,"key":"SMITH"}],"neow_cost":"NONE","seed_source_timestamp":125584535647702,"circlet_count":0,"master_deck":["Strike_B+1","Defend_B+1","Zap+1","Dualcast+1","Leap+1","Cold Snap","Go for the Eyes+1","Fission+1","Chill+1","Electrodynamics","Loop+1","Blizzard+1","Loop+1","Force Field+1","Loop+1","Glacier","Creative AI+1","Biased Cognition","Secret Technique","Hologram+1","Seek"],"relics":["FrozenCore","War Paint","Regal Pillow","Blood Vial","Symbiotic Virus","Centennial Puzzle","Cursed Key","Meat on the Bone","The Courier","Shuriken","Bronze Scales","DataDisk","Mummified Hand"],"potions_floor_usage":[12,27,50,54,55,55],"damage_taken":[{"damage":6,"enemies":"Jaw Worm","floor":1,"turns":4},{"damage":0,"enemies":"2 Louse","floor":2,"turns":1},{"damage":0,"enemies":"Small Slimes","floor":5,"turns":3},{"damage":6,"enemies":"Exordium Wildlife","floor":7,"turns":3},{"damage":11,"enemies":"Lagavulin","floor":12,"turns":8},{"damage":0,"enemies":"Blue Slaver","floor":14,"turns":2},{"damage":6,"enemies":"The Guardian","floor":16,"turns":15},{"damage":9,"enemies":"2 Thieves","floor":18,"turns":4},{"damage":0,"enemies":"Shell Parasite","floor":20,"turns":9},{"damage":3,"enemies":"Snake Plant","floor":22,"turns":5},{"damage":0,"enemies":"Book of Stabbing","floor":25,"turns":8},{"damage":8,"enemies":"Slavers","floor":27,"turns":4},{"damage":1,"enemies":"Book of Stabbing","floor":29,"turns":8},{"damage":7,"enemies":"Sentry and Sphere","floor":31,"turns":3},{"damage":13,"enemies":"Champ","floor":33,"turns":7},{"damage":0,"enemies":"Orb Walker","floor":35,"turns":4},{"damage":3,"enemies":"Giant Head","floor":40,"turns":8},{"damage":8,"enemies":"3 Shapes","floor":42,"turns":5},{"damage":3,"enemies":"Transient","floor":45,"turns":5},{"damage":22,"enemies":"Reptomancer","floor":46,"turns":7},{"damage":50,"enemies":"Donu and Deca","floor":50,"turns":11},{"damage":15,"enemies":"Shield and Spear","floor":54,"turns":6},{"damage":46,"enemies":"The Heart","floor":55,"turns":13}],"seed_played":"-7527742881055973082","potions_obtained":[{"floor":1,"key":"SkillPotion"},{"floor":5,"key":"Weak Potion"},{"floor":14,"key":"FocusPotion"},{"floor":20,"key":"Ancient Potion"},{"floor":33,"key":"EssenceOfSteel"},{"floor":54,"key":"Regen Potion"}],"is_trial":false,"path_per_floor":["M","M","?","?","M","R","M","R","T","?","?","E","R","M","R","B",null,"M","?","M","$","M","R","$","E","T","E","$","E","R","M","R","B",null,"M","?","?","$","T","E","R","M","T","$","M","E","R","$","R","B",null,"R","$","E","B",null],"character_chosen":"DEFECT","items_purchased":["Loop","Regal Pillow","Loop","DataDisk"],"campfire_rested":2,"item_purchase_floors":[21,24,24,53],"current_hp_per_floor":[76,76,69,53,53,53,47,47,47,47,47,36,36,36,58,52,76,67,67,67,67,64,64,64,64,64,58,58,59,59,54,54,43,76,76,76,76,76,76,73,73,67,67,67,66,46,46,46,76,38,76,76,76,61,44],"gold":104,"neow_bonus":"TEN_PERCENT_HP_BONUS","is_prod":false,"is_daily":false,"chose_seed":false,"campfire_upgraded":8,"win_rate":0,"timestamp":1554622469,"path_taken":["M","M","?","?","M","R","M","R","T","?","?","E","R","?","R","BOSS","M","?","M","$","M","R","$","E","T","E","$","E","R","M","R","BOSS","M","?","?","$","?","E","R","M","T","$","M","E","R","?","R","BOSS","R","$","E","BOSS"],"build_version":"2019-01-23","purchased_purges":6,"victory":true,"max_hp_per_floor":[82,82,82,82,82,82,82,82,82,82,76,76,76,76,76,76,76,76,76,76,76,76,76,76,76,76,76,76,76,76,76,76,76,76,76,76,76,76,76,76,76,76,76,76,76,76,76,76,76,76,76,76,76,76,76],"card_choices":[{"not_picked":["Sweeping Beam","Streamline"],"picked":"Leap","floor":1},{"not_picked":["Rip and Tear","Rebound","Ball Lightning"],"picked":"SKIP","floor":2},{"not_picked":["Chill","Leap"],"picked":"Cold Snap","floor":5},{"not_picked":["Rebound","Hello World"],"picked":"Go for the Eyes","floor":7},{"not_picked":["Compile Driver","Steam","Fission"],"picked":"SKIP","floor":12},{"not_picked":["Cold Snap","Aggregate"],"picked":"Chill","floor":14},{"not_picked":["Buffer","Seek"],"picked":"Electrodynamics","floor":16},{"not_picked":["Darkness","Go for the Eyes"],"picked":"Loop","floor":18},{"not_picked":["Stack","Gash"],"picked":"Blizzard+1","floor":20},{"not_picked":["Streamline","Chaos"],"picked":"Force Field+1","floor":22},{"not_picked":["Coolheaded","Go for the Eyes","Rip and Tear"],"picked":"SKIP","floor":25},{"not_picked":["Aggregate","Hello World"],"picked":"Glacier","floor":27},{"not_picked":["FTL","Ball Lightning","Compile Driver"],"picked":"SKIP","floor":29},{"not_picked":["Steam+1","Chill"],"picked":"Creative AI","floor":31},{"not_picked":["Amplify","Electrodynamics"],"picked":"Biased Cognition","floor":33},{"not_picked":["Leap","Reinforced Body+1","Loop+1"],"picked":"SKIP","floor":35},{"not_picked":["PanicButton","Mind Blast"],"picked":"Secret Technique","floor":36},{"not_picked":["Sweeping Beam","Hello World","Streamline"],"picked":"SKIP","floor":40},{"not_picked":["Beam Cell+1","Storm+1"],"picked":"Hologram+1","floor":42},{"not_picked":["Creative AI","Go for the Eyes","Compile Driver"],"picked":"SKIP","floor":45},{"not_picked":["Rebound","Chill+1","Gash"],"picked":"SKIP","floor":46},{"not_picked":["Sweeping Beam","Beam Cell"],"picked":"Seek","floor":54}],"player_experience":449724,"relics_obtained":[{"floor":12,"key":"War Paint"},{"floor":25,"key":"Blood Vial"},{"floor":26,"key":"Symbiotic Virus"},{"floor":27,"key":"Centennial Puzzle"},{"floor":39,"key":"Meat on the Bone"},{"floor":40,"key":"The Courier"},{"floor":43,"key":"Shuriken"},{"floor":46,"key":"Bronze Scales"},{"floor":54,"key":"Mummified Hand"}],"event_choices":[{"cards_removed":["Strike_B"],"damage_healed":0,"gold_gain":0,"player_choice":"Card Removal","damage_taken":7,"max_hp_gain":0,"max_hp_loss":0,"event_name":"Golden Wing","floor":3,"gold_loss":0},{"damage_healed":0,"gold_gain":0,"player_choice":"Entered Light","damage_taken":16,"max_hp_gain":0,"max_hp_loss":0,"event_name":"Shining Light","floor":4,"gold_loss":0,"cards_upgraded":["Strike_B","Dualcast"]},{"damage_healed":0,"gold_gain":0,"cards_transformed":["Strike_B"],"player_choice":"Change","damage_taken":0,"max_hp_gain":0,"max_hp_loss":0,"event_name":"Living Wall","floor":10,"gold_loss":0,"cards_obtained":["Fission"]},{"damage_healed":0,"gold_gain":0,"player_choice":"Lose Max HP","damage_taken":0,"relics_obtained":["Golden Idol"],"max_hp_gain":0,"max_hp_loss":6,"event_name":"Golden Idol","floor":11,"gold_loss":0},{"damage_healed":0,"gold_gain":99,"player_choice":"Stole From Cult","damage_taken":0,"max_hp_gain":0,"max_hp_loss":0,"event_name":"Nest","floor":19,"gold_loss":0},{"damage_healed":0,"gold_gain":0,"player_choice":"Memory 1","damage_taken":0,"max_hp_gain":0,"max_hp_loss":0,"event_name":"SensoryStone","floor":36,"gold_loss":0},{"damage_healed":0,"gold_gain":333,"player_choice":"Gave Idol","damage_taken":0,"max_hp_gain":0,"max_hp_loss":0,"event_name":"The Moai Head","floor":37,"relics_lost":["Golden Idol"],"gold_loss":0}],"is_beta":false,"boss_relics":[{"not_picked":["Eternal Feather","Orrery"],"picked":"FrozenCore"},{"not_picked":["Empty Cage","Tiny House"],"picked":"Cursed Key"}],"items_purged_floors":[21,24,28,38,44,48],"is_endless":false,"potions_floor_spawned":[1,5,14,20,22,33,40,42,54],"ascension_level":0}