{"gold_per_floor":[118,193,208,219,34,34,60,60,60,135,135,135,161,174,174,274,274,288,47,47,60,80,109,109,134,134,134,134,16,16,35,35,135,135,146,166,266,277,277,307,307,321,393,393,425,437,469,482,482,482],"floor_reached":51,"playtime":2823,"items_purged":[],"score":1033,"play_id":"9352f392-8c01-4a25-8312-727dede87b0b","local_time":"20190409012231","is_ascension_mode":true,"campfire_choices":[{"data":"Footwork","floor":6.0,"key":"SMITH"},{"data":"Footwork","floor":8.0,"key":"SMITH"},{"data":"Neutralize","floor":11,"key":"SMITH"},{"data":"Crippling Poison","floor":15,"key":"SMITH"},{"floor":24,"key":"REST"},{"floor":27,"key":"REST"},{"floor":32,"key":"REST"},{"floor":44,"key":"REST"},{"floor":49,"key":"REST"}],"neow_cost":"NONE","seed_source_timestamp":0,"circlet_count":0,"master_deck":["Defend_G","Defend_G","Defend_G","Defend_G","Defend_G","Strike_G+1","Strike_G","Strike_G+1","Survivor","Neutralize+1","Choke","Deadly Poison","Expertise","Quick Slash","Footwork+1","Deadly Poison","Calculated Gamble","Footwork+1","Backflip","Crippling Poison+1","Venomology+1","Expertise+1","Backflip","Cloak And Dagger","Catalyst+1","Distraction+1","Well Laid Plans","Cloak And Dagger","Well Laid Plans+1","Die Die Die","Bane+1","Noxious Fumes+1","Escape Plan+1","Footwork+1","Catalyst+1","Infinite Blades+1","Bouncing Flask+1"],"special_seed":0,"relics":["Ring of the Serpent","Kunai","Oddly Smooth Stone","Meat on the Bone","Fusion Hammer","Mummified Hand","Mercury Hourglass","Letter Opener","Pear","Bird Faced Urn","Whetstone","Darkstone Periapt","War Paint","Vajra"],"potions_floor_usage":[12,25,33,35,39,42,47,50,50,50],"damage_taken":[{"damage":7.0,"enemies":"Small Slimes","floor":1.0,"turns":3.0},{"damage":6.0,"enemies":"Jaw Worm","floor":3.0,"turns":5.0},{"damage":1.0,"enemies":"Cultist","floor":4.0,"turns":3.0},{"damage":5.0,"enemies":"Lagavulin","floor":7.0,"turns":8.0},{"damage":0,"enemies":"Lots of Slimes","floor":12,"turns":1},{"damage":23,"enemies":"Gremlin Nob","floor":13,"turns":5},{"damage":0,"enemies":"Red Slaver","floor":14,"turns":4},{"damage":0,"enemies":"Hexaghost","floor":16,"turns":11},{"damage":1,"enemies":"Shell Parasite","floor":18,"turns":7},{"damage":2,"enemies":"2 Thieves","floor":21,"turns":4},{"damage":0,"enemies":"Shelled Parasite and Fungi","floor":22,"turns":5},{"damage":36,"enemies":"Gremlin Leader","floor":23,"turns":9},{"damage":0,"enemies":"Slavers","floor":25,"turns":5},{"damage":9,"enemies":"Snake Plant","floor":31,"turns":3},{"damage":15,"enemies":"Automaton","floor":33,"turns":10},{"damage":14,"enemies":"3 Darklings","floor":35,"turns":4},{"damage":1,"enemies":"Orb Walker","floor":36,"turns":3},{"damage":0,"enemies":"Mind Bloom Boss Battle","floor":37,"turns":6},{"damage":13,"enemies":"Jaw Worm Horde","floor":38,"turns":4},{"damage":0,"enemies":"Writhing Mass","floor":39,"turns":2},{"damage":18,"enemies":"Nemesis","floor":40,"turns":7},{"damage":0,"enemies":"Spire Growth","floor":42,"turns":6},{"damage":0,"enemies":"Reptomancer","floor":45,"turns":5},{"damage":0,"enemies":"Jaw Worm Horde","floor":46,"turns":3},{"damage":11,"enemies":"Nemesis","floor":47,"turns":7},{"damage":0,"enemies":"Transient","floor":48,"turns":5},{"damage":0,"enemies":"Donu and Deca","floor":50,"turns":8}],"seed_played":"-404340885058417670","potions_obtained":[{"floor":3.0,"key":"SmokeBomb"},{"floor":7.0,"key":"GhostInAJar"},{"floor":36,"key":"Energy Potion"}],"is_trial":false,"path_per_floor":["M","?","M","M","$","R","E","R","T","?","R","M","E","M","R","B",null,"M","$","$","M","M","E","R","E","T","R","?","$","?","M","R","B",null,"M","M","?","M","M","E","?","M","T","R","E","M","E","M","R","B",null],"character_chosen":"THE_SILENT","items_purchased":["Footwork","Deadly Poison","Calculated Gamble","Mummified Hand","Well Laid Plans","Cloak And Dagger"],"campfire_rested":5,"item_purchase_floors":[5,5,5,19,29,29],"current_hp_per_floor":[63,52,46,45,45,45,40,40,40,33,33,33,10,22,22,34,70,69,69,69,67,67,43,64,64,74,80,65,65,65,56,81,66,85,71,70,70,65,71,65,65,77,77,85,85,85,83,85,85,85],"gold":482,"neow_bonus":"TRANSFORM_CARD","is_prod":false,"is_daily":false,"chose_seed":false,"campfire_upgraded":4,"win_rate":0,"timestamp":1554790951,"path_taken":["M","?","M","M","$","R","E","R","T","?","R","?","E","M","R","BOSS","M","?","$","M","?","E","R","E","T","R","?","?","?","M","R","BOSS","M","M","?","M","M","E","?","?","T","R","E","M","E","M","R","BOSS"],"build_version":"2019-01-23","purchased_purges":0,"victory":true,"max_hp_per_floor":[70,70,70,70,70,70,70,70,70,70,70,70,70,70,70,70,70,70,70,70,70,70,70,70,70,80,80,85,85,85,85,85,85,85,85,85,85,85,85,85,85,85,85,85,85,85,85,85,85,85],"card_choices":[{"not_picked":["Dodge and Roll","Flechettes"],"picked":"Deadly Poison","floor":1.0},{"not_picked":["Concentrate","Dagger Spray"],"picked":"Expertise","floor":3.0},{"not_picked":["Dodge and Roll","Reflex"],"picked":"Quick Slash","floor":4.0},{"not_picked":["Flechettes","Caltrops"],"picked":"Footwork","floor":7.0},{"not_picked":["Dagger Throw","Slice"],"picked":"Backflip","floor":13},{"not_picked":["Escape Plan","Backflip"],"picked":"Crippling Poison","floor":14},{"not_picked":["Grand Finale","Unload"],"picked":"Venomology","floor":16},{"not_picked":["Crippling Poison","Poisoned Stab+1"],"picked":"Expertise+1","floor":18},{"not_picked":["Dagger Spray","Sucker Punch"],"picked":"Backflip","floor":21},{"not_picked":["Endless Agony","Underhanded Strike"],"picked":"Cloak And Dagger","floor":22},{"not_picked":["Skewer","Sucker Punch"],"picked":"Catalyst+1","floor":23},{"not_picked":["Masterful Stab","Phantasmal Killer"],"picked":"Distraction+1","floor":25},{"not_picked":["Dagger Spray","Skewer+1"],"picked":"Well Laid Plans+1","floor":31},{"not_picked":["Bullet Time","Venomology"],"picked":"Die Die Die","floor":33},{"not_picked":["Slice+1","Riddle With Holes"],"picked":"Bane+1","floor":35},{"not_picked":["Well Laid Plans","Riddle With Holes"],"picked":"Noxious Fumes+1","floor":36},{"not_picked":["Well Laid Plans+1","Slice+1"],"picked":"Escape Plan","floor":37},{"not_picked":["Deadly Poison","Skewer"],"picked":"Footwork+1","floor":38},{"not_picked":["Finisher+1","Bane+1"],"picked":"Catalyst+1","floor":40},{"not_picked":["Quick Slash+1","Acrobatics","Predator+1"],"picked":"SKIP","floor":42},{"not_picked":["Skewer","Heel Hook+1","Flechettes"],"picked":"SKIP","floor":45},{"not_picked":["Masterful Stab","Backstab","Cloak And Dagger"],"picked":"SKIP","floor":46},{"not_picked":["Distraction","Dodge and Roll+1"],"picked":"Infinite Blades+1","floor":47},{"not_picked":["Dagger Throw+1","Dagger Spray"],"picked":"Bouncing Flask+1","floor":48}],"player_experience":1225836,"relics_obtained":[{"floor":7.0,"key":"Kunai"},{"floor":9.0,"key":"Oddly Smooth Stone"},{"floor":13,"key":"Meat on the Bone"},{"floor":23,"key":"Mercury Hourglass"},{"floor":25,"key":"Letter Opener"},{"floor":26,"key":"Pear"},{"floor":37,"key":"Bird Faced Urn"},{"floor":40,"key":"Whetstone"},{"floor":43,"key":"Darkstone Periapt"},{"floor":45,"key":"War Paint"},{"floor":47,"key":"Vajra"}],"event_choices":[{"damage_healed":0.0,"max_hp_gain":0.0,"max_hp_loss":0.0,"gold_gain":75.0,"event_name":"World of Goop","player_choice":"Gather Gold","floor":2.0,"gold_loss":0.0,"damage_taken":11.0},{"damage_healed":0,"gold_gain":75,"player_choice":"Touch","damage_taken":7,"max_hp_gain":0,"max_hp_loss":0,"event_name":"FaceTrader","floor":10,"gold_loss":0},{"damage_healed":0,"gold_gain":0,"player_choice":"Shed Blood","damage_taken":20,"max_hp_gain":5,"max_hp_loss":0,"event_name":"Forgotten Altar","floor":28,"gold_loss":0},{"damage_healed":0,"gold_gain":0,"player_choice":"Ignored","damage_taken":0,"max_hp_gain":0,"max_hp_loss":0,"event_name":"N\u0027loth","floor":30,"gold_loss":0},{"damage_healed":0,"gold_gain":0,"player_choice":"Fight","damage_taken":0,"max_hp_gain":0,"max_hp_loss":0,"event_name":"MindBloom","floor":37,"gold_loss":0},{"cards_removed":["Strike_G"],"damage_healed":0,"gold_gain":0,"player_choice":"Removed Attack","damage_taken":0,"max_hp_gain":0,"max_hp_loss":0,"event_name":"Falling","floor":41,"gold_loss":0}],"is_beta":false,"boss_relics":[{"not_picked":["Astrolabe","Empty Cage"],"picked":"Fusion Hammer"},{"not_picked":["Sozu","Busted Crown"],"picked":"Ring of the Serpent"}],"items_purged_floors":[],"is_endless":false,"potions_floor_spawned":[3,7,12,21,22,31,36,40,45,46,48],"ascension_level":1}