{"gold_per_floor":[112,122,6,6,6,6,20,20,20,49,64,64,81,111,111,211,211,222,272,272,272,197,197,228,40,40,56,56,76,76,109,121,235,247,269,156,156,208,208,208],"floor_reached":40,"playtime":2696,"items_purged":["Strike_B","Strike_B","Reprogram"],"score":526,"play_id":"162ad130-ff2b-4e10-9ecf-6b2527162450","local_time":"20181008211733","is_ascension_mode":true,"campfire_choices":[{"data":"Dualcast","floor":6,"key":"SMITH"},{"data":"Glacier","floor":8,"key":"SMITH"},{"data":"Defragment","floor":12,"key":"SMITH"},{"data":"Stack","floor":15,"key":"SMITH"},{"data":"Doom and Gloom","floor":23,"key":"SMITH"},{"data":"Static Discharge","floor":28,"key":"SMITH"},{"data":"Barrage","floor":30,"key":"SMITH"},{"floor":32,"key":"REST"}],"neow_cost":"","seed_source_timestamp":781250526156817,"circlet_count":0,"master_deck":["Zap+1","Dualcast+1","Leap+1","Turbo","Glacier+1","Redo","Stack+1","Defragment+1","Redo","Doom and Gloom+1","Reinforced Body+1","Static Discharge+1","Go for the Eyes","Conserve Battery+1","Barrage+1","Go for the Eyes","Machine Learning","Compile Driver","Go for the Eyes","Turbo","FTL","Chaos"],"relics":["Cracked Core","Darkstone Periapt","Potion Belt","StoneCalendar","Nuclear Battery","Oddly Smooth Stone","War Paint","Mango","MawBank","Pandora\u0027s Box","Ancient Tea Set","FossilizedHelix"],"potions_floor_usage":[10,16,24,31,33],"damage_taken":[{"damage":1,"enemies":"Cultist","floor":1,"turns":3},{"damage":2,"enemies":"Jaw Worm","floor":2,"turns":3},{"damage":0,"enemies":"2 Louse","floor":7,"turns":3},{"damage":12,"enemies":"3 Sentries","floor":10,"turns":11},{"damage":0,"enemies":"Looter","floor":11,"turns":4},{"damage":0,"enemies":"Large Slime","floor":13,"turns":7},{"damage":4,"enemies":"Lagavulin","floor":14,"turns":8},{"damage":0,"enemies":"Slime Boss","floor":16,"turns":8},{"damage":14,"enemies":"Spheric Guardian","floor":18,"turns":7},{"damage":18,"enemies":"Book of Stabbing","floor":24,"turns":8},{"damage":8,"enemies":"Shell Parasite","floor":27,"turns":7},{"damage":4,"enemies":"Snake Plant","floor":29,"turns":5},{"damage":17,"enemies":"Slavers","floor":31,"turns":4},{"damage":34,"enemies":"Automaton","floor":33,"turns":16},{"damage":10,"enemies":"3 Darklings","floor":35,"turns":7},{"damage":3,"enemies":"Mind Bloom Boss Battle","floor":39,"turns":7},{"damage":102,"enemies":"2 Orb Walkers","floor":40,"turns":5}],"seed_played":"-4315510410411392964","potions_obtained":[{"floor":2,"key":"Fruit Juice"},{"floor":7,"key":"GamblersBrew"},{"floor":13,"key":"PowerPotion"},{"floor":14,"key":"Ancient Potion"},{"floor":16,"key":"Swift Potion"},{"floor":18,"key":"Poison Potion"},{"floor":27,"key":"Block Potion"},{"floor":31,"key":"Explosive Potion"}],"is_trial":false,"path_per_floor":["M","M","$","?","$","R","M","R","T","E","M","R","M","E","R","B",null,"M","?","?","?","$","R","E","$","T","M","R","M","R","E","R","B",null,"M","$","?","T","?"],"character_chosen":"DEFECT","items_purchased":["Glacier","Redo","Static Discharge","Go for the Eyes"],"campfire_rested":1,"item_purchase_floors":[3,3,25,25],"current_hp_per_floor":[74,72,72,72,72,72,72,72,72,60,60,60,60,56,56,56,75,61,61,61,61,61,61,43,43,57,49,49,45,45,28,54,20,89,79,79,79,79,76,0],"gold":208,"neow_bonus":"","is_prod":false,"is_daily":false,"chose_seed":false,"campfire_upgraded":7,"win_rate":0,"timestamp":1539026253,"path_taken":["M","M","$","?","?","R","M","R","T","E","?","R","?","E","R","BOSS","M","?","?","?","$","R","E","?","T","M","R","?","R","E","R","BOSS","M","$","?","?","?","E"],"build_version":"2018-10-04v2","purchased_purges":3,"victory":false,"max_hp_per_floor":[75,75,75,75,75,75,75,75,75,75,75,75,75,75,75,75,75,75,75,75,75,75,75,75,75,89,89,89,89,89,89,89,89,89,89,89,89,89,89,89],"card_choices":[{"not_picked":["Turbo","Redo"],"picked":"Leap","floor":1},{"not_picked":["Force Field","Hello World"],"picked":"Turbo","floor":2},{"not_picked":["Beam Cell","Thunder Strike"],"picked":"Stack","floor":7},{"not_picked":["Go for the Eyes","Buffer"],"picked":"Defragment","floor":10},{"not_picked":["Sweeping Beam","Streamline","Chaos"],"picked":"SKIP","floor":11},{"not_picked":["Streamline","Tempest","Sunder"],"picked":"SKIP","floor":13},{"not_picked":["Heatsinks","Seek","Stack"],"picked":"SKIP","floor":14},{"not_picked":["Recycle+1","Steam"],"picked":"Redo","floor":18},{"not_picked":["Barrage+1","FTL"],"picked":"Reinforced Body+1","floor":24},{"not_picked":["Gash","Force Field+1"],"picked":"Conserve Battery+1","floor":27},{"not_picked":["Go for the Eyes","Aggregate"],"picked":"Barrage","floor":29},{"not_picked":["Core Surge","Skim"],"picked":"Go for the Eyes","floor":31},{"not_picked":["All For One","Echo Form"],"picked":"Machine Learning","floor":33},{"not_picked":["Steam","Reinforced Body","Double Energy+1"],"picked":"SKIP","floor":35},{"not_picked":["Beam Cell+1","Cold Snap"],"picked":"Chaos","floor":39}],"player_experience":151005,"relics_obtained":[{"floor":9,"key":"Darkstone Periapt"},{"floor":10,"key":"Potion Belt"},{"floor":14,"key":"StoneCalendar"},{"floor":24,"key":"War Paint"},{"floor":26,"key":"Mango"},{"floor":31,"key":"MawBank"},{"floor":38,"key":"Ancient Tea Set"},{"floor":39,"key":"FossilizedHelix"}],"event_choices":[{"event_name":"Liars Game","player_choice":"disagreed","floor":4,"damage_taken":0},{"event_name":"The Joust","player_choice":"Bet on Murderer","floor":19,"damage_taken":0},{"event_name":"The Mausoleum","player_choice":"Yes","floor":20,"damage_taken":0},{"event_name":"The Library","player_choice":"Read","floor":21,"damage_taken":0},{"event_name":"Falling","player_choice":"Removed Attack","floor":37,"damage_taken":0},{"event_name":"MindBloom","player_choice":"Fight","floor":39,"damage_taken":0}],"is_beta":false,"boss_relics":[{"not_picked":["Black Star","Empty Cage"],"picked":"Nuclear Battery"},{"not_picked":["Busted Crown","Astrolabe"],"picked":"Pandora\u0027s Box"}],"items_purged_floors":[22,25,36],"is_endless":false,"potions_floor_spawned":[2,7,13,14,16,18,27,31],"killed_by":"2 Orb Walkers","ascension_level":2}