{"gold_per_floor":[117,135,153,139,154,116,146,146,146,179,13,13,23,35,35,35],"floor_reached":16,"playtime":833,"items_purged":[],"score":202,"play_id":"b0ad73e7-43a2-45ea-8d17-0bdc09ec194f","local_time":"20190426203643","is_ascension_mode":true,"campfire_choices":[{"floor":8,"key":"REST"},{"floor":15,"key":"REST"}],"neow_cost":"TEN_PERCENT_HP_LOSS","seed_source_timestamp":2594940029477,"circlet_count":0,"master_deck":["AscendersBane","Defend_G","Defend_G","Defend_G","Defend_G","Defend_G","Strike_G","Strike_G","Strike_G","Strike_G","Strike_G","Survivor","Neutralize","Dagger Throw","Skewer","Cloak And Dagger","Well Laid Plans","Footwork","Blade Dance","Dagger Spray","Noxious Fumes"],"relics":["Ring of the Snake","Mango","PreservedInsect","Kunai","Pear"],"potions_floor_usage":[7,7,16,16],"damage_taken":[{"damage":1,"enemies":"Cultist","floor":1,"turns":4},{"damage":0,"enemies":"Jaw Worm","floor":2,"turns":4},{"damage":1,"enemies":"2 Louse","floor":3,"turns":3},{"damage":8,"enemies":"Exordium Thugs","floor":4,"turns":5},{"damage":23,"enemies":"Lots of Slimes","floor":5,"turns":5},{"damage":44,"enemies":"Gremlin Nob","floor":7,"turns":6},{"damage":33,"enemies":"3 Sentries","floor":10,"turns":9},{"damage":1,"enemies":"Large Slime","floor":13,"turns":6},{"damage":0,"enemies":"Looter","floor":14,"turns":4},{"damage":38,"enemies":"Slime Boss","floor":16,"turns":3}],"seed_played":"1720420995700333883","potions_obtained":[{"floor":2,"key":"Weak Potion"},{"floor":4,"key":"Regen Potion"},{"floor":13,"key":"Swift Potion"},{"floor":14,"key":"Strength Potion"}],"is_trial":false,"path_per_floor":["M","M","M","M","M","?","E","R","T","E","$","?","M","M","R","B"],"character_chosen":"THE_SILENT","items_purchased":["Footwork","Blade Dance","Dagger Spray"],"campfire_rested":2,"item_purchase_floors":[11,11,11],"current_hp_per_floor":[76,76,75,67,44,44,15,38,38,15,15,8,7,7,33,0],"gold":35,"neow_bonus":"ONE_RARE_RELIC","is_prod":false,"is_daily":false,"chose_seed":false,"campfire_upgraded":0,"win_rate":0,"timestamp":1556303803,"path_taken":["M","M","M","M","?","?","E","R","T","E","$","?","?","M","R","BOSS"],"build_version":"2019-01-23","purchased_purges":0,"victory":false,"max_hp_per_floor":[77,77,77,77,77,77,77,77,77,87,87,87,87,87,87,87],"card_choices":[{"not_picked":["Accuracy","Sucker Punch"],"picked":"Dagger Throw","floor":1},{"not_picked":["Bouncing Flask","Slice","Underhanded Strike"],"picked":"SKIP","floor":2},{"not_picked":["Acrobatics","Bane","Choke"],"picked":"SKIP","floor":3},{"not_picked":["Flying Knee","Prepared"],"picked":"Skewer","floor":4},{"not_picked":["Catalyst","Bouncing Flask"],"picked":"Cloak And Dagger","floor":5},{"not_picked":["Die Die Die","Choke","Underhanded Strike"],"picked":"SKIP","floor":7},{"not_picked":["Catalyst","Cloak And Dagger"],"picked":"Well Laid Plans","floor":10},{"not_picked":["Flying Knee","Backflip"],"picked":"Noxious Fumes","floor":13},{"not_picked":["Prepared","Cloak And Dagger","Quick Slash"],"picked":"SKIP","floor":14}],"player_experience":489095,"relics_obtained":[{"floor":7,"key":"PreservedInsect"},{"floor":9,"key":"Kunai"},{"floor":10,"key":"Pear"}],"event_choices":[{"damage_healed":0,"gold_gain":0,"player_choice":"Left Gold","damage_taken":0,"max_hp_gain":0,"max_hp_loss":0,"event_name":"World of Goop","floor":6,"gold_loss":38},{"damage_healed":0,"gold_gain":0,"player_choice":"Fled","damage_taken":7,"max_hp_gain":0,"max_hp_loss":0,"event_name":"Scrap Ooze","floor":12,"gold_loss":0}],"is_beta":false,"boss_relics":[],"items_purged_floors":[],"is_endless":false,"potions_floor_spawned":[2,4,5,13,14],"killed_by":"Slime Boss","ascension_level":11}