{"gold_per_floor":[117,131,56,75,75,110,110,443,443,403],"floor_reached":10,"playtime":342,"items_purged":["Defend_B"],"score":144,"play_id":"577f7820-4f47-4412-819d-39ededca9598","local_time":"20190328194433","is_ascension_mode":true,"campfire_choices":[{"floor":7,"key":"REST"}],"neow_cost":"NONE","seed_source_timestamp":93003011392029,"circlet_count":0,"master_deck":["AscendersBane","Strike_B","Strike_B","Strike_B","Strike_B","Defend_B","Defend_B","Zap","Dualcast","Purity","Gash"],"relics":["Cracked Core","Ice Cream","Old Coin","Turnip"],"potions_floor_usage":[6,6,8],"damage_taken":[{"damage":12,"enemies":"Small Slimes","floor":1,"turns":4},{"damage":1,"enemies":"Cultist","floor":2,"turns":3},{"damage":9,"enemies":"Jaw Worm","floor":4,"turns":4},{"damage":40,"enemies":"3 Sentries","floor":6,"turns":9},{"damage":27,"enemies":"Lagavulin","floor":8,"turns":6},{"damage":12,"enemies":"Looter","floor":10,"turns":2}],"seed_played":"-7435632391963599908","potions_obtained":[{"floor":1,"key":"EssenceOfSteel"},{"floor":2,"key":"Regen Potion"},{"floor":6,"key":"SkillPotion"},{"floor":8,"key":"Ancient Potion"}],"is_trial":false,"path_per_floor":["M","M","$","M","?","E","R","E","T","M"],"character_chosen":"DEFECT","items_purchased":[],"campfire_rested":1,"item_purchase_floors":[],"current_hp_per_floor":[52,51,51,42,42,17,38,11,11,0],"gold":403,"neow_bonus":"RANDOM_COLORLESS","is_prod":false,"is_daily":false,"chose_seed":false,"campfire_upgraded":0,"win_rate":0,"timestamp":1553820273,"path_taken":["M","M","$","M","?","E","R","E","T","?"],"build_version":"2019-01-23","purchased_purges":1,"victory":false,"max_hp_per_floor":[71,71,71,71,71,71,71,71,71,71],"card_choices":[{"not_picked":["Coolheaded","Rebound","Streamline"],"picked":"SKIP","floor":1},{"not_picked":["Stack","Heatsinks","Streamline"],"picked":"SKIP","floor":2},{"not_picked":["Leap","Ball Lightning"],"picked":"Gash","floor":4},{"not_picked":["Cold Snap","Creative AI","Capacitor"],"picked":"SKIP","floor":6},{"not_picked":["Hologram","Melter","Conserve Battery"],"picked":"SKIP","floor":8}],"player_experience":1177620,"relics_obtained":[{"floor":6,"key":"Ice Cream"},{"floor":8,"key":"Old Coin"},{"floor":9,"key":"Turnip"}],"event_choices":[{"cards_removed":["Defend_B"],"damage_healed":0,"gold_gain":0,"player_choice":"Purged","damage_taken":0,"max_hp_gain":0,"max_hp_loss":0,"event_name":"Purifier","floor":5,"gold_loss":0}],"is_beta":false,"boss_relics":[],"items_purged_floors":[3],"is_endless":false,"potions_floor_spawned":[1,2,6,8],"killed_by":"Looter","ascension_level":18}