{"gold_per_floor":[113,188,199,74,54,54,81,81,81,110,125,157,167,184,184,258,258,277,293,293,308,48,48,48],"floor_reached":24,"playtime":2775,"items_purged":["Defend_B"],"score":367,"play_id":"92ab06f0-3df2-417a-b69c-43145b27128e","local_time":"20190414203142","is_ascension_mode":true,"campfire_choices":[{"data":"Go for the Eyes","floor":6,"key":"SMITH"},{"data":"Zap","floor":8,"key":"SMITH"},{"data":"Defragment","floor":15,"key":"SMITH"},{"data":"Self Repair","floor":23,"key":"SMITH"}],"neow_cost":"NONE","seed_source_timestamp":364829098670720,"circlet_count":0,"master_deck":["AscendersBane","Strike_B","Strike_B","Defend_B","Defend_B","Defend_B","Zap+1","Dualcast","Go for the Eyes+1","Cold Snap","Chill","Self Repair+1","Glacier+1","BootSequence","Tempest+1","White Noise","Defragment+1","Machine Learning","Force Field","Blizzard","Static Discharge","Conserve Battery","Defragment"],"relics":["Cracked Core","Blood Vial","Regal Pillow","Bottled Flame","Cables","Pantograph","Coffee Dripper","War Paint"],"potions_floor_usage":[7,12,18,18,24],"damage_taken":[{"damage":0,"enemies":"2 Louse","floor":1,"turns":2},{"damage":2,"enemies":"Jaw Worm","floor":3,"turns":3},{"damage":13,"enemies":"Lagavulin","floor":7,"turns":8},{"damage":26,"enemies":"Gremlin Nob","floor":10,"turns":5},{"damage":0,"enemies":"Cultist","floor":11,"turns":4},{"damage":2,"enemies":"Lagavulin","floor":12,"turns":8},{"damage":0,"enemies":"Blue Slaver","floor":13,"turns":3},{"damage":3,"enemies":"2 Fungi Beasts","floor":14,"turns":3},{"damage":28,"enemies":"The Guardian","floor":16,"turns":13},{"damage":32,"enemies":"3 Byrds","floor":18,"turns":3},{"damage":10,"enemies":"2 Thieves","floor":19,"turns":3},{"damage":13,"enemies":"Snake Plant","floor":21,"turns":4},{"damage":29,"enemies":"Cultist and Chosen","floor":24,"turns":5}],"seed_played":"-1700445492390035545","potions_obtained":[{"floor":5,"key":"Energy Potion"},{"floor":10,"key":"Ancient Potion"},{"floor":12,"key":"FocusPotion"},{"floor":13,"key":"LiquidBronze"},{"floor":18,"key":"AttackPotion"},{"floor":19,"key":"PowerPotion"}],"is_trial":false,"path_per_floor":["M","?","M","$","?","R","E","R","T","E","M","E","M","M","R","B",null,"M","M","?","M","$","R","M"],"character_chosen":"DEFECT","items_purchased":["Chill","AttackPotion","Defragment","War Paint"],"campfire_rested":0,"item_purchase_floors":[4,4,22,22],"current_hp_per_floor":[66,55,55,55,55,55,44,44,44,27,36,43,45,44,44,50,66,36,28,28,24,24,24,0],"gold":48,"neow_bonus":"RANDOM_COMMON_RELIC","is_prod":false,"is_daily":false,"chose_seed":false,"campfire_upgraded":4,"win_rate":0,"timestamp":1555266702,"path_taken":["M","?","M","$","?","R","E","R","T","E","M","E","M","?","R","BOSS","M","M","?","M","$","R","M"],"build_version":"2019-01-23","purchased_purges":1,"victory":false,"max_hp_per_floor":[71,71,71,71,71,71,71,71,71,71,71,71,71,71,71,71,71,71,71,71,71,71,71,71],"card_choices":[{"not_picked":["Melter","Gash"],"picked":"Go for the Eyes","floor":1},{"not_picked":["Stack","Steam"],"picked":"Cold Snap","floor":3},{"not_picked":["Heatsinks","Steam"],"picked":"Self Repair","floor":7},{"not_picked":["Chaos","Barrage"],"picked":"Glacier","floor":10},{"not_picked":["Skim","Beam Cell"],"picked":"BootSequence","floor":11},{"not_picked":["Rebound","Double Energy"],"picked":"Tempest","floor":12},{"not_picked":["Compile Driver","Coolheaded"],"picked":"White Noise","floor":13},{"not_picked":["Reboot","Cold Snap"],"picked":"Defragment","floor":14},{"not_picked":["Multi-Cast","Rainbow"],"picked":"Machine Learning","floor":16},{"not_picked":["Turbo","Undo"],"picked":"Force Field","floor":18},{"not_picked":["Steam","Doom and Gloom","Blizzard"],"picked":"SKIP","floor":19},{"not_picked":["Lockon","Gash"],"picked":"Conserve Battery","floor":21}],"player_experience":616917,"relics_obtained":[{"floor":7,"key":"Regal Pillow"},{"floor":9,"key":"Bottled Flame"},{"floor":10,"key":"Cables"},{"floor":12,"key":"Pantograph"}],"event_choices":[{"damage_healed":0,"gold_gain":75,"player_choice":"Gather Gold","damage_taken":11,"max_hp_gain":0,"max_hp_loss":0,"event_name":"World of Goop","floor":2,"gold_loss":0},{"damage_healed":0,"gold_gain":0,"player_choice":"Bought 1 Potion","damage_taken":0,"max_hp_gain":0,"max_hp_loss":0,"event_name":"The Woman in Blue","floor":5,"gold_loss":0},{"damage_healed":0,"gold_gain":0,"cards_transformed":["Strike_B","Strike_B"],"player_choice":"Became Test Subject","damage_taken":0,"max_hp_gain":0,"max_hp_loss":0,"event_name":"Drug Dealer","floor":20,"gold_loss":0,"cards_obtained":["Blizzard","Static Discharge"]}],"is_beta":false,"boss_relics":[{"not_picked":["White Beast Statue","Eternal Feather"],"picked":"Coffee Dripper"}],"items_purged_floors":[22],"is_endless":false,"potions_floor_spawned":[10,12,13,14,16,18,19],"killed_by":"Cultist and Chosen","ascension_level":14}