{"gold_per_floor":[112,112,132,3,3,44,44,85,138,138,157,157,107,182,182,310,310,324,345,345,444,467,467,485,485,485,485,485,526,526,542,542,542],"floor_reached":33,"playtime":1475,"items_purged":["Defend_B"],"score":434,"play_id":"8d9cec36-9c9c-4979-bd60-d86812b45c3f","local_time":"20190411095904","is_ascension_mode":true,"campfire_choices":[{"floor":7,"key":"REST"},{"data":"Sunder","floor":10,"key":"SMITH"},{"floor":12,"key":"REST"},{"data":"Hologram","floor":15,"key":"SMITH"},{"data":"Genetic Algorithm","floor":23,"key":"SMITH"},{"floor":25,"key":"REST"},{"floor":27,"key":"REST"},{"floor":32,"key":"REST"}],"neow_cost":"NONE","seed_source_timestamp":68963561783360,"circlet_count":0,"master_deck":["AscendersBane","Strike_B+1","Strike_B+1","Defend_B+1","Defend_B+1","Defend_B+1","Zap","Dualcast","Hologram+1","Cold Snap","Genetic Algorithm+1","Sunder+1","Capacitor+1","Creative AI+1","Force Field","BootSequence","Glacier","Biased Cognition+1","Barrage"],"relics":["Cracked Core","Golden Idol","Vajra","Frozen Egg 2","Ancient Tea Set","Philosopher\u0027s Stone","Ginger","Question Card","Gremlin Horn"],"potions_floor_usage":[33],"damage_taken":[{"damage":7,"enemies":"Jaw Worm","floor":1,"turns":3},{"damage":0,"enemies":"Small Slimes","floor":3,"turns":3},{"damage":50,"enemies":"Lagavulin","floor":6,"turns":7},{"damage":14,"enemies":"3 Sentries","floor":8,"turns":11},{"damage":7,"enemies":"2 Louse","floor":11,"turns":2},{"damage":6,"enemies":"Slime Boss","floor":16,"turns":9},{"damage":23,"enemies":"Shell Parasite","floor":18,"turns":13},{"damage":4,"enemies":"Chosen","floor":19,"turns":6},{"damage":37,"enemies":"Sentry and Sphere","floor":22,"turns":10},{"damage":22,"enemies":"Snecko","floor":24,"turns":6},{"damage":24,"enemies":"Book of Stabbing","floor":29,"turns":7},{"damage":5,"enemies":"Snake Plant","floor":31,"turns":7},{"damage":59,"enemies":"Automaton","floor":33,"turns":14}],"seed_played":"8451083473425510474","potions_obtained":[{"floor":6,"key":"SpeedPotion"},{"floor":18,"key":"Strength Potion"}],"is_trial":false,"path_per_floor":["M","?","M","$","?","E","R","E","T","R","M","R","?","?","R","B",null,"M","M","?","?","M","R","M","R","T","R","?","E","T","M","R","B"],"character_chosen":"DEFECT","items_purchased":["Cold Snap"],"campfire_rested":5,"item_purchase_floors":[4],"current_hp_per_floor":[68,68,68,68,68,18,40,26,26,26,19,41,41,30,30,24,63,40,36,61,61,24,24,2,24,24,46,46,22,22,17,39,0],"gold":542,"neow_bonus":"TEN_PERCENT_HP_BONUS","is_prod":false,"is_daily":false,"chose_seed":false,"campfire_upgraded":3,"win_rate":0,"timestamp":1554969544,"path_taken":["M","?","M","$","?","E","R","E","T","R","M","R","?","?","R","BOSS","M","M","?","?","M","R","M","R","T","R","?","E","?","M","R","BOSS"],"build_version":"2019-01-23","purchased_purges":1,"victory":false,"max_hp_per_floor":[82,82,82,82,76,76,76,76,76,76,76,76,76,76,76,76,76,76,76,76,76,76,76,76,76,76,76,76,76,76,76,76,76],"card_choices":[{"not_picked":["Turbo","Tempest","Redo"],"picked":"SKIP","floor":1},{"not_picked":["Hologram","Redo","Gash"],"picked":"SKIP","floor":3},{"not_picked":["Turbo","Gash"],"picked":"Genetic Algorithm","floor":6},{"not_picked":["Recycle","Loop"],"picked":"Sunder","floor":8},{"not_picked":["Auto Shields","Recycle"],"picked":"Capacitor+1","floor":11},{"not_picked":["Buffer+1","Machine Learning+1"],"picked":"Creative AI+1","floor":16},{"not_picked":["Steam","Redo"],"picked":"Force Field","floor":18},{"not_picked":["Gash","Go for the Eyes"],"picked":"BootSequence","floor":19},{"not_picked":["Heatsinks+1","Barrage","Hologram"],"picked":"SKIP","floor":22},{"not_picked":["Rip and Tear","Self Repair+1"],"picked":"Glacier","floor":24},{"not_picked":["Fission","Gash"],"picked":"Biased Cognition+1","floor":29},{"not_picked":["Reinforced Body","Skim","Leap"],"picked":"Barrage","floor":31}],"player_experience":527888,"relics_obtained":[{"floor":6,"key":"Vajra"},{"floor":8,"key":"Frozen Egg 2"},{"floor":9,"key":"Ancient Tea Set"},{"floor":26,"key":"Ginger"},{"floor":29,"key":"Question Card"},{"floor":30,"key":"Gremlin Horn"}],"event_choices":[{"damage_healed":0,"gold_gain":0,"cards_transformed":["Strike_B"],"player_choice":"Change","damage_taken":0,"max_hp_gain":0,"max_hp_loss":0,"event_name":"Living Wall","floor":2,"gold_loss":0,"cards_obtained":["Hologram"]},{"damage_healed":0,"gold_gain":0,"player_choice":"Lose Max HP","damage_taken":0,"relics_obtained":["Golden Idol"],"max_hp_gain":0,"max_hp_loss":6,"event_name":"Golden Idol","floor":5,"gold_loss":0},{"cards_removed":["Strike_B"],"damage_healed":0,"gold_gain":0,"player_choice":"Card Removal","damage_taken":0,"max_hp_gain":0,"max_hp_loss":0,"event_name":"The Cleric","floor":13,"gold_loss":50},{"damage_healed":0,"gold_gain":75,"player_choice":"Gather Gold","damage_taken":11,"max_hp_gain":0,"max_hp_loss":0,"event_name":"World of Goop","floor":14,"gold_loss":0},{"damage_healed":25,"gold_gain":0,"player_choice":"Heal","damage_taken":0,"max_hp_gain":0,"max_hp_loss":0,"event_name":"The Library","floor":20,"gold_loss":0},{"damage_healed":0,"gold_gain":99,"player_choice":"Stole From Cult","damage_taken":0,"max_hp_gain":0,"max_hp_loss":0,"event_name":"Nest","floor":21,"gold_loss":0},{"damage_healed":0,"gold_gain":0,"player_choice":"Simplicity","damage_taken":0,"max_hp_gain":0,"max_hp_loss":0,"event_name":"Back to Basics","floor":28,"gold_loss":0,"cards_upgraded":["Strike_B","Strike_B","Defend_B","Defend_B","Defend_B"]}],"is_beta":false,"boss_relics":[{"not_picked":["White Beast Statue","Inserter"],"picked":"Philosopher\u0027s Stone"}],"items_purged_floors":[4],"is_endless":false,"potions_floor_spawned":[6,18,24,29],"killed_by":"Automaton","ascension_level":12}