{"gold_per_floor":[212,137,152,215,11,11,25,200,245,261,261,272,79,99,99,201,201,214,230,230,249,249,249,267,300,368,368,368,368,387,114,114,217,217,234,59,0,10,110,110,126,126,181,181,181,181,215,215,215,215],"floor_reached":50,"playtime":2671,"items_purged":["Strike_B","Strike_B","Doubt","Decay","Strike_B"],"score":646,"play_id":"d01d5ef4-8779-4379-b7ea-fdfd5f3d4098","local_time":"20190217134943","is_ascension_mode":true,"campfire_choices":[{"data":"Blizzard","floor":6,"key":"SMITH"},{"data":"Sunder","floor":11,"key":"SMITH"},{"data":"Redo","floor":15,"key":"SMITH"},{"floor":23,"key":"REST"},{"floor":27,"key":"REST"},{"data":"Electrodynamics","floor":29,"key":"SMITH"},{"data":"Defragment","floor":32,"key":"SMITH"},{"data":"Defragment","floor":40,"key":"SMITH"},{"data":"Glacier","floor":42,"key":"SMITH"},{"data":"Dualcast","floor":45,"key":"SMITH"},{"data":"Pain","floor":49,"key":"PURGE"}],"neow_cost":"NONE","seed_source_timestamp":338322452793204,"circlet_count":0,"master_deck":["Defend_B","Defend_B","Defend_B","Defend_B","Zap","Dualcast+1","Sunder+1","Glacier+1","Blizzard+1","Redo+1","Melter","Redo","Defragment+1","Gash","Electrodynamics+1","Gash","Cold Snap+1","Steam","Gash","BootSequence+1","Coolheaded","Coolheaded","Defragment+1","Stack+1","Pain","Undo+1"],"relics":["Cracked Core","Anchor","Cursed Key","MutagenicStrength","Dream Catcher","Pantograph","Busted Crown","Red Mask","Unceasing Top","Bag of Marbles","Peace Pipe","Frozen Egg 2"],"potions_floor_usage":[14,21,25,25,33],"damage_taken":[{"damage":2,"enemies":"2 Louse","floor":1,"turns":2},{"damage":8,"enemies":"Jaw Worm","floor":3,"turns":4},{"damage":2,"enemies":"Cultist","floor":7,"turns":4},{"damage":9,"enemies":"Blue Slaver","floor":10,"turns":4},{"damage":5,"enemies":"3 Louse","floor":12,"turns":3},{"damage":0,"enemies":"Red Slaver","floor":14,"turns":3},{"damage":40,"enemies":"The Guardian","floor":16,"turns":15},{"damage":14,"enemies":"2 Thieves","floor":18,"turns":4},{"damage":0,"enemies":"3 Byrds","floor":19,"turns":2},{"damage":5,"enemies":"3 Cultists","floor":21,"turns":5},{"damage":12,"enemies":"Cultist and Chosen","floor":24,"turns":7},{"damage":25,"enemies":"Slavers","floor":25,"turns":5},{"damage":19,"enemies":"Chosen and Byrds","floor":30,"turns":5},{"damage":47,"enemies":"Collector","floor":33,"turns":14},{"damage":14,"enemies":"3 Darklings","floor":35,"turns":4},{"damage":16,"enemies":"3 Shapes","floor":38,"turns":4},{"damage":0,"enemies":"Mind Bloom Boss Battle","floor":39,"turns":6},{"damage":0,"enemies":"Spire Growth","floor":41,"turns":4},{"damage":34,"enemies":"Giant Head","floor":47,"turns":10},{"damage":58,"enemies":"Time Eater","floor":50,"turns":9}],"seed_played":"8812975256637193063","potions_obtained":[{"floor":1,"key":"Swift Potion"},{"floor":7,"key":"EssenceOfSteel"},{"floor":12,"key":"GamblersBrew"},{"floor":18,"key":"SpeedPotion"},{"floor":21,"key":"EssenceOfSteel"},{"floor":30,"key":"Fire Potion"},{"floor":35,"key":"EssenceOfSteel"}],"is_trial":false,"path_per_floor":["M","$","M","?","$","R","M","?","T","M","R","M","$","M","R","B",null,"M","M","?","M","?","R","M","E","T","R","?","R","M","$","R","B",null,"M","$","?","M","?","R","M","R","T","?","R","?","E","T","R","B"],"character_chosen":"DEFECT","items_purchased":["Blizzard","Redo","Defragment","Coolheaded","Defragment"],"campfire_rested":2,"item_purchase_floors":[5,5,13,31,31],"current_hp_per_floor":[66,66,58,58,58,58,56,56,56,47,47,42,42,42,42,2,57,43,43,43,38,38,60,48,23,23,45,75,75,56,56,56,28,63,49,49,49,33,58,58,58,58,58,58,58,58,24,24,24,0],"gold":215,"neow_bonus":"HUNDRED_GOLD","is_prod":false,"is_daily":false,"chose_seed":false,"campfire_upgraded":8,"win_rate":0,"timestamp":1550407783,"path_taken":["M","$","M","?","?","R","M","?","T","M","R","M","?","M","R","BOSS","M","M","?","?","?","R","M","E","T","R","?","R","M","$","R","BOSS","M","$","?","M","?","R","M","R","T","?","R","?","E","?","R","BOSS"],"build_version":"2019-01-23","purchased_purges":5,"victory":false,"max_hp_per_floor":[75,75,75,75,75,75,75,75,75,75,75,75,75,75,75,75,75,75,75,75,75,75,75,75,75,75,75,75,75,75,75,75,75,75,75,75,75,75,75,75,75,75,75,71,71,71,71,71,71,71],"card_choices":[{"not_picked":["Hello World","Hologram"],"picked":"Sunder","floor":1},{"not_picked":["Conserve Battery","Streamline"],"picked":"Glacier","floor":3},{"not_picked":["Ball Lightning","Hologram"],"picked":"Melter","floor":7},{"not_picked":["Rebound","Sweeping Beam"],"picked":"Redo","floor":10},{"not_picked":["Stack","Redo","Blizzard"],"picked":"SKIP","floor":12},{"not_picked":["Beam Cell","Leap"],"picked":"Gash","floor":14},{"not_picked":["Reboot","Hyperbeam"],"picked":"Electrodynamics","floor":16},{"not_picked":["Hologram+1","Auto Shields+1"],"picked":"Gash","floor":18},{"not_picked":["Sunder","Conserve Battery+1"],"picked":"Cold Snap+1","floor":19},{"not_picked":["Force Field","Hello World+1"],"picked":"Steam","floor":21},{"not_picked":["Barrage","Redo"],"picked":"Gash","floor":24},{"not_picked":["Fusion","Lockon"],"picked":"BootSequence+1","floor":25},{"not_picked":["Fusion","Go for the Eyes"],"picked":"Coolheaded","floor":27},{"not_picked":["Multi-Cast","Rip and Tear","Recycle"],"picked":"SKIP","floor":30},{"not_picked":["Go for the Eyes"],"picked":"SKIP","floor":35},{"not_picked":["Hologram"],"picked":"SKIP","floor":38},{"not_picked":[],"picked":"Stack+1","floor":41},{"not_picked":[],"picked":"Undo+1","floor":47}],"player_experience":323560,"relics_obtained":[{"floor":9,"key":"Anchor"},{"floor":25,"key":"Dream Catcher"},{"floor":26,"key":"Pantograph"},{"floor":39,"key":"Unceasing Top"},{"floor":43,"key":"Bag of Marbles"},{"floor":47,"key":"Peace Pipe"},{"floor":48,"key":"Frozen Egg 2"}],"event_choices":[{"damage_healed":0,"gold_gain":63,"player_choice":"Gained Gold","damage_taken":0,"max_hp_gain":0,"max_hp_loss":0,"event_name":"Golden Wing","floor":4,"gold_loss":0},{"damage_healed":0,"gold_gain":175,"player_choice":"AGREE","damage_taken":0,"max_hp_gain":0,"max_hp_loss":0,"event_name":"Liars Game","floor":8,"gold_loss":0,"cards_obtained":["Doubt"]},{"cards_removed":["Strike_B"],"damage_healed":0,"gold_gain":0,"player_choice":"Offered Basic","damage_taken":0,"max_hp_gain":0,"max_hp_loss":0,"event_name":"Bonfire Elementals","floor":20,"gold_loss":0},{"damage_healed":0,"gold_gain":0,"player_choice":"Inject Mutagens","damage_taken":0,"relics_obtained":["MutagenicStrength"],"max_hp_gain":0,"max_hp_loss":0,"event_name":"Drug Dealer","floor":22,"gold_loss":0},{"damage_healed":30,"gold_gain":0,"player_choice":"Full Heal","damage_taken":0,"max_hp_gain":0,"max_hp_loss":0,"event_name":"Wheel of Change","floor":28,"gold_loss":0},{"damage_healed":0,"gold_gain":0,"player_choice":"Paid","damage_taken":0,"relics_obtained":["Red Mask"],"max_hp_gain":0,"max_hp_loss":0,"event_name":"Tomb of Lord Red Mask","floor":37,"gold_loss":59},{"damage_healed":0,"gold_gain":0,"player_choice":"Fight","damage_taken":0,"max_hp_gain":0,"max_hp_loss":0,"event_name":"MindBloom","floor":39,"gold_loss":0},{"damage_healed":0,"gold_gain":0,"player_choice":"Max HP","damage_taken":0,"max_hp_gain":0,"max_hp_loss":4,"event_name":"Winding Halls","floor":44,"gold_loss":0},{"damage_healed":0,"gold_gain":0,"player_choice":"Memory 1","damage_taken":0,"max_hp_gain":0,"max_hp_loss":0,"event_name":"SensoryStone","floor":46,"gold_loss":0}],"is_beta":false,"boss_relics":[{"not_picked":["FrozenCore","Snecko Eye"],"picked":"Cursed Key"},{"not_picked":["Calling Bell","Black Star"],"picked":"Busted Crown"}],"items_purged_floors":[2,5,13,31,36],"is_endless":false,"potions_floor_spawned":[1,7,12,18,21,30,35],"killed_by":"Time Eater","ascension_level":6}