{"gold_per_floor":[114,128,11,11,27,27,37,37,118,118,193,193,193],"floor_reached":13,"playtime":180,"items_purged":["Strike_B"],"score":142,"play_id":"01cd3f62-79b5-4471-8f34-f3b1786bab8b","local_time":"20190409221542","is_ascension_mode":true,"campfire_choices":[{"data":"Genetic Algorithm","floor":6,"key":"SMITH"},{"data":"Sunder","floor":8,"key":"SMITH"},{"data":"Reinforced Body","floor":12,"key":"SMITH"}],"neow_cost":"NONE","seed_source_timestamp":860659304489400,"circlet_count":0,"master_deck":["AscendersBane","Strike_B","Strike_B","Defend_B","Defend_B","Defend_B","Defend_B","Zap","Dualcast","Genetic Algorithm+1","Go for the Eyes","Sunder+1","Reinforced Body+1","Loop"],"special_seed":0,"relics":["Cracked Core","NeowsBlessing","Dream Catcher","Bottled Lightning"],"potions_floor_usage":[13,13],"damage_taken":[{"damage":0.0,"enemies":"2 Louse","floor":1.0,"turns":1.0},{"damage":0.0,"enemies":"Jaw Worm","floor":2.0,"turns":1.0},{"damage":0.0,"enemies":"Small Slimes","floor":5.0,"turns":1.0},{"damage":1,"enemies":"Exordium Thugs","floor":7,"turns":4},{"damage":64,"enemies":"Gremlin Nob","floor":13,"turns":4}],"seed_played":"8930425374526780457","potions_obtained":[{"floor":1.0,"key":"GamblersBrew"},{"floor":7,"key":"EntropicBrew"}],"is_trial":false,"path_per_floor":["M","M","$","?","M","R","M","R","T","?","?","R","E"],"character_chosen":"DEFECT","items_purchased":["Sunder"],"campfire_rested":0,"item_purchase_floors":[3],"current_hp_per_floor":[64,64,64,59,59,59,58,58,58,51,40,40,0],"gold":193,"neow_bonus":"THREE_ENEMY_KILL","is_prod":false,"is_daily":false,"chose_seed":false,"campfire_upgraded":3,"win_rate":0,"timestamp":1554840942,"path_taken":["M","M","$","?","M","R","M","R","T","?","?","R","E"],"build_version":"2019-01-23","purchased_purges":1,"victory":false,"max_hp_per_floor":[71,71,71,71,71,71,71,71,71,71,71,71,71],"card_choices":[{"not_picked":["Double Energy","Leap"],"picked":"Genetic Algorithm","floor":1.0},{"not_picked":["Chaos","Hello World"],"picked":"Go for the Eyes","floor":2.0},{"not_picked":["Ball Lightning","Scrape"],"picked":"Reinforced Body","floor":5},{"not_picked":["Double Energy","Ball Lightning"],"picked":"Loop","floor":7}],"player_experience":526299,"relics_obtained":[{"floor":9,"key":"Bottled Lightning"}],"event_choices":[{"damage_healed":0.0,"max_hp_gain":0.0,"max_hp_loss":0.0,"gold_gain":0.0,"event_name":"Scrap Ooze","player_choice":"Success","floor":4.0,"gold_loss":0.0,"damage_taken":5.0,"relics_obtained":["Dream Catcher"]},{"cards_removed":["Strike_B"],"damage_healed":0,"gold_gain":0,"player_choice":"Card Removal","damage_taken":7,"max_hp_gain":0,"max_hp_loss":0,"event_name":"Golden Wing","floor":10,"gold_loss":0},{"damage_healed":0,"gold_gain":75,"player_choice":"Gather Gold","damage_taken":11,"max_hp_gain":0,"max_hp_loss":0,"event_name":"World of Goop","floor":11,"gold_loss":0}],"is_beta":false,"boss_relics":[],"items_purged_floors":[3],"is_endless":false,"potions_floor_spawned":[1,7],"killed_by":"Gremlin Nob","ascension_level":19}