{"gold_per_floor":[214,228,228,378,9,9,42,42,69,98,116,132,132,142,142,213,213,233,233,258,274,274],"floor_reached":22,"playtime":880,"items_purged":["Doubt"],"score":388,"play_id":"83d60126-be37-421a-a715-3c3825b1ea28","local_time":"20190412015314","is_ascension_mode":true,"campfire_choices":[{"data":"Caltrops","floor":6,"key":"SMITH"},{"floor":8,"key":"REST"},{"floor":13,"key":"REST"},{"data":"Deadly Poison","floor":15,"key":"SMITH"}],"neow_cost":"NONE","seed_source_timestamp":1185335250039131,"circlet_count":0,"master_deck":["AscendersBane","Defend_G","Defend_G","Defend_G","Defend_G","Defend_G","Strike_G","Strike_G","Strike_G","Strike_G","Strike_G","Survivor","Neutralize","Quick Slash","Caltrops+1","Regret","All Out Attack","Deadly Poison+1","Corpse Explosion","Prepared+1","Terror"],"relics":["Ring of the Snake","Du-Vu Doll","Happy Flower","Blue Candle","Omamori","Anchor","Busted Crown","Red Mask"],"potions_floor_usage":[7,7,12,16,16,20],"damage_taken":[{"damage":0,"enemies":"Small Slimes","floor":1,"turns":4},{"damage":2,"enemies":"Jaw Worm","floor":2,"turns":5},{"damage":22,"enemies":"3 Sentries","floor":7,"turns":7},{"damage":44,"enemies":"Gremlin Nob","floor":10,"turns":5},{"damage":1,"enemies":"2 Louse","floor":11,"turns":2},{"damage":4,"enemies":"Large Slime","floor":12,"turns":3},{"damage":0,"enemies":"3 Louse","floor":14,"turns":3},{"damage":20,"enemies":"Hexaghost","floor":16,"turns":9},{"damage":19,"enemies":"Chosen","floor":18,"turns":4},{"damage":32,"enemies":"Masked Bandits","floor":20,"turns":3},{"damage":7,"enemies":"Shell Parasite","floor":21,"turns":5},{"damage":14,"enemies":"Snecko","floor":22,"turns":2}],"seed_played":"-4551946415321927739","potions_obtained":[{"floor":2,"key":"FearPotion"},{"floor":10,"key":"SkillPotion"},{"floor":11,"key":"Fire Potion"},{"floor":14,"key":"Explosive Potion"},{"floor":18,"key":"Dexterity Potion"},{"floor":20,"key":"SteroidPotion"}],"is_trial":false,"path_per_floor":["M","M","?","?","$","R","E","R","T","E","M","M","R","M","R","B",null,"M","?","?","M","M"],"character_chosen":"THE_SILENT","items_purchased":["Happy Flower","All Out Attack","AttackPotion"],"campfire_rested":2,"item_purchase_floors":[5,5,5],"current_hp_per_floor":[59,57,57,57,57,57,35,54,54,10,9,5,24,24,24,4,51,32,45,13,6,0],"gold":274,"neow_bonus":"HUNDRED_GOLD","is_prod":false,"is_daily":false,"chose_seed":false,"campfire_upgraded":2,"win_rate":0,"timestamp":1555001594,"path_taken":["M","M","?","?","$","R","E","R","T","E","M","M","R","M","R","BOSS","M","?","?","M","M"],"build_version":"2019-01-23","purchased_purges":1,"victory":false,"max_hp_per_floor":[66,66,66,66,66,66,66,66,66,66,66,66,66,66,66,66,66,66,66,66,66,66],"card_choices":[{"not_picked":["Expertise","Dagger Throw"],"picked":"Quick Slash","floor":1},{"not_picked":["Infinite Blades","Predator"],"picked":"Caltrops","floor":2},{"not_picked":["Unload","Accuracy","Expertise"],"picked":"SKIP","floor":7},{"not_picked":["Quick Slash","Acrobatics","Heel Hook"],"picked":"SKIP","floor":10},{"not_picked":["Quick Slash","Outmaneuver","Setup"],"picked":"SKIP","floor":11},{"not_picked":["Deflect","Finisher"],"picked":"Deadly Poison","floor":12},{"not_picked":["Quick Slash","Acrobatics","Finisher"],"picked":"SKIP","floor":14},{"not_picked":["Bullet Time","Venomology"],"picked":"Corpse Explosion","floor":16},{"not_picked":[],"picked":"Prepared+1","floor":18},{"not_picked":[],"picked":"Terror","floor":21}],"player_experience":898852,"relics_obtained":[{"floor":7,"key":"Blue Candle"},{"floor":9,"key":"Omamori"},{"floor":10,"key":"Anchor"},{"floor":20,"key":"Red Mask"}],"event_choices":[{"damage_healed":0,"gold_gain":0,"player_choice":"Box","damage_taken":0,"relics_obtained":["Du-Vu Doll"],"max_hp_gain":0,"max_hp_loss":0,"event_name":"Big Fish","floor":3,"gold_loss":0,"cards_obtained":["Regret"]},{"damage_healed":0,"gold_gain":150,"player_choice":"AGREE","damage_taken":0,"max_hp_gain":0,"max_hp_loss":0,"event_name":"Liars Game","floor":4,"gold_loss":0,"cards_obtained":["Doubt"]},{"damage_healed":13,"gold_gain":0,"player_choice":"Heal","damage_taken":0,"max_hp_gain":0,"max_hp_loss":0,"event_name":"The Library","floor":19,"gold_loss":0},{"damage_healed":0,"gold_gain":0,"player_choice":"Fought Bandits","damage_taken":0,"max_hp_gain":0,"max_hp_loss":0,"event_name":"Masked Bandits","floor":20,"gold_loss":0}],"is_beta":false,"boss_relics":[{"not_picked":["Ring of the Serpent","Coffee Dripper"],"picked":"Busted Crown"}],"items_purged_floors":[5],"is_endless":false,"potions_floor_spawned":[2,10,11,14,18,20],"killed_by":"Snecko","ascension_level":20}