{"gold_per_floor":[115,40,40,40,40,67,67,86,86,86,99,99,119,136,136,210,210,226,237,237,256,256,256],"floor_reached":23,"playtime":545,"items_purged":[],"score":482,"play_id":"d7a3712c-7892-49bd-b406-dd660bb85ae9","local_time":"20190429004554","is_ascension_mode":true,"campfire_choices":[{"data":"Zap","floor":7,"key":"SMITH"},{"data":"Biased Cognition","floor":10,"key":"SMITH"},{"floor":12,"key":"REST"},{"data":"Hologram","floor":15,"key":"SMITH"}],"neow_cost":"TEN_PERCENT_HP_LOSS","seed_source_timestamp":267032714810399,"circlet_count":0,"master_deck":["AscendersBane","Strike_B","Strike_B","Strike_B","Defend_B","Defend_B","Defend_B","Defend_B","Zap+1","Dualcast","Biased Cognition+1","Hologram+1","Go for the Eyes","Leap","FTL","Rebound","Reinforced Body","Rainbow+1","Coolheaded+1","Double Energy+1","Capacitor"],"relics":["Cracked Core","Kunai","Mercury Hourglass","Bottled Lightning","Question Card","Cursed Key"],"potions_floor_usage":[14,23,23],"damage_taken":[{"damage":11,"enemies":"Small Slimes","floor":1,"turns":4},{"damage":32,"enemies":"3 Sentries","floor":6,"turns":6},{"damage":0,"enemies":"2 Louse","floor":8,"turns":2},{"damage":0,"enemies":"Jaw Worm","floor":11,"turns":3},{"damage":0,"enemies":"Exordium Wildlife","floor":13,"turns":2},{"damage":0,"enemies":"Lots of Slimes","floor":14,"turns":2},{"damage":0,"enemies":"Slime Boss","floor":16,"turns":7},{"damage":11,"enemies":"Spheric Guardian","floor":18,"turns":4},{"damage":3,"enemies":"2 Thieves","floor":19,"turns":2},{"damage":12,"enemies":"Snake Plant","floor":21,"turns":4},{"damage":41,"enemies":"Gremlin Leader","floor":23,"turns":5}],"seed_played":"2704450526532466382","potions_obtained":[{"floor":6,"key":"SkillPotion"},{"floor":14,"key":"Poison Potion"},{"floor":16,"key":"Regen Potion"}],"is_trial":false,"path_per_floor":["M","?","?","$","T","E","R","M","T","R","M","R","M","M","R","B",null,"M","M","?","M","?","E"],"character_chosen":"DEFECT","items_purchased":[],"campfire_rested":1,"item_purchase_floors":[],"current_hp_per_floor":[53,53,48,48,48,16,16,16,16,16,16,35,35,35,35,35,57,46,43,43,31,31,0],"gold":256,"neow_bonus":"THREE_RARE_CARDS","is_prod":false,"is_daily":false,"chose_seed":false,"campfire_upgraded":3,"win_rate":0,"timestamp":1556491554,"path_taken":["M","?","?","$","?","E","R","M","T","R","?","R","M","M","R","BOSS","M","?","?","?","?","E"],"build_version":"2019-01-23","purchased_purges":0,"victory":false,"max_hp_per_floor":[64,64,64,64,64,64,64,64,64,64,64,64,64,64,64,64,64,64,64,64,64,64,64],"card_choices":[{"not_picked":["Machine Learning","Thunder Strike"],"picked":"Biased Cognition","floor":0},{"not_picked":["Gash","Beam Cell"],"picked":"Hologram","floor":1},{"not_picked":["Conserve Battery","Hologram"],"picked":"Go for the Eyes","floor":6},{"not_picked":["Ball Lightning","Blizzard"],"picked":"Leap","floor":8},{"not_picked":["Steam","Steam Power","Heatsinks"],"picked":"FTL","floor":11},{"not_picked":["Go for the Eyes","Beam Cell","Coolheaded"],"picked":"Rebound","floor":13},{"not_picked":["Lockon","Beam Cell","Compile Driver"],"picked":"Reinforced Body","floor":14},{"not_picked":["Meteor Strike","Seek","Buffer"],"picked":"Rainbow","floor":16},{"not_picked":["Streamline","Steam","Go for the Eyes"],"picked":"Coolheaded+1","floor":18},{"not_picked":["Stack","Streamline+1","Auto Shields","Rip and Tear"],"picked":"SKIP","floor":19},{"not_picked":["Compile Driver","Stack","Ball Lightning"],"picked":"Double Energy+1","floor":21}],"player_experience":613383,"relics_obtained":[{"floor":5,"key":"Mercury Hourglass"},{"floor":6,"key":"Bottled Lightning"},{"floor":9,"key":"Question Card"}],"event_choices":[{"cards_removed":["Strike_B"],"damage_healed":0,"gold_gain":0,"player_choice":"Card Removal","damage_taken":0,"max_hp_gain":0,"max_hp_loss":0,"event_name":"The Cleric","floor":2,"gold_loss":75},{"damage_healed":0,"gold_gain":0,"player_choice":"Success","damage_taken":5,"relics_obtained":["Kunai"],"max_hp_gain":0,"max_hp_loss":0,"event_name":"Scrap Ooze","floor":3,"gold_loss":0},{"damage_healed":0,"gold_gain":0,"player_choice":"Forge","damage_taken":0,"max_hp_gain":0,"max_hp_loss":0,"event_name":"Accursed Blacksmith","floor":20,"gold_loss":0,"cards_upgraded":["Rainbow"]},{"damage_healed":0,"gold_gain":0,"player_choice":"Read","damage_taken":0,"max_hp_gain":0,"max_hp_loss":0,"event_name":"The Library","floor":22,"gold_loss":0,"cards_obtained":["Capacitor"]}],"is_beta":false,"boss_relics":[{"not_picked":["Tiny House","Lizard Tail"],"picked":"Cursed Key"}],"items_purged_floors":[],"is_endless":false,"potions_floor_spawned":[6,14,16],"killed_by":"Gremlin Leader","ascension_level":20}