{"gold_per_floor":[113,113,126,126,145,145,166,166],"floor_reached":8,"playtime":184,"items_purged":[],"score":96,"play_id":"cfa2234d-519f-4b3c-9f33-b3c658b8b089","local_time":"20190512182915","is_ascension_mode":true,"campfire_choices":[{"data":"Deadly Poison","floor":6,"key":"SMITH"}],"neow_cost":"NONE","seed_source_timestamp":549210896416700,"circlet_count":0,"master_deck":["AscendersBane","Defend_G","Defend_G","Defend_G","Defend_G","Defend_G","Strike_G","Strike_G","Strike_G","Strike_G","Survivor","Neutralize","Well Laid Plans","Deadly Poison+1","Bane"],"relics":["Ring of the Snake","NeowsBlessing","Golden Idol"],"potions_floor_usage":[8],"damage_taken":[{"damage":0,"enemies":"Jaw Worm","floor":1,"turns":1},{"damage":0,"enemies":"2 Louse","floor":3,"turns":1},{"damage":0,"enemies":"Small Slimes","floor":5,"turns":1},{"damage":11,"enemies":"Looter","floor":7,"turns":3},{"damage":71,"enemies":"Gremlin Nob","floor":8,"turns":4}],"seed_played":"-9130748748004397351","potions_obtained":[{"floor":3,"key":"SneckoOil"},{"floor":5,"key":"Dexterity Potion"}],"is_trial":false,"path_per_floor":["M","?","M","?","M","R","M","E"],"character_chosen":"THE_SILENT","items_purchased":[],"campfire_rested":0,"item_purchase_floors":[],"current_hp_per_floor":[59,59,59,52,52,52,41,0],"gold":166,"neow_bonus":"THREE_ENEMY_KILL","is_prod":false,"is_daily":false,"chose_seed":false,"campfire_upgraded":1,"win_rate":0,"timestamp":1557653355,"path_taken":["M","?","M","?","M","R","M","E"],"build_version":"2019-01-23","purchased_purges":0,"victory":false,"max_hp_per_floor":[66,60,60,60,60,60,60,60],"card_choices":[{"not_picked":["Acrobatics","Backflip"],"picked":"Well Laid Plans","floor":1},{"not_picked":["Backflip","Accuracy"],"picked":"Deadly Poison","floor":3},{"not_picked":["Outmaneuver","Concentrate","Slice"],"picked":"SKIP","floor":5},{"not_picked":["Riddle With Holes","Deflect"],"picked":"Bane","floor":7}],"player_experience":1358620,"relics_obtained":[],"event_choices":[{"damage_healed":0,"gold_gain":0,"player_choice":"Lose Max HP","damage_taken":0,"relics_obtained":["Golden Idol"],"max_hp_gain":0,"max_hp_loss":6,"event_name":"Golden Idol","floor":2,"gold_loss":0},{"cards_removed":["Strike_G"],"damage_healed":0,"gold_gain":0,"player_choice":"Card Removal","damage_taken":7,"max_hp_gain":0,"max_hp_loss":0,"event_name":"Golden Wing","floor":4,"gold_loss":0}],"is_beta":false,"boss_relics":[],"items_purged_floors":[],"is_endless":false,"potions_floor_spawned":[3,5],"killed_by":"Gremlin Nob","ascension_level":20}