{"gold_per_floor":[362,381,391,267,279,279,309,369,369,166,166,166,178,197,197,296,296,313,313,330,330,241,241,166,180,232,27,43,43,59,59],"floor_reached":31,"playtime":1334,"items_purged":["Shame","Strike_G","Strike_G","Strike_G"],"score":261,"play_id":"89d2a551-5b3b-4e16-ade0-6c7b3817a773","local_time":"20190331090542","is_ascension_mode":true,"campfire_choices":[{"data":"Neutralize","floor":6,"key":"SMITH"},{"floor":11,"key":"REST"},{"floor":15,"key":"REST"},{"data":"RitualDagger","floor":23,"key":"SMITH"}],"neow_cost":"CURSE","seed_source_timestamp":3606813837740,"circlet_count":0,"master_deck":["Defend_G","Defend_G","Defend_G","Defend_G","Strike_G","Strike_G","Survivor","Neutralize+1","Crippling Poison","Blade Dance","Bane","Poisoned Stab","Bane","Calculated Gamble","Envenom+1","Quick Slash","Malaise","Cloak And Dagger","RitualDagger+1","J.A.X.","Well Laid Plans","Catalyst","Pain","Bullet Time"],"relics":["Ring of the Snake","Pen Nib","Letter Opener","Smiling Mask","Philosopher\u0027s Stone","Vajra","Lantern","WarpedTongs"],"potions_floor_usage":[8,8,28,28,30],"damage_taken":[{"damage":0,"enemies":"Cultist","floor":1,"turns":4},{"damage":9,"enemies":"Jaw Worm","floor":2,"turns":4},{"damage":4,"enemies":"2 Louse","floor":3,"turns":3},{"damage":4,"enemies":"Blue Slaver","floor":5,"turns":3},{"damage":30,"enemies":"Gremlin Nob","floor":7,"turns":5},{"damage":18,"enemies":"Lagavulin Event","floor":8,"turns":7},{"damage":8,"enemies":"Exordium Thugs","floor":13,"turns":5},{"damage":9,"enemies":"Large Slime","floor":14,"turns":4},{"damage":17,"enemies":"Hexaghost","floor":16,"turns":7},{"damage":13,"enemies":"3 Byrds","floor":18,"turns":4},{"damage":4,"enemies":"Chosen","floor":20,"turns":4},{"damage":23,"enemies":"Snake Plant","floor":25,"turns":4},{"damage":11,"enemies":"Cultist and Chosen","floor":28,"turns":6},{"damage":7,"enemies":"Centurion and Healer","floor":30,"turns":3},{"damage":8,"enemies":"Snake Plant","floor":31,"turns":1}],"seed_played":"-630422734168608483","potions_obtained":[{"floor":2,"key":"Weak Potion"},{"floor":3,"key":"Dexterity Potion"},{"floor":14,"key":"Weak Potion"},{"floor":16,"key":"Weak Potion"},{"floor":18,"key":"Energy Potion"},{"floor":20,"key":"GhostInAJar"}],"is_trial":false,"path_per_floor":["M","M","M","$","M","R","E","?","T","$","R","?","M","M","R","B",null,"M","?","M","?","$","R","?","M","T","$","M","?","M","M"],"character_chosen":"THE_SILENT","items_purchased":["Poisoned Stab","Envenom","Well Laid Plans","Lantern"],"campfire_rested":2,"item_purchase_floors":[4,10,22,27],"current_hp_per_floor":[70,61,57,57,53,53,23,5,5,5,26,26,18,9,30,13,70,57,51,47,47,47,47,47,24,24,24,13,13,6,0],"gold":59,"neow_bonus":"TWO_FIFTY_GOLD","is_prod":false,"is_daily":false,"chose_seed":false,"campfire_upgraded":2,"win_rate":0,"timestamp":1553994342,"path_taken":["M","M","?","$","M","R","E","?","T","$","R","?","M","M","R","BOSS","M","?","M","?","$","R","?","M","T","?","?","?","?","?"],"build_version":"2019-01-23","purchased_purges":4,"victory":false,"max_hp_per_floor":[70,70,70,70,70,70,70,70,70,70,70,70,70,70,70,70,70,70,70,70,70,70,70,70,70,70,70,70,70,70,70],"card_choices":[{"not_picked":["Terror","Poisoned Stab"],"picked":"Crippling Poison","floor":1},{"not_picked":["Flying Knee","Bane"],"picked":"Blade Dance","floor":2},{"not_picked":["Prepared","Dodge and Roll"],"picked":"Bane","floor":3},{"not_picked":["Choke","Concentrate","Terror"],"picked":"SKIP","floor":5},{"not_picked":["Poisoned Stab","Flying Knee"],"picked":"Bane","floor":7},{"not_picked":["Outmaneuver","Poisoned Stab"],"picked":"Calculated Gamble","floor":8},{"not_picked":["Dodge and Roll","Bane","Terror"],"picked":"SKIP","floor":13},{"not_picked":["Deflect","Expertise"],"picked":"Quick Slash","floor":14},{"not_picked":["Doppelganger","A Thousand Cuts"],"picked":"Malaise","floor":16},{"not_picked":["Dagger Throw","Blade Dance"],"picked":"Cloak And Dagger","floor":18},{"not_picked":["Dodge and Roll","Expertise","Terror"],"picked":"SKIP","floor":20},{"not_picked":["Deadly Poison+1","Prepared","Eviscerate"],"picked":"SKIP","floor":25},{"not_picked":["Slice+1","Dagger Throw+1"],"picked":"Catalyst","floor":28},{"not_picked":["Flying Knee","All Out Attack+1"],"picked":"Bullet Time","floor":30}],"player_experience":410978,"relics_obtained":[{"floor":7,"key":"Pen Nib"},{"floor":8,"key":"Letter Opener"},{"floor":9,"key":"Smiling Mask"},{"floor":26,"key":"Vajra"}],"event_choices":[{"damage_healed":0,"gold_gain":0,"player_choice":"Searched \u00272\u0027 times","damage_taken":0,"max_hp_gain":0,"max_hp_loss":0,"event_name":"Dead Adventurer","floor":8,"gold_loss":0},{"damage_healed":0,"gold_gain":0,"player_choice":"Grow","damage_taken":0,"max_hp_gain":0,"max_hp_loss":0,"event_name":"Living Wall","floor":12,"gold_loss":0,"cards_upgraded":["Envenom"]},{"damage_healed":0,"gold_gain":0,"player_choice":"Joined the Cult","damage_taken":6,"max_hp_gain":0,"max_hp_loss":0,"event_name":"Nest","floor":19,"gold_loss":0,"cards_obtained":["RitualDagger"]},{"damage_healed":0,"gold_gain":0,"player_choice":"Obtain J.A.X.","damage_taken":0,"max_hp_gain":0,"max_hp_loss":0,"event_name":"Drug Dealer","floor":21,"gold_loss":0,"cards_obtained":["J.A.X."]},{"cards_removed":["Defend_G"],"damage_healed":0,"gold_gain":0,"player_choice":"Gave Gold","damage_taken":0,"max_hp_gain":0,"max_hp_loss":0,"event_name":"Beggar","floor":24,"gold_loss":75},{"damage_healed":0,"gold_gain":0,"player_choice":"Rummage","damage_taken":0,"relics_obtained":["WarpedTongs"],"max_hp_gain":0,"max_hp_loss":0,"event_name":"Accursed Blacksmith","floor":29,"gold_loss":0,"cards_obtained":["Pain"]}],"is_beta":false,"boss_relics":[{"not_picked":["Lizard Tail","Coffee Dripper"],"picked":"Philosopher\u0027s Stone"}],"items_purged_floors":[4,10,22,27],"is_endless":false,"potions_floor_spawned":[2,3,14,16,18,20],"killed_by":"Snake Plant","ascension_level":2}