{"gold_per_floor":[116,116,39,50,15,46,60,60,60,135,151,171,183,195,195,300,300,318,318,140,158,169,169,169],"floor_reached":24,"playtime":1711,"items_purged":["Strike_G"],"score":300,"play_id":"e42d1d5a-4b09-4ccf-b311-6aff3a8a4a4f","local_time":"20190327175256","is_ascension_mode":true,"campfire_choices":[{"floor":8.0,"key":"REST"},{"floor":15.0,"key":"REST"},{"floor":23.0,"key":"REST"}],"neow_cost":"NONE","seed_source_timestamp":0,"circlet_count":0,"master_deck":["AscendersBane","Defend_G","Defend_G","Defend_G","Defend_G","Defend_G","Strike_G","Strike_G","Survivor","Neutralize","Footwork","Caltrops","Venomology","Sucker Punch","Endless Agony","Slice","Leg Sweep","Glass Knife","Cloak And Dagger","Slice","Well Laid Plans","All Out Attack"],"special_seed":0,"relics":["Ring of the Snake","Shuriken","Lantern","WristBlade"],"potions_floor_usage":[],"damage_taken":[{"damage":2.0,"enemies":"Small Slimes","floor":1.0,"turns":6.0},{"damage":0.0,"enemies":"2 Louse","floor":4.0,"turns":5.0},{"damage":45.0,"enemies":"Lagavulin","floor":6.0,"turns":11.0},{"damage":3.0,"enemies":"Cultist","floor":7.0,"turns":6.0},{"damage":6.0,"enemies":"Large Slime","floor":11.0,"turns":9.0},{"damage":5.0,"enemies":"Exordium Thugs","floor":12.0,"turns":7.0},{"damage":3.0,"enemies":"Blue Slaver","floor":13.0,"turns":4.0},{"damage":0.0,"enemies":"Looter","floor":14.0,"turns":3.0},{"damage":19.0,"enemies":"Hexaghost","floor":16.0,"turns":16.0},{"damage":0.0,"enemies":"Chosen","floor":18.0,"turns":6.0},{"damage":0.0,"enemies":"Spheric Guardian","floor":21.0,"turns":1.0},{"damage":43.0,"enemies":"Chosen and Byrds","floor":22.0,"turns":6.0},{"damage":0,"enemies":"Book of Stabbing","floor":24,"turns":1}],"seed_played":"-7181674993940518513","potions_obtained":[{"floor":4.0,"key":"Strength Potion"},{"floor":7.0,"key":"Ancient Potion"},{"floor":11.0,"key":"SpeedPotion"},{"floor":12.0,"key":"SteroidPotion"},{"floor":13.0,"key":"Strength Potion"},{"floor":21.0,"key":"FearPotion"}],"is_trial":false,"path_per_floor":["M","?","$","M","?","E","M","R","T","?","M","M","M","M","R","B",null,"M","?","$","M","M","R","E"],"character_chosen":"THE_SILENT","items_purchased":["Footwork","Cloak And Dagger","Slice"],"campfire_rested":3,"item_purchase_floors":[3,20,20],"current_hp_per_floor":[61,54,54,54,70,25,22,43,43,36,30,25,22,22,43,24,59,59,70,70,70,27,48,48],"gold":169,"neow_bonus":"REMOVE_CARD","is_prod":false,"is_daily":false,"chose_seed":false,"campfire_upgraded":0,"win_rate":0,"timestamp":1553727176,"path_taken":["M","?","$","M","?","E","M","R","T","?","M","M","M","M","R","BOSS","M","?","$","M","M","R","E"],"build_version":"2019-01-23","purchased_purges":1,"victory":false,"max_hp_per_floor":[70,70,70,70,70,70,70,70,70,70,70,70,70,70,70,70,70,70,70,70,70,70,70,70],"card_choices":[{"not_picked":["Prepared","Outmaneuver","Noxious Fumes"],"picked":"SKIP","floor":1.0},{"not_picked":["Eviscerate","Deadly Poison"],"picked":"Caltrops","floor":4.0},{"not_picked":["Blade Dance","PiercingWail"],"picked":"Venomology","floor":6.0},{"not_picked":["Terror","Heel Hook","Bouncing Flask"],"picked":"SKIP","floor":7.0},{"not_picked":["Blade Dance","Terror"],"picked":"Sucker Punch","floor":11.0},{"not_picked":["Distraction","Prepared"],"picked":"Endless Agony","floor":12.0},{"not_picked":["Blade Dance","Catalyst"],"picked":"Slice","floor":13.0},{"not_picked":["Blade Dance","Bane"],"picked":"Leg Sweep","floor":14.0},{"not_picked":["Grand Finale","A Thousand Cuts"],"picked":"Glass Knife","floor":16.0},{"not_picked":["Heel Hook","Outmaneuver+1","Dagger Throw"],"picked":"SKIP","floor":18.0},{"not_picked":["Flying Knee","Noxious Fumes"],"picked":"Well Laid Plans","floor":21.0},{"not_picked":["Poisoned Stab","Flying Knee"],"picked":"All Out Attack","floor":22.0}],"player_experience":331016,"relics_obtained":[{"floor":6.0,"key":"Shuriken"},{"floor":9.0,"key":"Lantern"}],"event_choices":[{"cards_removed":["Strike_G"],"damage_healed":0.0,"max_hp_gain":0.0,"max_hp_loss":0.0,"gold_gain":0.0,"event_name":"Golden Wing","player_choice":"Card Removal","floor":2.0,"gold_loss":0.0,"damage_taken":7.0},{"damage_healed":17.0,"max_hp_gain":0.0,"max_hp_loss":0.0,"gold_gain":0.0,"event_name":"The Cleric","player_choice":"Healed","floor":5.0,"gold_loss":35.0,"damage_taken":0.0},{"damage_healed":0.0,"max_hp_gain":0.0,"max_hp_loss":0.0,"gold_gain":75.0,"event_name":"FaceTrader","player_choice":"Touch","floor":10.0,"gold_loss":0.0,"damage_taken":7.0},{"damage_healed":23.0,"max_hp_gain":0.0,"max_hp_loss":0.0,"gold_gain":0.0,"event_name":"The Library","player_choice":"Heal","floor":19.0,"gold_loss":0.0,"damage_taken":0.0}],"is_beta":false,"boss_relics":[{"not_picked":["Calling Bell","HoveringKite"],"picked":"WristBlade"}],"items_purged_floors":[20],"is_endless":false,"potions_floor_spawned":[4,7,11,12,13,21],"killed_by":"Book of Stabbing","ascension_level":10}