{"gold_per_floor":[109,120,137,137,149,149,167,194,218,97,115,130,130,142,142,241,241,256,266,266,10,25,56,74,74,74,74,74,84,84,94,94,94],"floor_reached":33,"playtime":2582,"items_purged":["Strike_R","Strike_R"],"score":298,"play_id":"b72987de-8e60-4576-919d-0e948aaf7cf0","local_time":"20180930003721","is_ascension_mode":false,"campfire_choices":[{"data":"Flex","floor":6,"key":"SMITH"},{"data":"Flex","floor":15,"key":"SMITH"},{"floor":27,"key":"REST"},{"floor":30,"key":"REST"},{"floor":32,"key":"REST"}],"neow_cost":"NONE","seed_source_timestamp":15740920652919,"circlet_count":0,"master_deck":["Strike_R","Strike_R","Defend_R+1","Defend_R+1","Defend_R","Defend_R","Bash","Flex+1","Headbutt","Cleave","Heavy Blade","Flex+1","Shrug It Off","Cleave","Armaments","Heavy Blade","Armaments","Offering","Inflame+1","Power Through+1","Warcry+1","Disarm+1","Disarm"],"relics":["Anchor","War Paint","Mark of Pain","Nloth\u0027s Gift","Strawberry","Ancient Tea Set","Pantograph"],"potions_floor_usage":[16,23,33,33],"damage_taken":[{"damage":6,"enemies":"Jaw Worm","floor":1,"turns":5},{"damage":1,"enemies":"Cultist","floor":2,"turns":3},{"damage":0,"enemies":"Small Slimes","floor":3,"turns":3},{"damage":3,"enemies":"3 Louse","floor":5,"turns":2},{"damage":9,"enemies":"Exordium Wildlife","floor":7,"turns":4},{"damage":13,"enemies":"Gremlin Nob","floor":8,"turns":3},{"damage":2,"enemies":"Exordium Thugs","floor":11,"turns":4},{"damage":0,"enemies":"Looter","floor":12,"turns":2},{"damage":0,"enemies":"Exordium Wildlife","floor":14,"turns":3},{"damage":45,"enemies":"The Guardian","floor":16,"turns":13},{"damage":4,"enemies":"2 Thieves","floor":18,"turns":3},{"damage":8,"enemies":"Spheric Guardian","floor":19,"turns":4},{"damage":30,"enemies":"3 Cultists","floor":22,"turns":5},{"damage":33,"enemies":"Slavers","floor":23,"turns":6},{"damage":29,"enemies":"Shelled Parasite and Fungi","floor":24,"turns":8},{"damage":14,"enemies":"Snake Plant","floor":29,"turns":6},{"damage":0,"enemies":"Snecko","floor":31,"turns":5},{"damage":106,"enemies":"Collector","floor":33,"turns":12}],"seed_played":"-3066343004839212894","potions_obtained":[{"floor":2,"key":"Regen Potion"},{"floor":3,"key":"Poison Potion"},{"floor":12,"key":"Block Potion"},{"floor":18,"key":"BloodPotion"},{"floor":19,"key":"Explosive Potion"}],"is_trial":false,"path_per_floor":["M","M","M","?","M","R","M","E","T","$","M","M","?","M","R","B",null,"M","M","?","$","M","E","M","?","T","R","?","M","R","M","R"],"character_chosen":"IRONCLAD","items_purchased":["Cleave","Strawberry"],"campfire_rested":3,"item_purchase_floors":[10,21],"current_hp_per_floor":[88,88,88,88,88,88,85,78,78,78,82,88,88,88,88,49,88,88,86,86,93,63,44,15,15,15,43,43,29,57,57,85,0],"gold":94,"neow_bonus":"TEN_PERCENT_HP_BONUS","is_prod":false,"is_daily":false,"chose_seed":false,"campfire_upgraded":2,"win_rate":0.0,"timestamp":1538260641,"path_taken":["M","M","M","?","M","R","M","E","T","$","M","M","?","M","R","BOSS","M","M","?","$","M","E","M","?","T","R","?","M","R","M","R","BOSS"],"build_version":"2018-09-27","purchased_purges":2,"victory":false,"max_hp_per_floor":[88,88,88,88,88,88,88,88,88,88,88,88,88,88,88,88,88,88,88,88,95,95,95,95,95,95,95,95,95,95,95,95,95],"card_choices":[{"not_picked":["Clash","Perfected Strike"],"picked":"Flex","floor":1},{"not_picked":["Pommel Strike","Sword Boomerang"],"picked":"Headbutt","floor":2},{"not_picked":["Flex","Power Through"],"picked":"Cleave","floor":3},{"not_picked":["Offering","Clash"],"picked":"Heavy Blade","floor":5},{"not_picked":["Armaments","Warcry"],"picked":"Flex","floor":7},{"not_picked":["Spot Weakness","Offering"],"picked":"Shrug It Off","floor":8},{"not_picked":["Thunderclap","Sword Boomerang"],"picked":"Armaments","floor":11},{"not_picked":["Warcry","True Grit"],"picked":"Heavy Blade","floor":12},{"not_picked":["Thunderclap","Infernal Blade"],"picked":"Armaments","floor":14},{"not_picked":["Bludgeon","Berserk"],"picked":"Offering","floor":16},{"not_picked":["Hemokinesis","Entrench"],"picked":"Inflame+1","floor":18},{"not_picked":["Blood for Blood","Searing Blow"],"picked":"Power Through+1","floor":19},{"not_picked":["Anger","Heavy Blade"],"picked":"Warcry+1","floor":22},{"not_picked":["Dark Embrace","Perfected Strike","Anger"],"picked":"SKIP","floor":23},{"not_picked":["Heavy Blade","Infernal Blade"],"picked":"Disarm+1","floor":24},{"not_picked":["Clash","Berserk"],"picked":"Disarm","floor":29},{"not_picked":["Heavy Blade","Cleave","Anger"],"picked":"SKIP","floor":31}],"player_experience":78003,"relics_obtained":[{"floor":8,"key":"Anchor"},{"floor":9,"key":"War Paint"},{"floor":23,"key":"Ancient Tea Set"},{"floor":26,"key":"Pantograph"}],"event_choices":[{"event_name":"Match and Keep!","player_choice":"0 cards matched","floor":4,"damage_taken":0},{"event_name":"Dead Adventurer","player_choice":"Searched \u00271\u0027 times","floor":13,"damage_taken":0},{"event_name":"N\u0027loth","player_choice":"Traded a Burning Blood","floor":20,"damage_taken":0},{"event_name":"Vampires","player_choice":"Ignored","floor":25,"damage_taken":0},{"event_name":"Bonfire Elementals","player_choice":"BASIC","floor":28,"damage_taken":0}],"is_beta":false,"boss_relics":[{"not_picked":["Busted Crown","Black Blood"],"picked":"Mark of Pain"}],"items_purged_floors":[10,21],"is_endless":false,"potions_floor_spawned":[2,3,12,18,19],"killed_by":"Collector","ascension_level":0}