{"gold_per_floor":[116,131,146,14,29,55,55,113,137,169,187,187,207,241,241,339,339,356,235,235,252,264,264,264,296,296,312,312,43,63,63,63,63],"floor_reached":33,"playtime":3349,"items_purged":["Strike_G","Defend_G"],"score":381,"play_id":"ecac11d1-aea2-4667-bee5-07e79a3d882b","local_time":"20181122212823","is_ascension_mode":true,"campfire_choices":[{"data":"Neutralize","floor":7.0,"key":"SMITH"},{"floor":12.0,"key":"REST"},{"floor":15.0,"key":"REST"},{"data":"Noxious Fumes","floor":23,"key":"SMITH"},{"floor":32,"key":"REST"}],"neow_cost":"NONE","seed_source_timestamp":0,"circlet_count":0,"master_deck":["Defend_G","Defend_G","Defend_G","Survivor","Neutralize+1","Dagger Spray","Well Laid Plans","Noxious Fumes","Noxious Fumes+1","Sucker Punch+1","Poisoned Stab","Poisoned Stab","Glass Knife","Quick Slash","Sucker Punch+1","Burst","Quick Slash","Cloak And Dagger+1","Blur","Bite","Bite","Bite","Bite","Bite","Adrenaline","Dodge and Roll+1","Corpse Explosion","Footwork","Dodge and Roll"],"special_seed":0,"relics":["Ring of the Snake","PreservedInsect","Smiling Mask","Tiny Chest","Strawberry","Omamori","Shovel","Cursed Key","Whetstone","Blood Vial"],"potions_floor_usage":[21,22,25,30,33,33],"damage_taken":[{"damage":0.0,"enemies":"Cultist","floor":1.0,"turns":5.0},{"damage":0.0,"enemies":"Small Slimes","floor":2.0,"turns":6.0},{"damage":3.0,"enemies":"Jaw Worm","floor":3.0,"turns":5.0},{"damage":5.0,"enemies":"2 Fungi Beasts","floor":5.0,"turns":3.0},{"damage":14.0,"enemies":"Lagavulin","floor":6.0,"turns":8.0},{"damage":13.0,"enemies":"Gremlin Nob","floor":8.0,"turns":4.0},{"damage":21.0,"enemies":"3 Sentries","floor":10.0,"turns":6.0},{"damage":8.0,"enemies":"Exordium Thugs","floor":11.0,"turns":5.0},{"damage":7.0,"enemies":"Red Slaver","floor":13.0,"turns":5.0},{"damage":5.0,"enemies":"Gremlin Nob","floor":14.0,"turns":3.0},{"damage":16.0,"enemies":"Hexaghost","floor":16.0,"turns":8.0},{"damage":19.0,"enemies":"Spheric Guardian","floor":18.0,"turns":4.0},{"damage":12,"enemies":"2 Thieves","floor":21,"turns":3},{"damage":21,"enemies":"Cultist and Chosen","floor":22,"turns":6},{"damage":9,"enemies":"Gremlin Leader","floor":25,"turns":5},{"damage":20,"enemies":"Snake Plant","floor":27,"turns":5},{"damage":8,"enemies":"Snecko","floor":30,"turns":4},{"damage":82,"enemies":"Collector","floor":33,"turns":8}],"seed_played":"565416285082069662","potions_obtained":[{"floor":1.0,"key":"Ancient Potion"},{"floor":3.0,"key":"Energy Potion"},{"floor":6.0,"key":"FairyPotion"},{"floor":10.0,"key":"Explosive Potion"},{"floor":18.0,"key":"Fire Potion"},{"floor":22,"key":"Explosive Potion"},{"floor":30,"key":"SpeedPotion"}],"is_trial":false,"path_per_floor":["M","M","M","$","M","E","R","E","T","E","M","R","M","E","R","B",null,"M","$","?","M","M","R","?","E","T","M","?","$","M","?","R","B"],"character_chosen":"THE_SILENT","items_purchased":["Well Laid Plans","Fire Potion","Sucker Punch","Strength Potion","Footwork","Energy Potion","Poison Potion","Dodge and Roll"],"campfire_rested":3,"item_purchase_floors":[4,4,19,19,29,29,29,29],"current_hp_per_floor":[70,70,67,67,62,48,48,35,42,21,13,36,29,24,47,31,77,58,58,58,46,25,25,25,28,28,22,22,22,20,15,30,0],"gold":63,"neow_bonus":"RANDOM_COMMON_RELIC","is_prod":false,"is_daily":false,"chose_seed":false,"campfire_upgraded":2,"win_rate":0,"timestamp":1542943703,"path_taken":["M","M","?","$","?","E","R","E","T","E","M","R","M","E","R","BOSS","M","$","?","M","M","R","?","E","T","M","?","$","?","?","R","BOSS"],"build_version":"2018-11-15","purchased_purges":2,"victory":false,"max_hp_per_floor":[70,70,70,70,70,70,70,70,77,77,77,77,77,77,77,77,77,77,77,77,77,77,77,53,53,53,53,53,53,53,53,53,53],"card_choices":[{"not_picked":["Infinite Blades","Poisoned Stab"],"picked":"Dagger Spray","floor":2.0},{"not_picked":["Prepared","Terror","Eviscerate"],"picked":"SKIP","floor":3.0},{"not_picked":["Caltrops","Dagger Spray"],"picked":"Noxious Fumes","floor":5.0},{"not_picked":["Outmaneuver","Doppelganger"],"picked":"Noxious Fumes","floor":6.0},{"not_picked":["Flechettes","All Out Attack"],"picked":"Sucker Punch","floor":8.0},{"not_picked":["Outmaneuver","Phantasmal Killer"],"picked":"Poisoned Stab","floor":10.0},{"not_picked":["Setup","Blade Dance","Bane"],"picked":"SKIP","floor":11.0},{"not_picked":["Flechettes","Accuracy"],"picked":"Poisoned Stab","floor":13.0},{"not_picked":["Dash","Acrobatics","Reflex"],"picked":"SKIP","floor":14.0},{"not_picked":["Night Terror","Die Die Die"],"picked":"Glass Knife","floor":16.0},{"not_picked":["Blade Dance","Dagger Spray"],"picked":"Quick Slash","floor":18.0},{"not_picked":["Caltrops","Escape Plan"],"picked":"Cloak And Dagger+1","floor":21},{"not_picked":["Flechettes","Eviscerate"],"picked":"Blur","floor":22},{"not_picked":["Terror","Bane"],"picked":"Adrenaline","floor":25},{"not_picked":["Blade Dance","Calculated Gamble"],"picked":"Dodge and Roll+1","floor":27},{"not_picked":["Skewer","Flying Knee","Underhanded Strike"],"picked":"SKIP","floor":30}],"player_experience":230930,"relics_obtained":[{"floor":6.0,"key":"Smiling Mask"},{"floor":8.0,"key":"Tiny Chest"},{"floor":9.0,"key":"Strawberry"},{"floor":10.0,"key":"Omamori"},{"floor":14.0,"key":"Shovel"},{"floor":25,"key":"Whetstone"},{"floor":26,"key":"Blood Vial"}],"event_choices":[{"damage_healed":0.0,"max_hp_gain":0.0,"max_hp_loss":0.0,"gold_gain":0.0,"cards_transformed":["Strike_G","Strike_G"],"event_name":"Drug Dealer","player_choice":"Became Test Subject","floor":20.0,"gold_loss":0.0,"damage_taken":0.0,"cards_obtained":["Burst","Quick Slash"]},{"damage_healed":0,"gold_gain":0,"player_choice":"Became a vampire","damage_taken":0,"max_hp_gain":0,"max_hp_loss":24,"event_name":"Vampires","floor":24,"gold_loss":0,"cards_obtained":["Bite","Bite","Bite","Bite","Bite"]},{"damage_healed":0,"gold_gain":0,"cards_transformed":["Defend_G"],"player_choice":"Transformed","damage_taken":0,"max_hp_gain":0,"max_hp_loss":0,"event_name":"Transmorgrifier","floor":28,"gold_loss":0,"cards_obtained":["Corpse Explosion"]},{"damage_healed":0,"gold_gain":0,"player_choice":"Damaged","damage_taken":5,"max_hp_gain":0,"max_hp_loss":0,"event_name":"Wheel of Change","floor":31,"gold_loss":0}],"is_beta":false,"boss_relics":[{"not_picked":["Ring of the Serpent","Ectoplasm"],"picked":"Cursed Key"}],"items_purged_floors":[19,29],"is_endless":false,"potions_floor_spawned":[1,3,6,10,18,22,30],"killed_by":"Collector","ascension_level":4}