{"gold_per_floor":[117,117,134,19,31,56,56,75,101,101,101,120,120,44,44,137,137,151,1,1,14,14,14,30,30,30,61,61,61,61,61,61,154,154,179,179,512,23,43,74,74,74,98,98,98,98,98,110,110,110,110],"floor_reached":52,"playtime":3869,"items_purged":["Strike_G","Strike_G"],"score":1784,"play_id":"dbdfdcba-6d69-414b-aaac-2a780c36c1fe","local_time":"20190422001704","is_ascension_mode":true,"campfire_choices":[{"data":"Noxious Fumes","floor":7.0,"key":"SMITH"},{"floor":11.0,"key":"REST"},{"data":"Footwork","floor":15.0,"key":"SMITH"},{"floor":23.0,"key":"REST"},{"data":"Footwork","floor":25.0,"key":"SMITH"},{"floor":30.0,"key":"REST"},{"floor":32.0,"key":"REST"},{"floor":42,"key":"REST"},{"floor":44,"key":"REST"},{"data":"Burst","floor":45,"key":"SMITH"},{"data":"Neutralize","floor":46,"key":"SMITH"},{"floor":49,"key":"REST"}],"neow_cost":"NONE","seed_source_timestamp":0,"circlet_count":0,"master_deck":["AscendersBane","Defend_G+1","Defend_G+1","Defend_G+1","Defend_G+1","Defend_G+1","Survivor+1","Neutralize+1","Noxious Fumes+1","Acrobatics+1","Well Laid Plans+1","Calculated Gamble+1","Blur+1","Footwork+1","Escape Plan+1","Footwork+1","After Image+1","Dodge and Roll+1","Dodge and Roll+1","Poisoned Stab+1","Deadly Poison+1","Infinite Blades+1","Footwork+1","Unload+1","Dash+1","Burst+1","Noxious Fumes+1","Backflip+1","Prepared+1","Deflect+1","Dodge and Roll+1"],"special_seed":0,"relics":["Ring of the Serpent","NeowsBlessing","Anchor","Juzu Bracelet","Ancient Tea Set","Ornamental Fan","Black Star","Nilry\u0027s Codex","Pocketwatch","Pantograph","Paper Crane","Blue Candle","Omamori","WingedGreaves","Pen Nib","Lantern","Mark of the Bloom"],"potions_floor_usage":[51],"damage_taken":[{"damage":0.0,"enemies":"Jaw Worm","floor":1.0,"turns":1.0},{"damage":0.0,"enemies":"Cultist","floor":3.0,"turns":1.0},{"damage":0.0,"enemies":"Small Slimes","floor":5.0,"turns":1.0},{"damage":33.0,"enemies":"3 Sentries","floor":6.0,"turns":10.0},{"damage":0.0,"enemies":"Looter","floor":8.0,"turns":4.0},{"damage":0.0,"enemies":"Exordium Wildlife","floor":12.0,"turns":7.0},{"damage":2.0,"enemies":"The Guardian","floor":16.0,"turns":11.0},{"damage":4.0,"enemies":"Chosen","floor":18.0,"turns":9.0},{"damage":11.0,"enemies":"3 Byrds","floor":21.0,"turns":7.0},{"damage":1.0,"enemies":"Snake Plant","floor":24.0,"turns":8.0},{"damage":7.0,"enemies":"Gremlin Leader","floor":27.0,"turns":9.0},{"damage":22.0,"enemies":"Colosseum Slavers","floor":28.0,"turns":7.0},{"damage":58.0,"enemies":"Collector","floor":33.0,"turns":15.0},{"damage":34.0,"enemies":"3 Darklings","floor":35.0,"turns":13.0},{"damage":11.0,"enemies":"Orb Walker","floor":39.0,"turns":7.0},{"damage":0.0,"enemies":"Giant Head","floor":40.0,"turns":13.0},{"damage":0,"enemies":"3 Darklings","floor":48,"turns":6},{"damage":1,"enemies":"Donu and Deca","floor":50,"turns":12},{"damage":5,"enemies":"Time Eater","floor":51,"turns":17}],"seed_played":"4283622555290024304","potions_obtained":[{"floor":1.0,"key":"FearPotion"},{"floor":5.0,"key":"PowerPotion"},{"floor":6.0,"key":"Energy Potion"},{"floor":18.0,"key":"FearPotion"},{"floor":24.0,"key":"Poison Potion"},{"floor":33.0,"key":"PowerPotion"},{"floor":35.0,"key":"SpeedPotion"},{"floor":39.0,"key":"SteroidPotion"},{"floor":40.0,"key":"Strength Potion"}],"is_trial":false,"path_per_floor":["M","?","M","$","M","E","R","M","T","?","R","M","?","$","R","B",null,"M","$","?","M","?","R","M","R","T","E","?","?","R","?","R","B",null,"M","$","?","$","M","E","?","R","T","R","R","R","?","M","R","B","B",null],"character_chosen":"THE_SILENT","items_purchased":["Well Laid Plans","Footwork","Dodge and Roll","Backflip","Blue Candle","Omamori"],"campfire_rested":7,"item_purchase_floors":[4,14,19,38,38,38],"current_hp_per_floor":[59,59,59,59,59,26,26,26,26,15,34,34,34,34,34,32,53,49,49,49,38,17,35,34,34,34,27,5,5,23,23,41,2,46,12,12,12,12,1,1,1,19,19,37,37,37,37,37,37,36,31],"gold":110,"neow_bonus":"THREE_ENEMY_KILL","is_prod":false,"is_daily":false,"chose_seed":false,"campfire_upgraded":5,"win_rate":0,"timestamp":1555885024,"path_taken":["M","?","M","$","?","E","R","M","T","?","R","M","?","?","R","BOSS","M","$","?","M","?","R","M","R","T","E","?","?","R","?","R","BOSS","M","$","?","$","M","E","?","R","T","R","R","R","?","M","R","BOSS","BOSS"],"build_version":"2019-01-23","purchased_purges":2,"victory":true,"max_hp_per_floor":[66,66,66,66,66,66,66,66,66,66,66,66,60,60,60,60,60,60,60,60,60,60,60,60,60,60,60,60,60,60,60,60,60,60,60,60,60,60,60,60,60,60,60,60,60,60,60,60,60,60,60],"card_choices":[{"not_picked":["Dash","Masterful Stab"],"picked":"Noxious Fumes","floor":1.0},{"not_picked":["Quick Slash","Eviscerate"],"picked":"Acrobatics","floor":3.0},{"not_picked":["Outmaneuver","Flying Knee"],"picked":"Calculated Gamble","floor":5.0},{"not_picked":["Acrobatics","Terror"],"picked":"Blur","floor":6.0},{"not_picked":["Acrobatics","Cloak And Dagger"],"picked":"Footwork","floor":8.0},{"not_picked":["Deflect","Terror"],"picked":"Escape Plan","floor":12.0},{"not_picked":["A Thousand Cuts","Malaise"],"picked":"After Image","floor":16.0},{"not_picked":["Deflect","Slice"],"picked":"Dodge and Roll","floor":18.0},{"not_picked":["Quick Slash","Sucker Punch","Underhanded Strike+1"],"picked":"SKIP","floor":21.0},{"not_picked":["Predator","Quick Slash"],"picked":"Deadly Poison","floor":24.0},{"not_picked":["Skewer","Bane+1"],"picked":"Infinite Blades","floor":27.0},{"not_picked":["Wraith Form v2","Venomology"],"picked":"Burst","floor":33.0},{"not_picked":["Quick Slash+1","Deflect"],"picked":"Noxious Fumes+1","floor":35.0},{"not_picked":["Slice+1","Cloak And Dagger"],"picked":"Prepared","floor":39.0},{"not_picked":["Glass Knife","Dagger Throw+1"],"picked":"Deflect+1","floor":40.0},{"not_picked":["Deflect","Poisoned Stab"],"picked":"Dodge and Roll+1","floor":48}],"player_experience":580249,"relics_obtained":[{"floor":6.0,"key":"Juzu Bracelet"},{"floor":9.0,"key":"Ancient Tea Set"},{"floor":22.0,"key":"Nilry\u0027s Codex"},{"floor":26.0,"key":"Pocketwatch"},{"floor":27.0,"key":"Pantograph"},{"floor":27.0,"key":"Paper Crane"},{"floor":40.0,"key":"WingedGreaves"},{"floor":40.0,"key":"Pen Nib"},{"floor":43,"key":"Lantern"}],"event_choices":[{"damage_healed":0.0,"max_hp_gain":0.0,"max_hp_loss":0.0,"gold_gain":0.0,"event_name":"WeMeetAgain","player_choice":"Gave Potion","floor":2.0,"gold_loss":0.0,"damage_taken":0.0,"relics_obtained":["Anchor"]},{"damage_healed":0.0,"max_hp_gain":0.0,"max_hp_loss":0.0,"gold_gain":0.0,"event_name":"Scrap Ooze","player_choice":"Success","floor":10.0,"gold_loss":0.0,"damage_taken":11.0,"relics_obtained":["Ornamental Fan"]},{"damage_healed":0.0,"max_hp_gain":0.0,"max_hp_loss":6.0,"gold_gain":0.0,"event_name":"Golden Idol","player_choice":"Lose Max HP","floor":13.0,"gold_loss":0.0,"damage_taken":0.0,"relics_obtained":["Golden Idol"]},{"damage_healed":0.0,"max_hp_gain":0.0,"max_hp_loss":0.0,"gold_gain":0.0,"cards_transformed":["Strike_G"],"event_name":"Transmorgrifier","player_choice":"Transformed","floor":20.0,"gold_loss":0.0,"damage_taken":0.0,"cards_obtained":["Poisoned Stab"]},{"damage_healed":0.0,"max_hp_gain":0.0,"max_hp_loss":0.0,"gold_gain":0.0,"event_name":"Cursed Tome","player_choice":"Obtained Book","floor":22.0,"gold_loss":0.0,"damage_taken":21.0},{"damage_healed":0.0,"max_hp_gain":0.0,"max_hp_loss":0.0,"gold_gain":0.0,"event_name":"Colosseum","player_choice":"Fight","floor":28.0,"gold_loss":0.0,"damage_taken":0.0},{"damage_healed":0.0,"max_hp_gain":0.0,"max_hp_loss":0.0,"gold_gain":0.0,"event_name":"Colosseum","player_choice":"Fled From Nobs","floor":28.0,"gold_loss":0.0,"damage_taken":0.0},{"damage_healed":0.0,"max_hp_gain":0.0,"max_hp_loss":0.0,"gold_gain":0.0,"event_name":"Duplicator","player_choice":"Copied","floor":29.0,"gold_loss":0.0,"damage_taken":0.0,"cards_obtained":["Footwork"]},{"damage_healed":0.0,"max_hp_gain":0.0,"max_hp_loss":0.0,"gold_gain":0.0,"cards_transformed":["Strike_G","Strike_G"],"event_name":"Drug Dealer","player_choice":"Became Test Subject","floor":31.0,"gold_loss":0.0,"damage_taken":0.0,"cards_obtained":["Unload","Dash"]},{"damage_healed":0.0,"max_hp_gain":0.0,"max_hp_loss":0.0,"gold_gain":333.0,"event_name":"The Moai Head","player_choice":"Gave Idol","floor":37.0,"relics_lost":["Golden Idol"],"gold_loss":0.0,"damage_taken":0.0},{"damage_healed":0,"gold_gain":0,"player_choice":"Ignored","damage_taken":0,"max_hp_gain":0,"max_hp_loss":0,"event_name":"Mysterious Sphere","floor":41,"gold_loss":0},{"damage_healed":0,"gold_gain":0,"player_choice":"Upgrade","damage_taken":0,"relics_obtained":["Mark of the Bloom"],"max_hp_gain":0,"max_hp_loss":0,"event_name":"MindBloom","floor":47,"gold_loss":0,"cards_upgraded":["Defend_G","Defend_G","Defend_G","Defend_G","Defend_G","Survivor","Acrobatics","Well Laid Plans","Calculated Gamble","Blur","Escape Plan","After Image","Dodge and Roll","Dodge and Roll","Poisoned Stab","Deadly Poison","Infinite Blades","Unload","Dash","Backflip","Prepared"]}],"is_beta":false,"boss_relics":[{"not_picked":["White Beast Statue","Tiny House"],"picked":"Black Star"},{"not_picked":["HoveringKite","Pandora\u0027s Box"],"picked":"Ring of the Serpent"}],"items_purged_floors":[4,19],"is_endless":false,"potions_floor_spawned":[1,5,6,18,24,33,35,39,40],"ascension_level":20}