{"gold_per_floor":[19,33,33,33,33,72,86,119,191,206,227,227,5,25,25,25],"floor_reached":16,"playtime":1078,"items_purged":["Strike_B"],"score":112,"play_id":"24195ba5-3126-456f-b9eb-1dc47a427084","local_time":"20181124022013","is_ascension_mode":false,"campfire_choices":[{"floor":12,"key":"REST"},{"data":"Storm","floor":15,"key":"SMITH"}],"neow_cost":"NO_GOLD","seed_source_timestamp":1069818784085152,"circlet_count":0,"master_deck":["Strike_B","Strike_B","Strike_B","Defend_B","Defend_B","Defend_B","Defend_B","Zap","Dualcast","Rebound","Cold Snap","Amplify","Reinforced Body","Capacitor","Ball Lightning","Storm+1"],"relics":["Cracked Core","Nunchaku","Golden Idol","Ice Cream","Omamori","Pear","Bronze Scales"],"potions_floor_usage":[6,6,8,10,16],"damage_taken":[{"damage":1,"enemies":"Cultist","floor":1,"turns":3},{"damage":3,"enemies":"2 Louse","floor":2,"turns":2},{"damage":20,"enemies":"3 Sentries","floor":6,"turns":8},{"damage":2,"enemies":"Small Slimes","floor":7,"turns":2},{"damage":13,"enemies":"Gremlin Nob","floor":8,"turns":5},{"damage":5,"enemies":"Exordium Thugs","floor":10,"turns":4},{"damage":4,"enemies":"Large Slime","floor":11,"turns":5},{"damage":7,"enemies":"Exordium Wildlife","floor":14,"turns":5},{"damage":43,"enemies":"Slime Boss","floor":16,"turns":5}],"seed_played":"6060525525947089649","potions_obtained":[{"floor":1,"key":"Energy Potion"},{"floor":2,"key":"EntropicBrew"}],"is_trial":false,"path_per_floor":["M","M","?","?","?","E","M","E","T","M","M","R","$","M","R","B"],"character_chosen":"DEFECT","items_purchased":["Bronze Scales"],"campfire_rested":1,"item_purchase_floors":[13],"current_hp_per_floor":[74,71,53,53,53,33,31,18,28,23,19,44,44,37,37,0],"gold":25,"neow_bonus":"ONE_RARE_RELIC","is_prod":false,"is_daily":false,"chose_seed":false,"campfire_upgraded":1,"win_rate":0.0,"timestamp":1542993613,"path_taken":["M","M","?","?","?","E","M","E","T","M","M","R","$","M","R","BOSS"],"build_version":"2018-11-15","purchased_purges":1,"victory":false,"max_hp_per_floor":[75,75,75,75,75,75,75,75,85,85,85,85,85,85,85,85],"card_choices":[{"not_picked":["Storm","Capacitor"],"picked":"Rebound","floor":1},{"not_picked":["Hologram","Barrage"],"picked":"Cold Snap","floor":2},{"not_picked":["Redo","Barrage","Compile Driver"],"picked":"SKIP","floor":6},{"not_picked":["Chaos","Go for the Eyes"],"picked":"Amplify","floor":7},{"not_picked":["Gash","Cold Snap"],"picked":"Reinforced Body","floor":8},{"not_picked":["Darkness","Stack"],"picked":"Capacitor","floor":10},{"not_picked":["Hologram","Steam"],"picked":"Ball Lightning","floor":11},{"not_picked":["Compile Driver","Beam Cell"],"picked":"Storm","floor":14}],"player_experience":29316,"relics_obtained":[{"floor":6,"key":"Ice Cream"},{"floor":8,"key":"Omamori"},{"floor":9,"key":"Pear"}],"event_choices":[{"damage_healed":0,"gold_gain":0,"player_choice":"Take Damage","damage_taken":18,"relics_obtained":["Golden Idol"],"max_hp_gain":0,"max_hp_loss":0,"event_name":"Golden Idol","floor":3,"gold_loss":0},{"damage_healed":0,"gold_gain":0,"player_choice":"Leave","damage_taken":0,"max_hp_gain":0,"max_hp_loss":0,"event_name":"The Cleric","floor":4,"gold_loss":0},{"damage_healed":0,"gold_gain":0,"player_choice":"0 cards matched","damage_taken":0,"max_hp_gain":0,"max_hp_loss":0,"event_name":"Match and Keep!","floor":5,"gold_loss":0,"cards_obtained":[]}],"is_beta":false,"boss_relics":[],"items_purged_floors":[13],"is_endless":false,"potions_floor_spawned":[1,2,6],"killed_by":"Slime Boss","ascension_level":0}