{"gold_per_floor":[113,131,56,75,126,126,76,107,131,151,165,179,196,211,211,211],"floor_reached":16,"playtime":1061,"items_purged":["Strike_G"],"score":154,"play_id":"ff3469b2-ef9e-4bbe-ae47-b195bee0da83","local_time":"20190428153309","is_ascension_mode":true,"campfire_choices":[{"data":"Neutralize","floor":6,"key":"SMITH"},{"floor":15,"key":"REST"}],"neow_cost":"NONE","seed_source_timestamp":670373975075550,"circlet_count":0,"master_deck":["Defend_G","Defend_G","Defend_G","Defend_G","Strike_G","Strike_G","Survivor","Neutralize+1","Dagger Throw","Dagger Throw","Backflip","Cloak And Dagger","Leg Sweep","Dagger Spray","Flying Knee","Crippling Poison","Dagger Throw","Backstab"],"relics":["Empty Cage","Regal Pillow","Dream Catcher"],"potions_floor_usage":[11,14],"damage_taken":[{"damage":1,"enemies":"Cultist","floor":1,"turns":5},{"damage":6,"enemies":"Jaw Worm","floor":2,"turns":5},{"damage":0,"enemies":"Small Slimes","floor":4,"turns":2},{"damage":51,"enemies":"Lagavulin","floor":8,"turns":12},{"damage":0,"enemies":"Blue Slaver","floor":10,"turns":5},{"damage":1,"enemies":"Exordium Wildlife","floor":11,"turns":6},{"damage":0,"enemies":"Looter","floor":12,"turns":4},{"damage":0,"enemies":"Red Slaver","floor":13,"turns":6},{"damage":0,"enemies":"3 Louse","floor":14,"turns":2},{"damage":25,"enemies":"Hexaghost","floor":16,"turns":12}],"seed_played":"870386718623945333","potions_obtained":[{"floor":1,"key":"Energy Potion"},{"floor":2,"key":"SkillPotion"},{"floor":11,"key":"Swift Potion"},{"floor":12,"key":"Strength Potion"},{"floor":13,"key":"Explosive Potion"}],"is_trial":false,"path_per_floor":["M","M","$","M","T","R","?","E","T","M","M","M","M","M","R","B"],"character_chosen":"THE_SILENT","items_purchased":[],"campfire_rested":1,"item_purchase_floors":[],"current_hp_per_floor":[62,56,56,56,56,56,56,5,5,5,4,4,4,4,40,15],"gold":211,"neow_bonus":"BOSS_RELIC","is_prod":false,"is_daily":false,"chose_seed":false,"campfire_upgraded":1,"win_rate":0,"timestamp":1556479989,"path_taken":["M","M","?","M","?","R","?","E","T","?","M","M","M","M","R","BOSS"],"build_version":"2019-01-23","purchased_purges":1,"victory":false,"max_hp_per_floor":[70,70,70,70,70,70,70,70,70,70,70,70,70,70,70,70],"card_choices":[{"not_picked":["Outmaneuver","Caltrops"],"picked":"Dagger Throw","floor":1},{"not_picked":["Poisoned Stab","Flechettes"],"picked":"Dagger Throw","floor":2},{"not_picked":["Finisher","Distraction"],"picked":"Backflip","floor":4},{"not_picked":["Outmaneuver","Deflect"],"picked":"Cloak And Dagger","floor":8},{"not_picked":["Well Laid Plans","Deflect"],"picked":"Leg Sweep","floor":10},{"not_picked":["PiercingWail","Caltrops"],"picked":"Dagger Spray","floor":11},{"not_picked":["Acrobatics","Bullet Time"],"picked":"Flying Knee","floor":12},{"not_picked":["Deflect","Dagger Throw"],"picked":"Crippling Poison","floor":13},{"not_picked":["Deadly Poison","Deflect"],"picked":"Dagger Throw","floor":14},{"not_picked":["Blade Dance","Flying Knee"],"picked":"Backstab","floor":15}],"player_experience":222829,"relics_obtained":[{"floor":8,"key":"Regal Pillow"},{"floor":9,"key":"Dream Catcher"}],"event_choices":[{"cards_removed":["Strike_G"],"damage_healed":0,"gold_gain":0,"player_choice":"Card Removal","damage_taken":0,"max_hp_gain":0,"max_hp_loss":0,"event_name":"The Cleric","floor":7,"gold_loss":50}],"is_beta":false,"boss_relics":[],"items_purged_floors":[3],"is_endless":false,"potions_floor_spawned":[1,2,11,12,13],"killed_by":"Hexaghost","ascension_level":9}