{"gold_per_floor":[112,130,150,150,160,192,211,221,294,312,331,331,342,360,360,462,462],"floor_reached":17,"playtime":898,"items_purged":[],"score":165,"play_id":"82fb2c31-3bf9-43a2-9edb-229ce7751e46","local_time":"20190418024833","is_ascension_mode":false,"campfire_choices":[{"floor":12.0,"key":"REST"},{"data":"Zap","floor":15.0,"key":"SMITH"}],"neow_cost":"NONE","seed_source_timestamp":0,"circlet_count":0,"master_deck":["Strike_B","Strike_B","Strike_B","Defend_B","Defend_B","Defend_B","Defend_B","Zap+1","Dualcast","Cold Snap","Rebound","Compile Driver","Coolheaded+1","Auto Shields+1","Cold Snap","Cold Snap","Capacitor","Go for the Eyes","All For One","Seek+1"],"special_seed":0,"relics":["Cracked Core","Toxic Egg 2","Question Card","Runic Dome"],"potions_floor_usage":[],"damage_taken":[{"damage":0.0,"enemies":"Cultist","floor":1.0,"turns":3.0},{"damage":6.0,"enemies":"Jaw Worm","floor":2.0,"turns":3.0},{"damage":2.0,"enemies":"2 Louse","floor":3.0,"turns":2.0},{"damage":20.0,"enemies":"Exordium Thugs","floor":5.0,"turns":4.0},{"damage":27.0,"enemies":"Lagavulin","floor":6.0,"turns":7.0},{"damage":3.0,"enemies":"Exordium Wildlife","floor":7.0,"turns":3.0},{"damage":6.0,"enemies":"Red Slaver","floor":8.0,"turns":3.0},{"damage":0.0,"enemies":"2 Fungi Beasts","floor":10.0,"turns":3.0},{"damage":13.0,"enemies":"Exordium Thugs","floor":11.0,"turns":5.0},{"damage":6.0,"enemies":"Exordium Wildlife","floor":13.0,"turns":4.0},{"damage":0.0,"enemies":"Large Slime","floor":14.0,"turns":4.0},{"damage":22.0,"enemies":"The Guardian","floor":16.0,"turns":12.0}],"seed_played":"6111019230065775971","potions_obtained":[{"floor":2.0,"key":"FearPotion"},{"floor":7.0,"key":"LiquidBronze"},{"floor":10.0,"key":"Poison Potion"},{"floor":14.0,"key":"Swift Potion"}],"is_trial":false,"path_per_floor":["M","M","M","?","M","E","M","M","T","M","M","R","M","M","R","B",null],"character_chosen":"DEFECT","items_purchased":[],"campfire_rested":1,"item_purchase_floors":[],"current_hp_per_floor":[82,76,74,74,54,27,24,18,18,18,5,29,23,23,23,1,82],"gold":462,"neow_bonus":"TEN_PERCENT_HP_BONUS","is_prod":false,"is_daily":false,"chose_seed":false,"campfire_upgraded":1,"win_rate":0,"timestamp":1555548513,"path_taken":["M","?","M","?","M","E","M","M","T","M","?","R","M","M","R","BOSS"],"build_version":"2019-01-23","purchased_purges":0,"victory":false,"max_hp_per_floor":[82,82,82,82,82,82,82,82,82,82,82,82,82,82,82,82,82],"card_choices":[{"not_picked":["Stack","Go for the Eyes"],"picked":"Cold Snap","floor":1.0},{"not_picked":["Stack","Recycle"],"picked":"Rebound","floor":2.0},{"not_picked":["Heatsinks","Reprogram"],"picked":"Compile Driver","floor":3.0},{"not_picked":["Streamline","Darkness","Compile Driver"],"picked":"SKIP","floor":5.0},{"not_picked":["Creative AI","Ball Lightning"],"picked":"Coolheaded","floor":6.0},{"not_picked":["Streamline","Cold Snap"],"picked":"Auto Shields+1","floor":7.0},{"not_picked":["Tempest+1","Chaos+1"],"picked":"Cold Snap","floor":8.0},{"not_picked":["Tempest+1","Rip and Tear","Sweeping Beam"],"picked":"Cold Snap","floor":10.0},{"not_picked":["Cold Snap","Rebound","Barrage"],"picked":"Capacitor","floor":11.0},{"not_picked":["Ball Lightning","Turbo+1","Genetic Algorithm+1"],"picked":"Go for the Eyes","floor":13.0},{"not_picked":["Stack+1","Streamline","Turbo+1"],"picked":"All For One","floor":14.0},{"not_picked":["Rainbow+1","Fission+1","Buffer"],"picked":"Seek+1","floor":16.0}],"player_experience":665768,"relics_obtained":[{"floor":6.0,"key":"Toxic Egg 2"},{"floor":9.0,"key":"Question Card"}],"event_choices":[{"cards_removed":["Strike_B"],"damage_healed":0.0,"max_hp_gain":0.0,"max_hp_loss":0.0,"gold_gain":0.0,"event_name":"Purifier","player_choice":"Purged","floor":4.0,"gold_loss":0.0,"damage_taken":0.0}],"is_beta":false,"boss_relics":[{"not_picked":["FrozenCore","Tiny House"],"picked":"Runic Dome"}],"items_purged_floors":[],"is_endless":false,"potions_floor_spawned":[2,7,10,13,14],"ascension_level":0}