{"gold_per_floor":[364,377,327,341,341,341,64,64,113,132,150,183,33,100,100,203,203,217,236,236,236,32,32,32],"floor_reached":24,"playtime":902,"items_purged":["Strike_B","Strike_B","Writhe"],"score":194,"play_id":"129a322a-967f-45ae-bcf3-e33c606467a3","local_time":"20190418170810","is_ascension_mode":false,"campfire_choices":[{"data":"Zap","floor":6,"key":"SMITH"},{"data":"Reboot","floor":8,"key":"SMITH"},{"data":"Hologram","floor":15,"key":"SMITH"},{"data":"Electrodynamics","floor":23,"key":"SMITH"}],"neow_cost":"CURSE","seed_source_timestamp":27805364922390,"circlet_count":0,"master_deck":["Strike_B","Strike_B","Defend_B+1","Defend_B+1","Defend_B","Defend_B","Zap+1","Dualcast+1","Double Energy","Auto Shields","Self Repair","Reboot+1","Tempest","Hologram+1","Coolheaded+1","Streamline","Electrodynamics+1","Ball Lightning","Hologram","Blizzard","Redo"],"relics":["FrozenCore","Pen Nib","War Paint"],"potions_floor_usage":[],"damage_taken":[{"damage":7,"enemies":"2 Louse","floor":1,"turns":2},{"damage":11,"enemies":"Small Slimes","floor":2,"turns":3},{"damage":6,"enemies":"Jaw Worm","floor":4,"turns":4},{"damage":0,"enemies":"2 Fungi Beasts","floor":10,"turns":3},{"damage":0,"enemies":"Looter","floor":11,"turns":2},{"damage":22,"enemies":"3 Sentries","floor":12,"turns":8},{"damage":13,"enemies":"Hexaghost","floor":16,"turns":10},{"damage":15,"enemies":"Shell Parasite","floor":18,"turns":6},{"damage":21,"enemies":"Spheric Guardian","floor":19,"turns":4},{"damage":60,"enemies":"Slavers","floor":24,"turns":4}],"seed_played":"-6090838996339078977","potions_obtained":[{"floor":10,"key":"SteroidPotion"},{"floor":12,"key":"Poison Potion"}],"is_trial":false,"path_per_floor":["M","M","?","M","?","R","$","R","T","M","M","E","$","?","R","B",null,"M","M","?","?","$","R","E"],"character_chosen":"DEFECT","items_purchased":["Self Repair","Reboot","Streamline","Blizzard","Redo"],"campfire_rested":0,"item_purchase_floors":[7,7,13,22,22],"current_hp_per_floor":[68,57,57,51,36,36,36,36,36,43,50,35,35,35,35,29,75,67,53,53,53,53,53,0],"gold":32,"neow_bonus":"TWO_FIFTY_GOLD","is_prod":false,"is_daily":false,"chose_seed":false,"campfire_upgraded":4,"win_rate":0,"timestamp":1555578490,"path_taken":["M","M","?","M","?","R","$","R","T","M","M","E","?","?","R","BOSS","M","M","?","?","$","R","E"],"build_version":"2019-01-23","purchased_purges":3,"victory":false,"max_hp_per_floor":[75,75,75,75,75,75,75,75,75,75,75,75,75,75,75,75,75,75,75,75,75,75,75,75],"card_choices":[{"not_picked":["Turbo","Conserve Battery","Redo"],"picked":"SKIP","floor":1},{"not_picked":["Doom and Gloom","Loop"],"picked":"Double Energy","floor":2},{"not_picked":["Barrage","Go for the Eyes"],"picked":"Auto Shields","floor":4},{"not_picked":["Blizzard","Reprogram"],"picked":"Tempest","floor":10},{"not_picked":["Tempest","Compile Driver"],"picked":"Hologram","floor":11},{"not_picked":["Skim","Rip and Tear"],"picked":"Coolheaded","floor":12},{"not_picked":["Fission","Machine Learning"],"picked":"Electrodynamics","floor":16},{"not_picked":["Rebound","Sweeping Beam+1"],"picked":"Ball Lightning","floor":18},{"not_picked":["Reprogram","Redo"],"picked":"Hologram","floor":19}],"player_experience":442700,"relics_obtained":[{"floor":12,"key":"Pen Nib"}],"event_choices":[{"cards_removed":["Doubt"],"damage_healed":0,"gold_gain":0,"player_choice":"Card Removal","damage_taken":0,"max_hp_gain":0,"max_hp_loss":0,"event_name":"The Cleric","floor":3,"gold_loss":50},{"damage_healed":0,"gold_gain":0,"player_choice":"Entered Light","damage_taken":15,"max_hp_gain":0,"max_hp_loss":0,"event_name":"Shining Light","floor":5,"gold_loss":0,"cards_upgraded":["Defend_B","Dualcast"]},{"damage_healed":0,"gold_gain":67,"player_choice":"Gained Gold","damage_taken":0,"max_hp_gain":0,"max_hp_loss":0,"event_name":"Golden Wing","floor":14,"gold_loss":0},{"damage_healed":0,"gold_gain":0,"player_choice":"Opened","damage_taken":0,"relics_obtained":["War Paint"],"max_hp_gain":0,"max_hp_loss":0,"event_name":"The Mausoleum","floor":20,"gold_loss":0,"cards_obtained":["Writhe"]},{"damage_healed":0,"gold_gain":0,"player_choice":"Ignored","damage_taken":0,"max_hp_gain":0,"max_hp_loss":0,"event_name":"Vampires","floor":21,"gold_loss":0}],"is_beta":false,"boss_relics":[{"not_picked":["Snecko Eye","Runic Dome"],"picked":"FrozenCore"}],"items_purged_floors":[7,13,22],"is_endless":false,"potions_floor_spawned":[10,12],"killed_by":"Slavers","ascension_level":0}