{"gold_per_floor":[114,39,214,164,239,239,54,88,133,148,148,148,148,166,166,166],"floor_reached":16,"playtime":452,"items_purged":["Strike_B","Strike_B"],"score":96,"play_id":"78ae4d47-49b7-429b-a154-d47b9690783d","local_time":"20190418122846","is_ascension_mode":false,"campfire_choices":[{"data":"Zap","floor":6,"key":"SMITH"},{"data":"Double Energy","floor":11,"key":"SMITH"},{"data":"Fusion","floor":13,"key":"SMITH"},{"data":"Hologram","floor":15,"key":"SMITH"}],"neow_cost":"TEN_PERCENT_HP_LOSS","seed_source_timestamp":11491923638830,"circlet_count":0,"master_deck":["Strike_B","Strike_B","Defend_B","Defend_B","Defend_B","Defend_B","Zap+1","Dualcast","Ball Lightning","Gash","Gash","Fusion+1","Genetic Algorithm+1","Double Energy+1","Core Surge","Hologram+1"],"relics":["Cracked Core","Prayer Wheel","The Courier","Ancient Tea Set"],"potions_floor_usage":[],"damage_taken":[{"damage":1,"enemies":"Jaw Worm","floor":1,"turns":3},{"damage":23,"enemies":"Gremlin Nob","floor":8,"turns":4},{"damage":0,"enemies":"Small Slimes","floor":10,"turns":2},{"damage":0,"enemies":"Cultist","floor":14,"turns":3},{"damage":33,"enemies":"Slime Boss","floor":16,"turns":7}],"seed_played":"2256715265548064005","potions_obtained":[{"floor":1,"key":"SneckoOil"},{"floor":8,"key":"GamblersBrew"}],"is_trial":false,"path_per_floor":["M","$","?","?","?","R","$","E","T","M","R","?","R","M","R","B"],"character_chosen":"DEFECT","items_purchased":["Gash","Fusion"],"campfire_rested":0,"item_purchase_floors":[7,7],"current_hp_per_floor":[67,67,67,67,56,56,56,33,33,33,33,33,33,33,33,0],"gold":166,"neow_bonus":"ONE_RARE_RELIC","is_prod":false,"is_daily":false,"chose_seed":false,"campfire_upgraded":4,"win_rate":0,"timestamp":1555561726,"path_taken":["M","$","?","?","?","R","?","E","T","?","R","?","R","M","R","BOSS"],"build_version":"2019-01-23","purchased_purges":2,"victory":false,"max_hp_per_floor":[68,68,68,68,68,68,68,68,68,68,68,68,68,68,68,68],"card_choices":[{"not_picked":["Auto Shields","Stack"],"picked":"Ball Lightning","floor":1},{"not_picked":["Go for the Eyes","Steam"],"picked":"Gash","floor":1},{"not_picked":["Consume","Recycle","Cold Snap"],"picked":"SKIP","floor":8},{"not_picked":["White Noise","Conserve Battery"],"picked":"Genetic Algorithm","floor":10},{"not_picked":["Heatsinks","Beam Cell"],"picked":"Double Energy","floor":10},{"not_picked":["Compile Driver","Rebound"],"picked":"Core Surge","floor":14},{"not_picked":["Coolheaded","Stack"],"picked":"Hologram","floor":14}],"player_experience":437423,"relics_obtained":[{"floor":8,"key":"The Courier"},{"floor":9,"key":"Ancient Tea Set"}],"event_choices":[{"damage_healed":0,"gold_gain":175,"player_choice":"AGREE","damage_taken":0,"max_hp_gain":0,"max_hp_loss":0,"event_name":"Liars Game","floor":3,"gold_loss":0,"cards_obtained":["Doubt"]},{"cards_removed":["Doubt"],"damage_healed":0,"gold_gain":0,"player_choice":"Card Removal","damage_taken":0,"max_hp_gain":0,"max_hp_loss":0,"event_name":"The Cleric","floor":4,"gold_loss":50},{"damage_healed":0,"gold_gain":75,"player_choice":"Gather Gold","damage_taken":11,"max_hp_gain":0,"max_hp_loss":0,"event_name":"World of Goop","floor":5,"gold_loss":0},{"damage_healed":0,"gold_gain":0,"player_choice":"Grow","damage_taken":0,"max_hp_gain":0,"max_hp_loss":0,"event_name":"Living Wall","floor":12,"gold_loss":0,"cards_upgraded":["Genetic Algorithm"]}],"is_beta":false,"boss_relics":[],"items_purged_floors":[2,7],"is_endless":false,"potions_floor_spawned":[1,8],"killed_by":"Slime Boss","ascension_level":0}