{"gold_per_floor":[112,127,127,402,88,88,122,141,141,161,172,207,225,237,237,314,314,273,286,286],"floor_reached":20,"playtime":988,"items_purged":["Regret"],"score":426,"play_id":"0495f9c1-ad96-4806-a286-4fd22a0ca4f1","local_time":"20190507134545","is_ascension_mode":true,"campfire_choices":[{"data":"Bash","floor":6,"key":"SMITH"},{"data":"Flame Barrier","floor":15,"key":"SMITH"}],"neow_cost":"NONE","seed_source_timestamp":99404588681400,"circlet_count":0,"master_deck":["AscendersBane","Strike_R","Strike_R","Strike_R","Strike_R","Strike_R","Defend_R","Defend_R","Defend_R","Defend_R","Bash+1","Sword Boomerang","Anger","Flame Barrier+1","Disarm","Shrug It Off","Disarm","Pummel","Battle Trance","Fiend Fire","Clothesline","Ghostly Armor+1"],"relics":["Burning Blood","NeowsBlessing","Membership Card","Question Card","Oddly Smooth Stone","Bronze Scales","Black Star"],"potions_floor_usage":[11,11,16,19,20],"damage_taken":[{"damage":0,"enemies":"Small Slimes","floor":1,"turns":1},{"damage":0,"enemies":"Cultist","floor":2,"turns":1},{"damage":0,"enemies":"3 Sentries","floor":7,"turns":1},{"damage":8,"enemies":"2 Louse","floor":8,"turns":3},{"damage":0,"enemies":"2 Fungi Beasts","floor":10,"turns":4},{"damage":6,"enemies":"Exordium Wildlife","floor":11,"turns":2},{"damage":41,"enemies":"Lagavulin","floor":12,"turns":8},{"damage":1,"enemies":"Red Slaver","floor":13,"turns":4},{"damage":31,"enemies":"Gremlin Gang","floor":14,"turns":6},{"damage":23,"enemies":"The Guardian","floor":16,"turns":15},{"damage":20,"enemies":"2 Thieves","floor":18,"turns":5},{"damage":37,"enemies":"Spheric Guardian","floor":19,"turns":6},{"damage":43,"enemies":"3 Cultists","floor":20,"turns":4}],"seed_played":"7810887667446699214","potions_obtained":[{"floor":1,"key":"FairyPotion"},{"floor":8,"key":"Explosive Potion"},{"floor":11,"key":"LiquidBronze"},{"floor":14,"key":"Regen Potion"},{"floor":18,"key":"Regen Potion"}],"is_trial":false,"path_per_floor":["M","M","?","?","$","R","E","M","T","M","M","E","M","M","R","B",null,"M","M","M"],"character_chosen":"IRONCLAD","items_purchased":["Membership Card","Anger","Explosive Potion"],"campfire_rested":0,"item_purchase_floors":[5,5,5],"current_hp_per_floor":[74,75,80,80,80,80,80,78,78,80,80,45,50,25,25,23,66,52,36,0],"gold":286,"neow_bonus":"THREE_ENEMY_KILL","is_prod":false,"is_daily":false,"chose_seed":false,"campfire_upgraded":2,"win_rate":0,"timestamp":1557204345,"path_taken":["M","M","?","?","$","R","E","M","T","M","M","E","?","M","R","BOSS","M","M","M"],"build_version":"2019-01-23","purchased_purges":1,"victory":false,"max_hp_per_floor":[75,75,80,80,80,80,80,80,80,80,80,80,80,80,80,80,80,80,80,80],"card_choices":[{"not_picked":["Hemokinesis","Heavy Blade","Entrench"],"picked":"SKIP","floor":1},{"not_picked":["Heavy Blade","Armaments"],"picked":"Sword Boomerang","floor":2},{"not_picked":["Havoc","Pommel Strike"],"picked":"Flame Barrier","floor":7},{"not_picked":["Flex","Metallicize","Intimidate"],"picked":"Disarm","floor":8},{"not_picked":["Dropkick","Bloodletting","Flex","Iron Wave"],"picked":"SKIP","floor":10},{"not_picked":["Armaments","Iron Wave","Body Slam"],"picked":"Shrug It Off","floor":11},{"not_picked":["Brutality","Havoc","Pommel Strike"],"picked":"Disarm","floor":12},{"not_picked":["Ghostly Armor","Second Wind","Clash"],"picked":"Pummel","floor":13},{"not_picked":["Metallicize","True Grit","Sword Boomerang"],"picked":"Battle Trance","floor":14},{"not_picked":["Juggernaut","Limit Break","Impervious"],"picked":"Fiend Fire","floor":16},{"not_picked":["Sever Soul","Pummel","Entrench"],"picked":"Clothesline","floor":18},{"not_picked":["Wild Strike","Twin Strike","Clothesline"],"picked":"Ghostly Armor+1","floor":19}],"player_experience":1261332,"relics_obtained":[{"floor":7,"key":"Question Card"},{"floor":9,"key":"Oddly Smooth Stone"},{"floor":12,"key":"Bronze Scales"}],"event_choices":[{"damage_healed":0,"gold_gain":0,"player_choice":"Donut","damage_taken":0,"max_hp_gain":5,"max_hp_loss":0,"event_name":"Big Fish","floor":3,"gold_loss":0},{"damage_healed":0,"gold_gain":275,"player_choice":"Desecrate","damage_taken":0,"max_hp_gain":0,"max_hp_loss":0,"event_name":"Golden Shrine","floor":4,"gold_loss":0,"cards_obtained":["Regret"]}],"is_beta":false,"boss_relics":[{"not_picked":["Runic Cube","Mark of Pain"],"picked":"Black Star"}],"items_purged_floors":[5],"is_endless":false,"potions_floor_spawned":[1,8,11,14,18],"killed_by":"3 Cultists","ascension_level":20}