{"gold_per_floor":[209,222,241,251,263,263,289,289,289,289,300,313,332,345,345,443,443,459,445,318,328,341,367,367,378,402,327,327,345,345,360,360,360],"floor_reached":33,"playtime":1662,"items_purged":["Strike_R"],"score":468,"play_id":"8c95d7f3-2065-4295-ba8f-dc5791dc7fcf","local_time":"20190512224746","is_ascension_mode":true,"campfire_choices":[{"data":"Searing Blow","floor":6.0,"key":"SMITH"},{"data":"Searing Blow+1","floor":8.0,"key":"SMITH"},{"data":"Searing Blow+2","floor":10.0,"key":"SMITH"},{"data":"Searing Blow+3","floor":15,"key":"SMITH"},{"floor":24,"key":"REST"},{"floor":28,"key":"REST"},{"floor":32,"key":"REST"}],"neow_cost":"NONE","seed_source_timestamp":0,"circlet_count":0,"master_deck":["AscendersBane","Strike_R","Strike_R","Strike_R+1","Defend_R","Defend_R","Defend_R","Defend_R","Bash","Iron Wave","Shrug It Off","Searing Blow+4","Dual Wield","Armaments","Reaper","Clothesline","Flame Barrier","Feed+1","Metallicize","Armaments","Headbutt","Headbutt","Thunderclap+1","Warcry+1"],"special_seed":0,"relics":["Burning Blood","Mango","Self Forming Clay","Sozu","Whetstone","Boot"],"potions_floor_usage":[14,23,23],"damage_taken":[{"damage":1.0,"enemies":"Cultist","floor":1.0,"turns":4.0},{"damage":0.0,"enemies":"Small Slimes","floor":2.0,"turns":3.0},{"damage":0.0,"enemies":"2 Louse","floor":3.0,"turns":4.0},{"damage":6.0,"enemies":"Exordium Wildlife","floor":4.0,"turns":4.0},{"damage":16.0,"enemies":"2 Fungi Beasts","floor":5.0,"turns":4.0},{"damage":40.0,"enemies":"Gremlin Nob","floor":7.0,"turns":5.0},{"damage":14.0,"enemies":"Exordium Thugs","floor":11.0,"turns":8.0},{"damage":9,"enemies":"Gremlin Gang","floor":12,"turns":7},{"damage":7,"enemies":"Large Slime","floor":13,"turns":8},{"damage":3,"enemies":"Looter","floor":14,"turns":2},{"damage":37,"enemies":"The Guardian","floor":16,"turns":14},{"damage":3,"enemies":"Chosen","floor":18,"turns":6},{"damage":19,"enemies":"2 Thieves","floor":19,"turns":4},{"damage":15,"enemies":"Snecko","floor":21,"turns":4},{"damage":49,"enemies":"3 Cultists","floor":22,"turns":8},{"damage":46,"enemies":"Book of Stabbing","floor":23,"turns":7},{"damage":19,"enemies":"Shelled Parasite and Fungi","floor":25,"turns":8},{"damage":29,"enemies":"Snecko","floor":29,"turns":6},{"damage":32,"enemies":"Colosseum Slavers","floor":30,"turns":5},{"damage":9,"enemies":"Snake Plant","floor":31,"turns":3},{"damage":100,"enemies":"Collector","floor":33,"turns":7}],"seed_played":"-9138782696111611676","potions_obtained":[{"floor":2.0,"key":"BloodPotion"},{"floor":5.0,"key":"SpeedPotion"},{"floor":11,"key":"Energy Potion"},{"floor":12,"key":"EssenceOfSteel"},{"floor":16,"key":"Weak Potion"}],"is_trial":false,"path_per_floor":["M","M","M","M","M","R","E","R","T","R","M","M","M","M","R","B",null,"M","M","$","M","M","E","R","M","T","?","R","M","?","M","R","B"],"character_chosen":"IRONCLAD","items_purchased":["Armaments"],"campfire_rested":3,"item_purchase_floors":[20],"current_hp_per_floor":[77,80,80,80,70,70,58,58,58,58,50,47,51,54,54,23,76,86,81,81,77,49,9,39,30,30,30,60,43,33,30,61,0],"gold":360,"neow_bonus":"HUNDRED_GOLD","is_prod":false,"is_daily":false,"chose_seed":false,"campfire_upgraded":4,"win_rate":0,"timestamp":1557672466,"path_taken":["M","M","M","M","M","R","E","R","T","R","M","M","?","M","R","BOSS","M","M","$","M","M","E","R","M","T","?","R","M","?","M","R","BOSS"],"build_version":"2019-01-23","purchased_purges":1,"victory":false,"max_hp_per_floor":[80,80,80,80,80,80,94,94,94,94,94,94,94,94,94,94,94,97,97,97,97,100,100,100,100,100,100,100,100,104,104,104,104],"card_choices":[{"not_picked":["Sword Boomerang","Twin Strike"],"picked":"Iron Wave","floor":1.0},{"not_picked":["Flex","Wild Strike"],"picked":"Shrug It Off","floor":2.0},{"not_picked":["Sword Boomerang","Perfected Strike"],"picked":"Searing Blow","floor":3.0},{"not_picked":["Rupture","Warcry"],"picked":"Dual Wield","floor":4.0},{"not_picked":["Clothesline","Bloodletting"],"picked":"Armaments","floor":5.0},{"not_picked":["Havoc","Thunderclap","Burning Pact"],"picked":"SKIP","floor":7.0},{"not_picked":["Body Slam","Rage","Seeing Red"],"picked":"SKIP","floor":11},{"not_picked":["True Grit","Dual Wield"],"picked":"Reaper","floor":12},{"not_picked":["Seeing Red","Carnage"],"picked":"Clothesline","floor":13},{"not_picked":["Anger","Thunderclap"],"picked":"Flame Barrier","floor":14},{"not_picked":["Fiend Fire","Bludgeon"],"picked":"Feed","floor":16},{"not_picked":["Body Slam","Pommel Strike"],"picked":"Metallicize","floor":18},{"not_picked":["Pommel Strike","Rampage","Dropkick"],"picked":"SKIP","floor":19},{"not_picked":["Immolate","Fire Breathing","Flex+1"],"picked":"SKIP","floor":21},{"not_picked":["Heavy Blade","Body Slam"],"picked":"Headbutt","floor":22},{"not_picked":["Pummel","Wild Strike+1"],"picked":"Headbutt","floor":23},{"not_picked":["Body Slam+1","Headbutt+1"],"picked":"Thunderclap+1","floor":25},{"not_picked":["True Grit","Fire Breathing"],"picked":"Warcry+1","floor":29},{"not_picked":["Pommel Strike","Cleave","Havoc"],"picked":"SKIP","floor":31}],"player_experience":740188,"relics_obtained":[{"floor":7.0,"key":"Mango"},{"floor":9.0,"key":"Self Forming Clay"},{"floor":23,"key":"Whetstone"},{"floor":26,"key":"Boot"}],"event_choices":[{"cards_removed":["Strike_R"],"damage_healed":0,"gold_gain":0,"player_choice":"Gave Gold","damage_taken":0,"max_hp_gain":0,"max_hp_loss":0,"event_name":"Beggar","floor":27,"gold_loss":75},{"damage_healed":0,"gold_gain":0,"player_choice":"Fight","damage_taken":0,"max_hp_gain":0,"max_hp_loss":0,"event_name":"Colosseum","floor":30,"gold_loss":0},{"damage_healed":0,"gold_gain":0,"player_choice":"Fled From Nobs","damage_taken":0,"max_hp_gain":0,"max_hp_loss":0,"event_name":"Colosseum","floor":30,"gold_loss":0}],"is_beta":false,"boss_relics":[{"not_picked":["White Beast Statue","Pandora\u0027s Box"],"picked":"Sozu"}],"items_purged_floors":[20],"is_endless":false,"potions_floor_spawned":[2,5,11,12,16,22,23,29,30],"killed_by":"Collector","ascension_level":12}