{"gold_per_floor":[115,131,131,206,225,225,150,150],"floor_reached":8,"playtime":321,"items_purged":["Shame"],"score":85,"play_id":"fa4c6f5e-926a-4f89-b5bc-e66311c5a0c7","local_time":"20190511185425","is_ascension_mode":true,"campfire_choices":[{"floor":6.0,"key":"REST"}],"neow_cost":"NONE","seed_source_timestamp":12680401108982,"circlet_count":0,"master_deck":["AscendersBane","Defend_G","Defend_G+1","Defend_G+1","Defend_G","Defend_G","Strike_G","Strike_G","Strike_G","Strike_G","Strike_G","Survivor","Neutralize","Writhe","Shame","Flying Knee","Flying Knee","Cloak And Dagger"],"special_seed":0,"relics":["Calling Bell","War Paint","Letter Opener","Calipers","Golden Idol"],"potions_floor_usage":[8],"damage_taken":[{"damage":16.0,"enemies":"Jaw Worm","floor":1.0,"turns":8.0},{"damage":2.0,"enemies":"2 Louse","floor":2.0,"turns":4.0},{"damage":4.0,"enemies":"Small Slimes","floor":5.0,"turns":3.0},{"damage":28,"enemies":"Lagavulin","floor":8,"turns":6}],"seed_played":"-347783979151472286","potions_obtained":[{"floor":1.0,"key":"Weak Potion"},{"floor":2.0,"key":"Poison Potion"}],"is_trial":false,"path_per_floor":["M","M","?","?","M","R","$","E"],"character_chosen":"THE_SILENT","items_purchased":[],"campfire_rested":1,"item_purchase_floors":[],"current_hp_per_floor":[43,41,18,7,3,22,22,0],"gold":150,"neow_bonus":"BOSS_RELIC","is_prod":false,"is_daily":false,"chose_seed":false,"campfire_upgraded":0,"win_rate":0,"timestamp":1557626065,"path_taken":["M","M","?","?","?","R","$","E"],"build_version":"2019-01-23","purchased_purges":1,"victory":false,"max_hp_per_floor":[66,66,66,66,66,66,66,66],"card_choices":[{"not_picked":["Slice","Prepared"],"picked":"Flying Knee","floor":1.0},{"not_picked":["PiercingWail","Outmaneuver"],"picked":"Flying Knee","floor":2.0},{"not_picked":["PiercingWail","Accuracy"],"picked":"Cloak And Dagger","floor":5.0}],"player_experience":680689,"relics_obtained":[{"floor":0.0,"key":"War Paint"},{"floor":0.0,"key":"Letter Opener"},{"floor":0.0,"key":"Calipers"}],"event_choices":[{"damage_healed":0.0,"max_hp_gain":0.0,"max_hp_loss":0.0,"gold_gain":0.0,"event_name":"Golden Idol","player_choice":"Take Damage","floor":3.0,"gold_loss":0.0,"damage_taken":23.0,"relics_obtained":["Golden Idol"]},{"damage_healed":0.0,"max_hp_gain":0.0,"max_hp_loss":0.0,"gold_gain":75.0,"event_name":"World of Goop","player_choice":"Gather Gold","floor":4.0,"gold_loss":0.0,"damage_taken":11.0}],"is_beta":false,"boss_relics":[],"items_purged_floors":[7],"is_endless":false,"potions_floor_spawned":[1,2],"killed_by":"Lagavulin","ascension_level":17}