{"gold_per_floor":[114,114,124,124,27,27,41,41,66,92,92,108,108,108,108,234,234,259,10,10,24,45,45,45,45,93,109,109,132,132,153,153,153],"floor_reached":33,"playtime":1169,"items_purged":["Defend_B"],"score":368,"play_id":"15d28db0-8d5c-43a4-a0e5-b102bd4200b7","local_time":"20190105225845","is_ascension_mode":true,"campfire_choices":[{"data":"Zap","floor":6,"key":"SMITH"},{"floor":8,"key":"REST"},{"data":"Go for the Eyes","floor":13,"key":"SMITH"},{"data":"Barrage","floor":15,"key":"SMITH"},{"data":"Apotheosis","floor":23,"key":"SMITH"},{"data":"Conserve Battery","floor":25,"key":"SMITH"},{"data":"Glacier","floor":28,"key":"SMITH"},{"data":"White Noise","floor":30,"key":"SMITH"},{"data":"Rainbow","floor":32,"key":"SMITH"}],"neow_cost":"NONE","seed_source_timestamp":79278185665851,"circlet_count":0,"master_deck":["AscendersBane","Strike_B","Strike_B","Strike_B+1","Defend_B","Defend_B","Defend_B","Zap+1","Dualcast","Reboot","Ball Lightning+1","Leap","Conserve Battery+1","Defragment","Barrage+1","Go for the Eyes+1","Rainbow+1","BootSequence","Apotheosis+1","Conserve Battery+1","Self Repair","Glacier+1","White Noise+1"],"relics":["Cracked Core","Omamori","Question Card","Golden Idol","Cursed Key","Art of War"],"potions_floor_usage":[10,18,29,33],"damage_taken":[{"damage":1,"enemies":"2 Louse","floor":1,"turns":2},{"damage":7,"enemies":"Jaw Worm","floor":3,"turns":3},{"damage":0,"enemies":"Small Slimes","floor":7,"turns":2},{"damage":16,"enemies":"Gremlin Nob","floor":10,"turns":3},{"damage":3,"enemies":"Blue Slaver","floor":12,"turns":3},{"damage":27,"enemies":"The Guardian","floor":16,"turns":9},{"damage":0,"enemies":"3 Byrds","floor":18,"turns":6},{"damage":0,"enemies":"Chosen","floor":21,"turns":5},{"damage":7,"enemies":"Centurion and Healer","floor":22,"turns":6},{"damage":12,"enemies":"Shelled Parasite and Fungi","floor":27,"turns":6},{"damage":3,"enemies":"Sentry and Sphere","floor":29,"turns":6},{"damage":0,"enemies":"Centurion and Healer","floor":31,"turns":7},{"damage":62,"enemies":"Automaton","floor":33,"turns":10}],"seed_played":"-8784613352139829337","potions_obtained":[{"floor":3,"key":"Fire Potion"},{"floor":16,"key":"EssenceOfSteel"},{"floor":27,"key":"Fire Potion"},{"floor":31,"key":"LiquidBronze"}],"is_trial":false,"path_per_floor":["M","?","M","?","$","R","M","R","T","E","?","M","R","?","R","B",null,"M","$","?","M","M","R","$","R","T","M","R","M","R","M","R","B"],"character_chosen":"DEFECT","items_purchased":["Conserve Battery","Defragment","Apotheosis"],"campfire_rested":1,"item_purchase_floors":[5,5,19],"current_hp_per_floor":[67,60,53,38,38,38,38,60,60,44,44,41,41,41,41,14,55,55,55,55,55,48,48,48,48,48,46,46,53,53,60,60,0],"gold":153,"neow_bonus":"ONE_RANDOM_RARE_CARD","is_prod":false,"is_daily":false,"chose_seed":false,"campfire_upgraded":8,"win_rate":0,"timestamp":1546696725,"path_taken":["M","?","M","?","$","R","?","R","T","E","?","M","R","?","R","BOSS","M","$","?","M","M","R","$","R","T","M","R","M","R","M","R","BOSS"],"build_version":"2019-01-03v4","purchased_purges":1,"victory":false,"max_hp_per_floor":[75,75,75,75,75,75,75,75,75,75,75,75,75,69,69,69,69,69,69,69,69,69,69,69,69,69,69,69,69,69,69,69,69],"card_choices":[{"not_picked":["Stack","Chill"],"picked":"Ball Lightning","floor":1},{"not_picked":["Turbo","Static Discharge"],"picked":"Leap","floor":3},{"not_picked":["Gash","Leap"],"picked":"Barrage","floor":7},{"not_picked":["Rebound","Reprogram","Creative AI"],"picked":"SKIP","floor":10},{"not_picked":["Steam Power","Redo","Ball Lightning"],"picked":"Go for the Eyes","floor":12},{"not_picked":["Reboot","Core Surge","Machine Learning"],"picked":"Rainbow","floor":16},{"not_picked":["Heatsinks","Redo","Rebound"],"picked":"BootSequence","floor":18},{"not_picked":["Turbo","Redo+1","Go for the Eyes"],"picked":"Conserve Battery+1","floor":21},{"not_picked":["Genetic Algorithm","Double Energy","Turbo+1"],"picked":"Self Repair","floor":22},{"not_picked":["Rebound","Doom and Gloom","Leap"],"picked":"Glacier","floor":27},{"not_picked":["BootSequence","Ball Lightning","Recycle+1"],"picked":"White Noise","floor":29},{"not_picked":["Cold Snap","Streamline","Go for the Eyes","Force Field"],"picked":"SKIP","floor":31}],"player_experience":339387,"relics_obtained":[{"floor":9,"key":"Omamori"},{"floor":10,"key":"Question Card"},{"floor":26,"key":"Art of War"}],"event_choices":[{"cards_removed":["Strike_B"],"damage_healed":0,"gold_gain":0,"player_choice":"Card Removal","damage_taken":7,"max_hp_gain":0,"max_hp_loss":0,"event_name":"Golden Wing","floor":2,"gold_loss":0},{"damage_healed":0,"gold_gain":0,"player_choice":"Entered Light","damage_taken":15,"max_hp_gain":0,"max_hp_loss":0,"event_name":"Shining Light","floor":4,"gold_loss":0,"cards_upgraded":["Ball Lightning","Strike_B"]},{"damage_healed":0,"gold_gain":0,"player_choice":"Ignored","damage_taken":0,"max_hp_gain":0,"max_hp_loss":0,"event_name":"Liars Game","floor":11,"gold_loss":0},{"damage_healed":0,"gold_gain":0,"player_choice":"Lose Max HP","damage_taken":0,"relics_obtained":["Golden Idol"],"max_hp_gain":0,"max_hp_loss":6,"event_name":"Golden Idol","floor":14,"gold_loss":0},{"damage_healed":0,"gold_gain":0,"player_choice":"Ignored","damage_taken":0,"max_hp_gain":0,"max_hp_loss":0,"event_name":"Beggar","floor":20,"gold_loss":0}],"is_beta":false,"boss_relics":[{"not_picked":["Astrolabe","Inserter"],"picked":"Cursed Key"}],"items_purged_floors":[19],"is_endless":false,"potions_floor_spawned":[3,16,27,31],"killed_by":"Automaton","ascension_level":10}