{"gold_per_floor":[112,125,135,135,135,135,155,155,181,200,262,274,303,6,6,102,102,120,120,131,63,73,73,108,108,108,126,126,137,168,168,168,272,272,286,286,296,309,358,386,386,398,398,398,176,194,194,228,228,228],"floor_reached":51,"playtime":1752,"items_purged":["Strike_R+1"],"score":817,"play_id":"6268fea5-b1e5-4520-86aa-5c137d759a05","local_time":"20190211133549","is_ascension_mode":false,"campfire_choices":[{"data":"Searing Blow","floor":6.0,"key":"SMITH"},{"data":"Searing Blow+1","floor":8.0,"key":"SMITH"},{"data":"Searing Blow+3","floor":15.0,"key":"SMITH"},{"data":"Searing Blow+4","floor":23.0,"key":"SMITH"},{"data":"Searing Blow+5","floor":25.0,"key":"SMITH"},{"data":"Corruption","floor":28.0,"key":"SMITH"},{"data":"Shockwave","floor":32.0,"key":"SMITH"},{"floor":41.0,"key":"DIG"},{"floor":44,"key":"DIG"},{"floor":49,"key":"DIG"}],"neow_cost":"NONE","seed_source_timestamp":1654321509423225,"circlet_count":0,"master_deck":["Strike_R+1","Strike_R+1","Strike_R+1","Defend_R+1","Defend_R+1","Defend_R+1","Defend_R+1","Bash+1","Searing Blow+7","Seeing Red","Shrug It Off","Ghostly Armor","Feed+1","Double Tap","Metallicize+1","Corruption+1","Shrug It Off+1","Exhume","Shockwave+1","Immolate","Inflame","Whirlwind","Battle Trance+1","Dual Wield+1"],"special_seed":0,"relics":["Burning Blood","Centennial Puzzle","PreservedInsect","MawBank","Happy Flower","Cursed Key","Orichalcum","Red Mask","Runic Dome","Shovel","Lantern","Bag of Preparation","Pantograph","Juzu Bracelet","Potion Belt","Whetstone"],"potions_floor_usage":[50,50],"damage_taken":[{"damage":3.0,"enemies":"Small Slimes","floor":1.0,"turns":3.0},{"damage":1.0,"enemies":"2 Louse","floor":2.0,"turns":2.0},{"damage":5.0,"enemies":"Jaw Worm","floor":3.0,"turns":5.0},{"damage":2.0,"enemies":"Large Slime","floor":7.0,"turns":5.0},{"damage":5.0,"enemies":"3 Louse","floor":10.0,"turns":2.0},{"damage":6.0,"enemies":"Gremlin Nob","floor":11.0,"turns":3.0},{"damage":4.0,"enemies":"Exordium Thugs","floor":13.0,"turns":4.0},{"damage":46.0,"enemies":"The Guardian","floor":16.0,"turns":8.0},{"damage":0.0,"enemies":"Shell Parasite","floor":18.0,"turns":3.0},{"damage":2.0,"enemies":"3 Byrds","floor":20.0,"turns":5.0},{"damage":0.0,"enemies":"Cultist and Chosen","floor":22.0,"turns":5.0},{"damage":10.0,"enemies":"Book of Stabbing","floor":24.0,"turns":3.0},{"damage":3.0,"enemies":"3 Cultists","floor":27.0,"turns":6.0},{"damage":10.0,"enemies":"Sentry and Sphere","floor":29.0,"turns":4.0},{"damage":9.0,"enemies":"Masked Bandits","floor":30.0,"turns":3.0},{"damage":26.0,"enemies":"Automaton","floor":33.0,"turns":9.0},{"damage":9.0,"enemies":"Orb Walker","floor":35.0,"turns":3.0},{"damage":0.0,"enemies":"3 Shapes","floor":37.0,"turns":5.0},{"damage":16.0,"enemies":"Sphere and 2 Shapes","floor":38.0,"turns":7.0},{"damage":5.0,"enemies":"2 Orb Walkers","floor":39.0,"turns":3.0},{"damage":21.0,"enemies":"Nemesis","floor":40.0,"turns":5.0},{"damage":2.0,"enemies":"Maw","floor":42.0,"turns":7.0},{"damage":8,"enemies":"Transient","floor":46,"turns":5},{"damage":0,"enemies":"Giant Head","floor":48,"turns":5},{"damage":42,"enemies":"Awakened One","floor":50,"turns":7}],"seed_played":"4488085696074241555","potions_obtained":[{"floor":2.0,"key":"Block Potion"},{"floor":3.0,"key":"Weak Potion"},{"floor":10.0,"key":"Regen Potion"},{"floor":11.0,"key":"SteroidPotion"},{"floor":22.0,"key":"Explosive Potion"},{"floor":27.0,"key":"SteroidPotion"},{"floor":29.0,"key":"GamblersBrew"},{"floor":30.0,"key":"Poison Potion"},{"floor":33.0,"key":"Dexterity Potion"},{"floor":35.0,"key":"Energy Potion"},{"floor":48,"key":"BloodPotion"}],"is_trial":false,"path_per_floor":["M","M","M","?","?","R","M","R","T","M","?","?","M","$","R","B",null,"M","?","M","$","M","R","E","R","T","M","R","M","?","?","R","B",null,"M","?","M","M","?","E","R","M","T","R","$","M","?","E","R","B",null],"character_chosen":"IRONCLAD","items_purchased":["Feed","Happy Flower","Corruption","Juzu Bracelet"],"campfire_rested":0,"item_purchase_floors":[14,14,21,45],"current_hp_per_floor":[80,80,80,64,57,57,61,61,61,62,62,62,64,64,64,42,83,86,86,89,89,92,92,88,88,88,94,94,93,93,93,93,76,104,101,101,104,97,101,86,86,93,93,93,93,91,91,97,97,92],"gold":228,"neow_bonus":"TRANSFORM_CARD","is_prod":false,"is_daily":false,"chose_seed":false,"campfire_upgraded":7,"win_rate":0,"timestamp":1549859749,"path_taken":["M","M","M","?","?","R","M","R","T","?","?","?","M","$","R","BOSS","M","?","M","$","M","R","E","R","T","M","R","M","?","?","R","BOSS","M","?","M","?","?","E","R","M","T","R","$","M","?","E","R","BOSS"],"build_version":"2019-01-23","purchased_purges":1,"victory":true,"max_hp_per_floor":[80,80,80,80,80,80,80,80,80,80,80,80,80,80,80,83,83,86,86,89,89,92,92,92,92,92,95,95,98,101,101,101,104,104,104,104,104,107,110,110,110,113,113,113,113,113,113,113,113,117],"card_choices":[{"not_picked":["Clash","Second Wind","Bloodletting"],"picked":"SKIP","floor":1.0},{"not_picked":["Disarm","True Grit","Cleave"],"picked":"SKIP","floor":2.0},{"not_picked":["Iron Wave","Disarm","Searing Blow"],"picked":"SKIP","floor":3.0},{"not_picked":["Warcry","Rupture"],"picked":"Seeing Red","floor":7.0},{"not_picked":["Twin Strike","Flex"],"picked":"Shrug It Off","floor":10.0},{"not_picked":["Clothesline","Entrench"],"picked":"Ghostly Armor","floor":11.0},{"not_picked":["Havoc","Warcry","Twin Strike"],"picked":"SKIP","floor":13.0},{"not_picked":["Barricade","Juggernaut"],"picked":"Double Tap","floor":16.0},{"not_picked":["Ghostly Armor","Heavy Blade"],"picked":"Metallicize+1","floor":18.0},{"not_picked":["Ghostly Armor","Anger","True Grit"],"picked":"SKIP","floor":20.0},{"not_picked":["Shrug It Off","Bloodletting","Entrench"],"picked":"SKIP","floor":22.0},{"not_picked":["Wild Strike","Hemokinesis","Sever Soul"],"picked":"SKIP","floor":24.0},{"not_picked":["Heavy Blade","Body Slam","Clash"],"picked":"SKIP","floor":27.0},{"not_picked":["Perfected Strike","Havoc"],"picked":"Shrug It Off+1","floor":29.0},{"not_picked":["Shrug It Off","Clash"],"picked":"Exhume","floor":30.0},{"not_picked":["Double Tap","Brutality"],"picked":"Immolate","floor":33.0},{"not_picked":["Warcry","Entrench"],"picked":"Inflame","floor":35.0},{"not_picked":["Flex+1","Battle Trance+1"],"picked":"Whirlwind","floor":37.0},{"not_picked":["Shrug It Off+1","Clothesline"],"picked":"Battle Trance+1","floor":38.0},{"not_picked":["Pommel Strike+1","Clothesline"],"picked":"Dual Wield+1","floor":40.0},{"not_picked":["Anger","Sword Boomerang","Perfected Strike"],"picked":"SKIP","floor":42.0},{"not_picked":["Wild Strike+1","Perfected Strike","True Grit+1"],"picked":"SKIP","floor":46},{"not_picked":["Carnage","Double Tap","Flex+1"],"picked":"SKIP","floor":48}],"player_experience":518588,"relics_obtained":[{"floor":9.0,"key":"PreservedInsect"},{"floor":11.0,"key":"MawBank"},{"floor":24.0,"key":"Orichalcum"},{"floor":30.0,"key":"Red Mask"},{"floor":39.0,"key":"Shovel"},{"floor":40.0,"key":"Lantern"},{"floor":41.0,"key":"Bag of Preparation"},{"floor":44,"key":"Pantograph"},{"floor":48,"key":"Potion Belt"},{"floor":49,"key":"Whetstone"}],"event_choices":[{"damage_healed":0.0,"max_hp_gain":0.0,"max_hp_loss":0.0,"gold_gain":0.0,"event_name":"Shining Light","player_choice":"Entered Light","floor":4.0,"gold_loss":0.0,"damage_taken":16.0,"cards_upgraded":["Defend_R","Bash"]},{"damage_healed":0.0,"max_hp_gain":0.0,"max_hp_loss":0.0,"gold_gain":0.0,"event_name":"Scrap Ooze","player_choice":"Success","floor":5.0,"gold_loss":0.0,"damage_taken":7.0,"relics_obtained":["Centennial Puzzle"]},{"damage_healed":0.0,"max_hp_gain":0.0,"max_hp_loss":0.0,"gold_gain":0.0,"event_name":"Dead Adventurer","player_choice":"Searched \u00271\u0027 times","floor":11.0,"gold_loss":0.0,"damage_taken":0.0},{"damage_healed":0.0,"max_hp_gain":0.0,"max_hp_loss":0.0,"gold_gain":0.0,"event_name":"Living Wall","player_choice":"Grow","floor":12.0,"gold_loss":0.0,"damage_taken":0.0,"cards_upgraded":["Searing Blow"]},{"damage_healed":0.0,"max_hp_gain":0.0,"max_hp_loss":0.0,"gold_gain":0.0,"event_name":"Back to Basics","player_choice":"Simplicity","floor":19.0,"gold_loss":0.0,"damage_taken":0.0,"cards_upgraded":["Strike_R","Strike_R","Strike_R","Strike_R","Defend_R","Defend_R","Defend_R"]},{"damage_healed":0.0,"max_hp_gain":0.0,"max_hp_loss":0.0,"gold_gain":0.0,"event_name":"Masked Bandits","player_choice":"Fought Bandits","floor":30.0,"gold_loss":0.0,"damage_taken":0.0},{"damage_healed":0.0,"max_hp_gain":0.0,"max_hp_loss":0.0,"gold_gain":0.0,"event_name":"The Library","player_choice":"Read","floor":31.0,"gold_loss":0.0,"damage_taken":0.0,"cards_obtained":["Shockwave"]},{"damage_healed":0.0,"max_hp_gain":0.0,"max_hp_loss":0.0,"gold_gain":0.0,"event_name":"Lab","player_choice":"Got Potions","floor":36.0,"gold_loss":0.0,"damage_taken":0.0},{"damage_healed":0.0,"max_hp_gain":0.0,"max_hp_loss":0.0,"gold_gain":0.0,"event_name":"Mysterious Sphere","player_choice":"Fight","floor":39.0,"gold_loss":0.0,"damage_taken":0.0},{"damage_healed":0,"gold_gain":0,"player_choice":"Ignored","damage_taken":0,"max_hp_gain":0,"max_hp_loss":0,"event_name":"SecretPortal","floor":47,"gold_loss":0}],"is_beta":false,"boss_relics":[{"not_picked":["Empty Cage","Runic Cube"],"picked":"Cursed Key"},{"not_picked":["Philosopher\u0027s Stone","Runic Pyramid"],"picked":"Runic Dome"}],"items_purged_floors":[45],"is_endless":false,"potions_floor_spawned":[2,3,10,11,13,22,27,29,30,33,35,48],"ascension_level":0}