{"gold_per_floor":[359,370,383,383,68,98,98,98,122,142,153,168,68,78,78,177,177,194,22,22,22,41,76,95,95,95,95,110,110,126,136,136,136],"floor_reached":33,"playtime":1466,"items_purged":["Decay","Strike_R","Strike_R"],"score":325,"play_id":"c8add03f-e7e7-46d9-87b2-6852b35a90c7","local_time":"20181020190236","is_ascension_mode":true,"campfire_choices":[{"floor":7,"key":"REST"},{"floor":15,"key":"REST"},{"floor":29,"key":"REST"},{"floor":32,"key":"REST"}],"neow_cost":"CURSE","seed_source_timestamp":376033401635152,"circlet_count":0,"master_deck":["Strike_R","Strike_R","Defend_R+1","Defend_R","Defend_R","Defend_R+1","Bash","Twin Strike","Body Slam","Ghostly Armor","Blood for Blood","Twin Strike","Spot Weakness","Shrug It Off","Cleave","Impervious","Anger","Twin Strike","Body Slam","Flame Barrier"],"relics":["Burning Blood","Self Forming Clay","War Paint","Vajra","Busted Crown","Champion Belt","MutagenicStrength","Bird Faced Urn"],"potions_floor_usage":[11,33,33,33],"damage_taken":[{"damage":25,"enemies":"Jaw Worm","floor":1,"turns":4},{"damage":9,"enemies":"Small Slimes","floor":2,"turns":3},{"damage":3,"enemies":"Cultist","floor":3,"turns":3},{"damage":39,"enemies":"3 Sentries","floor":6,"turns":11},{"damage":12,"enemies":"Exordium Thugs","floor":10,"turns":5},{"damage":4,"enemies":"Lots of Slimes","floor":11,"turns":4},{"damage":33,"enemies":"Exordium Wildlife","floor":12,"turns":5},{"damage":1,"enemies":"Red Slaver","floor":14,"turns":4},{"damage":39,"enemies":"Slime Boss","floor":16,"turns":9},{"damage":2,"enemies":"Shell Parasite","floor":18,"turns":5},{"damage":7,"enemies":"3 Byrds","floor":22,"turns":6},{"damage":49,"enemies":"Book of Stabbing","floor":23,"turns":5},{"damage":7,"enemies":"Snecko","floor":24,"turns":4},{"damage":3,"enemies":"Cultist and Chosen","floor":28,"turns":6},{"damage":4,"enemies":"Chosen and Byrds","floor":30,"turns":5},{"damage":31,"enemies":"Centurion and Healer","floor":31,"turns":4},{"damage":78,"enemies":"Champ","floor":33,"turns":8}],"seed_played":"-9027420576691864393","potions_obtained":[{"floor":2,"key":"GamblersBrew"},{"floor":10,"key":"Block Potion"},{"floor":16,"key":"Strength Potion"},{"floor":18,"key":"EssenceOfSteel"},{"floor":24,"key":"Regen Potion"}],"is_trial":false,"path_per_floor":["M","M","M","?","$","E","R","?","T","M","M","M","$","M","R","B",null,"M","$","?","$","M","E","M","?","T","?","M","R","M","M","R"],"character_chosen":"IRONCLAD","items_purchased":["Self Forming Clay","Anger"],"campfire_rested":4,"item_purchase_floors":[5,19],"current_hp_per_floor":[61,58,61,61,61,28,52,52,52,46,48,21,21,26,50,17,80,80,80,80,80,79,36,35,35,35,20,23,48,50,25,50,0],"gold":136,"neow_bonus":"TWO_FIFTY_GOLD","is_prod":false,"is_daily":false,"chose_seed":false,"campfire_upgraded":0,"win_rate":0,"timestamp":1540054956,"path_taken":["M","M","M","?","$","E","R","?","T","?","M","M","$","M","R","BOSS","M","?","?","$","?","E","M","?","T","?","M","R","M","M","R","BOSS"],"build_version":"2018-10-18","purchased_purges":3,"victory":false,"max_hp_per_floor":[80,80,80,80,80,80,80,80,80,80,80,80,80,80,80,80,80,80,80,80,80,80,80,80,80,80,85,85,85,85,85,85,85],"card_choices":[{"not_picked":["Heavy Blade","Perfected Strike"],"picked":"Twin Strike","floor":1},{"not_picked":["Entrench","Thunderclap","Heavy Blade"],"picked":"SKIP","floor":2},{"not_picked":["Offering","Cleave"],"picked":"Body Slam","floor":3},{"not_picked":["Rampage","Disarm"],"picked":"Ghostly Armor","floor":6},{"not_picked":["Clothesline","Burning Pact"],"picked":"Twin Strike","floor":10},{"not_picked":["Carnage","Clash"],"picked":"Spot Weakness","floor":11},{"not_picked":["Clothesline","Second Wind"],"picked":"Shrug It Off","floor":12},{"not_picked":["Reckless Charge","Pommel Strike"],"picked":"Cleave","floor":14},{"not_picked":["Feed","Exhume"],"picked":"Impervious","floor":16},{"not_picked":["Carnage+1"],"picked":"SKIP","floor":18},{"not_picked":[],"picked":"Twin Strike","floor":22},{"not_picked":["Entrench"],"picked":"SKIP","floor":23},{"not_picked":[],"picked":"Body Slam","floor":24},{"not_picked":["Sever Soul+1"],"picked":"SKIP","floor":28},{"not_picked":["Combust"],"picked":"SKIP","floor":30},{"not_picked":[],"picked":"Flame Barrier","floor":31}],"player_experience":215850,"relics_obtained":[{"floor":6,"key":"War Paint"},{"floor":9,"key":"Vajra"},{"floor":23,"key":"Champion Belt"},{"floor":26,"key":"Bird Faced Urn"}],"event_choices":[{"damage_healed":0,"gold_gain":0,"player_choice":"Ignored","damage_taken":0,"max_hp_gain":0,"max_hp_loss":0,"event_name":"Liars Game","floor":4,"gold_loss":0},{"damage_healed":0,"gold_gain":0,"cards_transformed":["Strike_R"],"player_choice":"Transformed","damage_taken":0,"max_hp_gain":0,"max_hp_loss":0,"event_name":"Transmorgrifier","floor":8,"gold_loss":0,"cards_obtained":["Blood for Blood"]},{"damage_healed":0,"gold_gain":0,"player_choice":"Ignored","damage_taken":0,"max_hp_gain":0,"max_hp_loss":0,"event_name":"The Mausoleum","floor":20,"gold_loss":0},{"damage_healed":0,"gold_gain":0,"player_choice":"Inject Mutagens","damage_taken":0,"relics_obtained":["MutagenicStrength"],"max_hp_gain":0,"max_hp_loss":0,"event_name":"Drug Dealer","floor":25,"gold_loss":0},{"damage_healed":0,"gold_gain":0,"player_choice":"Shed Blood","damage_taken":20,"max_hp_gain":5,"max_hp_loss":0,"event_name":"Forgotten Altar","floor":27,"gold_loss":0}],"is_beta":false,"boss_relics":[{"not_picked":["Fusion Hammer","Ectoplasm"],"picked":"Busted Crown"}],"items_purged_floors":[5,13,19],"is_endless":false,"potions_floor_spawned":[2,10,16,18,23,24],"killed_by":"Champ","ascension_level":4}