{"gold_per_floor":[111,126,126,126,140,140,174,174,174,174,201,220,220,235,235,334,334,334,334,334,83,26,26,26,26,26,26,26,26,26,26,26,26,26,26,26,26,26,26,26,26,26,26,26,26,26,26,26,26,26],"floor_reached":51,"playtime":2965,"items_purged":[],"score":1037,"play_id":"12075415-ebe3-4ae0-87ba-cce02fe83afe","local_time":"20190405185715","is_ascension_mode":true,"campfire_choices":[{"data":"Cleave","floor":6.0,"key":"SMITH"},{"data":"Bash","floor":10.0,"key":"SMITH"},{"data":"Anger","floor":13.0,"key":"SMITH"},{"data":"Anger","floor":15.0,"key":"SMITH"},{"data":"Havoc","floor":23.0,"key":"SMITH"},{"data":"Impervious","floor":29.0,"key":"SMITH"},{"data":"Rage","floor":32.0,"key":"SMITH"},{"data":"Barricade","floor":42,"key":"SMITH"},{"floor":49,"key":"REST"}],"neow_cost":"NONE","seed_source_timestamp":0,"circlet_count":0,"master_deck":["Bash+1","True Grit+1","Pommel Strike+1","Cleave+1","Anger+1","Anger+1","Thunderclap","Impervious+1","Clothesline+1","Shockwave+1","Sword Boomerang","Havoc+1","Heavy Blade+1","Writhe","Rage+1","Demon Form","Barricade+1","Carnage","Clothesline","Offering","Clash","Twin Strike","Sword Boomerang","Shrug It Off+1","Bandage Up","Shrug It Off","Power Through+1"],"special_seed":0,"relics":["Burning Blood","Dream Catcher","Pantograph","Bottled Flame","Dodecahedron","Odd Mushroom","Ectoplasm","Gremlin Horn","Thread and Needle","Question Card","Bottled Lightning","Red Skull","Kunai","Pandora\u0027s Box","Turnip","Anchor","Bag of Preparation","Bottled Tornado"],"potions_floor_usage":[50],"damage_taken":[{"damage":7.0,"enemies":"2 Louse","floor":1.0,"turns":3.0},{"damage":4.0,"enemies":"Jaw Worm","floor":2.0,"turns":5.0},{"damage":1.0,"enemies":"Cultist","floor":5.0,"turns":4.0},{"damage":13.0,"enemies":"3 Sentries","floor":7.0,"turns":7.0},{"damage":19.0,"enemies":"The Mushroom Lair","floor":11.0,"turns":4.0},{"damage":0.0,"enemies":"2 Fungi Beasts","floor":12.0,"turns":3.0},{"damage":4.0,"enemies":"Large Slime","floor":14.0,"turns":3.0},{"damage":0.0,"enemies":"Slime Boss","floor":16.0,"turns":6.0},{"damage":27.0,"enemies":"Shell Parasite","floor":18.0,"turns":4.0},{"damage":12.0,"enemies":"3 Byrds","floor":19.0,"turns":5.0},{"damage":15.0,"enemies":"Slavers","floor":24.0,"turns":4.0},{"damage":13.0,"enemies":"Snecko","floor":25.0,"turns":5.0},{"damage":7.0,"enemies":"Cultist and Chosen","floor":28.0,"turns":6.0},{"damage":0.0,"enemies":"Gremlin Leader","floor":30.0,"turns":4.0},{"damage":62.0,"enemies":"Champ","floor":33.0,"turns":13.0},{"damage":15.0,"enemies":"3 Darklings","floor":35.0,"turns":3.0},{"damage":6.0,"enemies":"Mind Bloom Boss Battle","floor":37.0,"turns":4.0},{"damage":6,"enemies":"3 Shapes","floor":39,"turns":1},{"damage":6,"enemies":"Giant Head","floor":40,"turns":7},{"damage":61,"enemies":"Nemesis","floor":44,"turns":9},{"damage":0,"enemies":"Maw","floor":45,"turns":6},{"damage":0,"enemies":"Spire Growth","floor":46,"turns":4},{"damage":6,"enemies":"Transient","floor":47,"turns":5},{"damage":6,"enemies":"Awakened One","floor":50,"turns":10}],"seed_played":"7450926172486386370","potions_obtained":[{"floor":2.0,"key":"LiquidBronze"},{"floor":7.0,"key":"Regen Potion"},{"floor":12.0,"key":"SteroidPotion"},{"floor":24.0,"key":"Dexterity Potion"},{"floor":30.0,"key":"AttackPotion"},{"floor":35.0,"key":"SpeedPotion"},{"floor":39,"key":"PowerPotion"},{"floor":40,"key":"FairyPotion"}],"is_trial":false,"path_per_floor":["M","M","?","?","M","R","E","T","T","R","?","M","R","M","R","B",null,"M","M","?","$","?","R","E","M","T","?","M","R","E","?","R","B",null,"M","?","?","?","M","E","$","R","T","E","M","M","M","$","R","B",null],"character_chosen":"IRONCLAD","items_purchased":["Gremlin Horn"],"campfire_rested":1,"item_purchase_floors":[21],"current_hp_per_floor":[79,80,80,64,69,69,62,62,62,62,49,55,55,57,57,80,80,59,53,53,53,53,53,56,49,49,49,48,48,54,54,54,23,80,71,71,80,76,76,76,76,76,76,25,35,41,45,45,67,76],"gold":26,"neow_bonus":"RANDOM_COMMON_RELIC","is_prod":false,"is_daily":false,"chose_seed":false,"campfire_upgraded":8,"win_rate":0,"timestamp":1554483435,"path_taken":["M","M","?","?","M","R","E","?","T","R","?","M","R","M","R","BOSS","M","M","?","$","?","R","E","?","T","?","M","R","E","?","R","BOSS","M","?","?","?","M","E","$","R","T","E","M","M","M","$","R","BOSS"],"build_version":"2019-01-23","purchased_purges":0,"victory":true,"max_hp_per_floor":[80,80,80,80,80,80,80,80,80,80,80,80,80,80,80,80,80,80,80,80,80,80,80,80,80,80,80,80,80,80,80,80,80,80,80,80,80,76,76,76,76,76,76,76,76,76,76,76,76,76],"card_choices":[{"not_picked":["Flex","Clothesline"],"picked":"True Grit","floor":1.0},{"not_picked":["Corruption","Headbutt"],"picked":"Pommel Strike","floor":2.0},{"not_picked":["Wild Strike","Shockwave"],"picked":"Cleave","floor":5.0},{"not_picked":["Clothesline","Clash","Double Tap"],"picked":"SKIP","floor":7.0},{"not_picked":["Pommel Strike","Blood for Blood"],"picked":"Anger","floor":11.0},{"not_picked":["Power Through","Sword Boomerang"],"picked":"Anger","floor":12.0},{"not_picked":["Flame Barrier","Pommel Strike"],"picked":"Thunderclap","floor":14.0},{"not_picked":["Fiend Fire","Reaper"],"picked":"Impervious","floor":16.0},{"not_picked":["Second Wind+1","Body Slam"],"picked":"Clothesline+1","floor":18.0},{"not_picked":["Wild Strike+1","Clash"],"picked":"Shockwave+1","floor":19.0},{"not_picked":["Pommel Strike","Whirlwind"],"picked":"Heavy Blade+1","floor":24.0},{"not_picked":["Havoc","Twin Strike","Pommel Strike","Dual Wield"],"picked":"SKIP","floor":25.0},{"not_picked":["Sword Boomerang+1","Perfected Strike","Iron Wave","Warcry"],"picked":"SKIP","floor":28.0},{"not_picked":["Second Wind+1","Twin Strike+1","Dark Embrace"],"picked":"Rage","floor":30.0},{"not_picked":["Limit Break","Offering","Reaper"],"picked":"Demon Form","floor":33.0},{"not_picked":["True Grit","Flex+1","Iron Wave+1"],"picked":"Shrug It Off+1","floor":35.0},{"not_picked":["Finesse","Purity","Swift Strike"],"picked":"Bandage Up","floor":36.0},{"not_picked":["Thunderclap+1","Twin Strike+1","Uppercut","Power Through"],"picked":"SKIP","floor":39},{"not_picked":["Cleave+1","Power Through","Burning Pact+1"],"picked":"Shrug It Off","floor":40},{"not_picked":["Wild Strike","Perfected Strike","Clothesline","Pommel Strike+1"],"picked":"SKIP","floor":44},{"not_picked":["Corruption+1","Thunderclap","Anger"],"picked":"Power Through+1","floor":45},{"not_picked":["Demon Form","Dual Wield+1","Uppercut","True Grit"],"picked":"SKIP","floor":46},{"not_picked":["Clothesline+1","Clash","Headbutt+1","Sword Boomerang+1"],"picked":"SKIP","floor":47}],"player_experience":434142,"relics_obtained":[{"floor":7.0,"key":"Pantograph"},{"floor":8.0,"key":"Bottled Flame"},{"floor":9.0,"key":"Dodecahedron"},{"floor":11.0,"key":"Odd Mushroom"},{"floor":24.0,"key":"Question Card"},{"floor":26.0,"key":"Bottled Lightning"},{"floor":30.0,"key":"Kunai"},{"floor":37.0,"key":"Turnip"},{"floor":40,"key":"Anchor"},{"floor":43,"key":"Bag of Preparation"},{"floor":44,"key":"Bottled Tornado"}],"event_choices":[{"damage_healed":0.0,"max_hp_gain":0.0,"max_hp_loss":0.0,"gold_gain":0.0,"event_name":"Living Wall","player_choice":"Grow","floor":3.0,"gold_loss":0.0,"damage_taken":0.0,"cards_upgraded":["True Grit"]},{"damage_healed":0.0,"max_hp_gain":0.0,"max_hp_loss":0.0,"gold_gain":0.0,"event_name":"Shining Light","player_choice":"Entered Light","floor":4.0,"gold_loss":0.0,"damage_taken":16.0,"cards_upgraded":["Defend_R","Pommel Strike"]},{"damage_healed":0.0,"max_hp_gain":0.0,"max_hp_loss":0.0,"gold_gain":0.0,"event_name":"Mushrooms","player_choice":"Fought Mushrooms","floor":11.0,"gold_loss":0.0,"damage_taken":0.0},{"damage_healed":0.0,"max_hp_gain":0.0,"max_hp_loss":0.0,"gold_gain":0.0,"cards_transformed":["Strike_R","Strike_R"],"event_name":"Drug Dealer","player_choice":"Became Test Subject","floor":20.0,"gold_loss":0.0,"damage_taken":0.0,"cards_obtained":["Sword Boomerang","Havoc"]},{"damage_healed":0.0,"max_hp_gain":0.0,"max_hp_loss":0.0,"gold_gain":0.0,"event_name":"WeMeetAgain","player_choice":"Paid Gold","floor":22.0,"gold_loss":57.0,"damage_taken":0.0,"relics_obtained":["Thread and Needle"]},{"damage_healed":0.0,"max_hp_gain":0.0,"max_hp_loss":0.0,"gold_gain":0.0,"event_name":"The Mausoleum","player_choice":"Opened","floor":27.0,"gold_loss":0.0,"damage_taken":0.0,"relics_obtained":["Red Skull"],"cards_obtained":["Writhe"]},{"damage_healed":0.0,"max_hp_gain":0.0,"max_hp_loss":0.0,"gold_gain":99.0,"event_name":"Nest","player_choice":"Stole From Cult","floor":31.0,"gold_loss":0.0,"damage_taken":0.0},{"damage_healed":0.0,"max_hp_gain":0.0,"max_hp_loss":0.0,"gold_gain":0.0,"event_name":"SensoryStone","player_choice":"Memory 1","floor":36.0,"gold_loss":0.0,"damage_taken":0.0},{"damage_healed":0.0,"max_hp_gain":0.0,"max_hp_loss":0.0,"gold_gain":0.0,"event_name":"MindBloom","player_choice":"Fight","floor":37.0,"gold_loss":0.0,"damage_taken":0.0},{"damage_healed":0.0,"max_hp_gain":0.0,"max_hp_loss":4.0,"gold_gain":0.0,"event_name":"Winding Halls","player_choice":"Max HP","floor":38.0,"gold_loss":0.0,"damage_taken":0.0}],"is_beta":false,"boss_relics":[{"not_picked":["Lizard Tail","Snecko Eye"],"picked":"Ectoplasm"},{"not_picked":["Calling Bell","Black Star"],"picked":"Pandora\u0027s Box"}],"items_purged_floors":[],"is_endless":false,"potions_floor_spawned":[2,7,12,14,24,30,35,39,40,47],"ascension_level":4}