{"gold_per_floor":[115,115,115,133,202,202,231,231,282,294,47,47,57,74,74,175,175,189,114,125,139,39,39,66,66,66,80,80,96,107,134,134,236,236,247,261,261,278,0,0,13,113,163,181,201,211,211,86,86,86,86,86,34,69,69],"floor_reached":55,"playtime":3091,"items_purged":["Defend_G","Strike_G","Parasite"],"score":716,"play_id":"5825f272-6f88-4e36-99a1-3c314b56860b","local_time":"20181210225631","is_ascension_mode":false,"campfire_choices":[{"data":"Crippling Poison","floor":6,"key":"SMITH"},{"data":"Neutralize","floor":8,"key":"SMITH"},{"data":"Leg Sweep","floor":12,"key":"SMITH"},{"data":"Bouncing Flask","floor":15,"key":"SMITH"},{"data":"PiercingWail","floor":23,"key":"SMITH"},{"data":"Survivor","floor":25,"key":"SMITH"},{"floor":28,"key":"REST"},{"floor":32,"key":"RECALL"},{"data":"Noxious Fumes","floor":40,"key":"SMITH"},{"floor":47,"key":"REST"},{"floor":49,"key":"REST"},{"data":"Burst","floor":52,"key":"SMITH"}],"neow_cost":"PERCENT_DAMAGE","seed_source_timestamp":1025735040170062,"circlet_count":0,"master_deck":["Defend_G","Defend_G","Defend_G","Strike_G","Survivor+1","Neutralize+1","Dagger Spray+1","Crippling Poison+1","Leg Sweep+1","Bouncing Flask+1","Deadly Poison","Bane+1","Slice+1","Backflip+1","Deadly Poison+1","PiercingWail+1","Well Laid Plans+1","Burst+1","Noxious Fumes+1","Outmaneuver+1"],"relics":["Ring of the Serpent","Dead Branch","Gremlin Horn","Dream Catcher","Anchor","Pantograph","Astrolabe","Darkstone Periapt","Ancient Tea Set","Red Mask","Tough Bandages","Art of War","Mercury Hourglass"],"potions_floor_usage":[24,24,31,31,31,46,50,50,55],"damage_taken":[{"damage":0,"enemies":"Small Slimes","floor":1,"turns":3},{"damage":2,"enemies":"2 Louse","floor":4,"turns":2},{"damage":17,"enemies":"Lagavulin","floor":7,"turns":6},{"damage":0,"enemies":"Cultist","floor":10,"turns":4},{"damage":5,"enemies":"Exordium Thugs","floor":13,"turns":4},{"damage":0,"enemies":"Lots of Slimes","floor":14,"turns":3},{"damage":7,"enemies":"The Guardian","floor":16,"turns":9},{"damage":0,"enemies":"Chosen","floor":18,"turns":4},{"damage":9,"enemies":"Shell Parasite","floor":20,"turns":5},{"damage":2,"enemies":"Centurion and Healer","floor":21,"turns":5},{"damage":16,"enemies":"Book of Stabbing","floor":24,"turns":7},{"damage":0,"enemies":"Snake Plant","floor":27,"turns":4},{"damage":11,"enemies":"Shelled Parasite and Fungi","floor":29,"turns":5},{"damage":1,"enemies":"3 Cultists","floor":30,"turns":4},{"damage":0,"enemies":"Gremlin Leader","floor":31,"turns":5},{"damage":37,"enemies":"Champ","floor":33,"turns":15},{"damage":8,"enemies":"Orb Walker","floor":35,"turns":3},{"damage":0,"enemies":"3 Shapes","floor":36,"turns":4},{"damage":0,"enemies":"Maw","floor":38,"turns":7},{"damage":10,"enemies":"4 Shapes","floor":41,"turns":5},{"damage":0,"enemies":"Mind Bloom Boss Battle","floor":42,"turns":6},{"damage":18,"enemies":"Sphere and 2 Shapes","floor":44,"turns":5},{"damage":1,"enemies":"Writhing Mass","floor":45,"turns":6},{"damage":35,"enemies":"Spire Growth","floor":46,"turns":6},{"damage":44,"enemies":"Donu and Deca","floor":50,"turns":9},{"damage":20,"enemies":"Shield and Spear","floor":54,"turns":5},{"damage":76,"enemies":"The Heart","floor":55,"turns":8}],"seed_played":"691407346865410826","potions_obtained":[{"floor":1,"key":"GamblersBrew"},{"floor":13,"key":"FearPotion"},{"floor":14,"key":"SpeedPotion"},{"floor":20,"key":"AttackPotion"},{"floor":24,"key":"PowerPotion"},{"floor":27,"key":"EssenceOfSteel"},{"floor":30,"key":"EssenceOfSteel"},{"floor":31,"key":"GhostInAJar"},{"floor":35,"key":"EssenceOfSteel"},{"floor":36,"key":"Dexterity Potion"},{"floor":38,"key":"Dexterity Potion"},{"floor":46,"key":"Fire Potion"}],"is_trial":false,"path_per_floor":["M","?","?","M","T","R","E","R","T","M","$","R","M","M","R","B",null,"M","$","M","M","$","R","E","R","T","M","R","M","M","E","R","B",null,"M","M","?","M","?","R","M","?","T","M","M","M","R","$","R","B",null,"R","$","E","B"],"character_chosen":"THE_SILENT","items_purchased":["Pantograph","Energy Potion"],"campfire_rested":3,"item_purchase_floors":[11,53],"current_hp_per_floor":[49,70,70,68,68,68,51,51,51,51,51,51,46,46,46,63,70,70,70,61,59,59,59,43,43,43,43,64,53,52,52,52,33,70,62,62,62,62,62,62,52,70,70,52,57,22,44,44,65,29,73,73,73,53,0],"gold":69,"neow_bonus":"ONE_RARE_RELIC","is_prod":false,"is_daily":false,"chose_seed":false,"campfire_upgraded":8,"win_rate":0,"timestamp":1544450191,"path_taken":["M","?","?","?","?","R","E","R","T","M","$","R","M","M","R","BOSS","M","$","M","M","$","R","E","R","T","?","R","M","M","E","R","BOSS","M","?","?","M","?","R","M","?","T","M","M","?","R","$","R","BOSS","R","$","E","BOSS"],"build_version":"2018-12-06","purchased_purges":3,"victory":false,"max_hp_per_floor":[70,70,70,70,70,70,70,70,70,70,70,70,70,70,70,70,70,70,70,70,70,70,70,70,70,70,70,70,70,70,70,70,70,70,70,70,70,70,70,70,70,70,70,70,76,76,76,73,73,73,73,73,73,73,73],"card_choices":[{"not_picked":["Reflex","Underhanded Strike"],"picked":"Dagger Spray","floor":1},{"not_picked":["Caltrops","Bane"],"picked":"Crippling Poison","floor":4},{"not_picked":["Skewer","Deflect"],"picked":"Leg Sweep","floor":7},{"not_picked":["Dash","Riddle With Holes"],"picked":"Bouncing Flask","floor":10},{"not_picked":["Accuracy","Backstab"],"picked":"Deadly Poison","floor":13},{"not_picked":["Finisher","Heel Hook","Slice"],"picked":"SKIP","floor":14},{"not_picked":["Escape Plan+1","Quick Slash"],"picked":"Deadly Poison+1","floor":18},{"not_picked":["Poisoned Stab","Escape Plan","Caltrops"],"picked":"SKIP","floor":20},{"not_picked":["Bane","Leg Sweep"],"picked":"PiercingWail","floor":21},{"not_picked":["Leg Sweep","Prepared","Quick Slash+1"],"picked":"SKIP","floor":24},{"not_picked":["Deadly Poison","Prepared","Quick Slash"],"picked":"SKIP","floor":27},{"not_picked":["Footwork","Venomology"],"picked":"Well Laid Plans+1","floor":29},{"not_picked":["Masterful Stab","Quick Slash","Dagger Throw"],"picked":"SKIP","floor":30},{"not_picked":["Riddle With Holes","Backflip+1","Predator"],"picked":"SKIP","floor":31},{"not_picked":["Die Die Die","Unload"],"picked":"Burst","floor":33},{"not_picked":["Sucker Punch+1","Flechettes+1"],"picked":"Noxious Fumes","floor":35},{"not_picked":["Expertise","Underhanded Strike+1","Flying Knee"],"picked":"SKIP","floor":36},{"not_picked":["Masterful Stab","Riddle With Holes","Well Laid Plans+1"],"picked":"SKIP","floor":38},{"not_picked":["Finisher","Distraction+1","Dodge and Roll"],"picked":"SKIP","floor":41},{"not_picked":["Reflex","Acrobatics","Leg Sweep+1"],"picked":"SKIP","floor":44},{"not_picked":["Poisoned Stab","Prepared+1","Flying Knee+1"],"picked":"SKIP","floor":45},{"not_picked":["Deflect","Riddle With Holes+1","Slice"],"picked":"SKIP","floor":46},{"not_picked":["Dagger Throw+1","Flying Knee"],"picked":"Outmaneuver+1","floor":49},{"not_picked":["Masterful Stab+1","Deadly Poison","Dodge and Roll"],"picked":"SKIP","floor":54}],"player_experience":138687,"relics_obtained":[{"floor":5,"key":"Gremlin Horn"},{"floor":7,"key":"Dream Catcher"},{"floor":9,"key":"Anchor"},{"floor":24,"key":"Darkstone Periapt"},{"floor":31,"key":"Ancient Tea Set"},{"floor":42,"key":"Tough Bandages"},{"floor":43,"key":"Art of War"},{"floor":54,"key":"Mercury Hourglass"}],"event_choices":[{"damage_healed":23,"gold_gain":0,"player_choice":"Banana","damage_taken":0,"max_hp_gain":0,"max_hp_loss":0,"event_name":"Big Fish","floor":2,"gold_loss":0},{"damage_healed":0,"gold_gain":0,"player_choice":"Forge","damage_taken":0,"max_hp_gain":0,"max_hp_loss":0,"event_name":"Accursed Blacksmith","floor":3,"gold_loss":0,"cards_upgraded":["Dagger Spray"]},{"cards_removed":["Strike_G"],"damage_healed":0,"gold_gain":0,"player_choice":"Removed Attack","damage_taken":0,"max_hp_gain":0,"max_hp_loss":0,"event_name":"Falling","floor":37,"gold_loss":0},{"damage_healed":0,"gold_gain":0,"player_choice":"Paid","damage_taken":0,"relics_obtained":["Red Mask"],"max_hp_gain":0,"max_hp_loss":0,"event_name":"Tomb of Lord Red Mask","floor":39,"gold_loss":278},{"damage_healed":0,"gold_gain":0,"player_choice":"Fight","damage_taken":0,"max_hp_gain":0,"max_hp_loss":0,"event_name":"MindBloom","floor":42,"gold_loss":0}],"is_beta":false,"boss_relics":[{"not_picked":["HoveringKite","Eternal Feather"],"picked":"Astrolabe"},{"not_picked":["Black Star","Sozu"],"picked":"Ring of the Serpent"}],"items_purged_floors":[19,22,48],"is_endless":false,"potions_floor_spawned":[1,13,14,20,24,27,30,31,35,36,38,46],"killed_by":"The Heart","ascension_level":0}