{"gold_per_floor":[366,366,366,366,75,75,96,110,133,133,133,93,117,87,87,183,183,208,208,23,36,59,59,59],"floor_reached":24,"playtime":878,"items_purged":["Strike_G","Strike_G"],"score":340,"play_id":"b7c7e446-0c2c-42c5-9353-dd1aedcd9cd3","local_time":"20190226104610","is_ascension_mode":true,"campfire_choices":[{"floor":6.0,"key":"REST"},{"data":"All Out Attack","floor":11.0,"key":"SMITH"},{"data":"Footwork","floor":15.0,"key":"SMITH"},{"floor":23,"key":"REST"}],"neow_cost":"TEN_PERCENT_HP_LOSS","seed_source_timestamp":2941056502182336,"circlet_count":0,"master_deck":["AscendersBane","Defend_G","Defend_G","Defend_G","Defend_G","Defend_G","Strike_G+1","Strike_G","Strike_G","Survivor+1","Neutralize","Footwork+1","Noxious Fumes","Prepared","All Out Attack+1","Terror","Noxious Fumes","Noxious Fumes","Well Laid Plans","Dodge and Roll","Burst","Calculated Gamble","Corpse Explosion","Escape Plan"],"special_seed":0,"relics":["Ring of the Snake","Golden Idol","Snake Skull","Dream Catcher","Eternal Feather"],"potions_floor_usage":[22],"damage_taken":[{"damage":3.0,"enemies":"2 Louse","floor":1.0,"turns":5.0},{"damage":9.0,"enemies":"Jaw Worm","floor":7.0,"turns":5.0},{"damage":4.0,"enemies":"Small Slimes","floor":8.0,"turns":3.0},{"damage":9.0,"enemies":"Blue Slaver","floor":13.0,"turns":5.0},{"damage":9.0,"enemies":"Hexaghost","floor":16.0,"turns":9.0},{"damage":5.0,"enemies":"Shell Parasite","floor":18.0,"turns":10.0},{"damage":13,"enemies":"Spheric Guardian","floor":21,"turns":5},{"damage":40,"enemies":"Snecko","floor":22,"turns":7},{"damage":45,"enemies":"Shelled Parasite and Fungi","floor":24,"turns":3}],"seed_played":"-7037281382765631246","potions_obtained":[{"floor":1.0,"key":"FearPotion"},{"floor":7.0,"key":"Regen Potion"}],"is_trial":false,"path_per_floor":["M","?","?","?","$","R","M","M","T","$","R","$","M","$","R","B",null,"M","?","$","M","M","R","M"],"character_chosen":"THE_SILENT","items_purchased":["Noxious Fumes","Prepared","All Out Attack","Noxious Fumes","Dodge and Roll","Regen Potion"],"campfire_rested":2,"item_purchase_floors":[5,5,5,12,14,20],"current_hp_per_floor":[56,38,38,12,12,28,19,15,15,15,15,15,6,6,6,12,44,39,39,39,26,1,29,0],"gold":59,"neow_bonus":"TWO_FIFTY_GOLD","is_prod":false,"is_daily":false,"chose_seed":false,"campfire_upgraded":2,"win_rate":0,"timestamp":1551145570,"path_taken":["M","?","?","?","?","R","M","?","T","$","R","?","M","$","R","BOSS","M","?","$","M","?","R","M"],"build_version":"2019-01-23","purchased_purges":2,"victory":false,"max_hp_per_floor":[60,60,54,54,54,54,54,54,54,54,54,54,54,54,54,54,54,54,54,54,54,54,54,54],"card_choices":[{"not_picked":["Quick Slash","Blur"],"picked":"Footwork","floor":1.0},{"not_picked":["Sucker Punch","Underhanded Strike"],"picked":"Terror","floor":7.0},{"not_picked":["Prepared","Distraction"],"picked":"Noxious Fumes","floor":8.0},{"not_picked":["Dagger Spray","Prepared"],"picked":"Well Laid Plans","floor":13.0},{"not_picked":["Phantasmal Killer","Malaise"],"picked":"Burst","floor":16.0},{"not_picked":["Concentrate+1","Footwork"],"picked":"Calculated Gamble","floor":18.0},{"not_picked":["Quick Slash","Deflect","Slice"],"picked":"SKIP","floor":21},{"not_picked":["Heel Hook","Blur"],"picked":"Escape Plan","floor":22}],"player_experience":589418,"relics_obtained":[{"floor":9.0,"key":"Dream Catcher"}],"event_choices":[{"damage_healed":0.0,"max_hp_gain":0.0,"max_hp_loss":0.0,"gold_gain":0.0,"event_name":"Shining Light","player_choice":"Entered Light","floor":2.0,"gold_loss":0.0,"damage_taken":18.0,"cards_upgraded":["Strike_G","Survivor"]},{"damage_healed":0.0,"max_hp_gain":0.0,"max_hp_loss":6.0,"gold_gain":0.0,"event_name":"Golden Idol","player_choice":"Lose Max HP","floor":3.0,"gold_loss":0.0,"damage_taken":0.0,"relics_obtained":["Golden Idol"]},{"damage_healed":0.0,"max_hp_gain":0.0,"max_hp_loss":0.0,"gold_gain":0.0,"event_name":"Scrap Ooze","player_choice":"Success","floor":4.0,"gold_loss":0.0,"damage_taken":26.0,"relics_obtained":["Snake Skull"]},{"damage_healed":0,"gold_gain":0,"player_choice":"1 cards matched","damage_taken":0,"max_hp_gain":0,"max_hp_loss":0,"event_name":"Match and Keep!","floor":19,"gold_loss":0,"cards_obtained":["Corpse Explosion"]}],"is_beta":false,"boss_relics":[{"not_picked":["Sozu","Lizard Tail"],"picked":"Eternal Feather"}],"items_purged_floors":[5,20],"is_endless":false,"potions_floor_spawned":[1,7,13,21],"killed_by":"Shelled Parasite and Fungi","ascension_level":17}