{"gold_per_floor":[109,163,176,187,206,206,231,250,277,292,123,156,172,192,192,263,263,277,291,291,327,23,58,58,75,122,122,133,166,86,1,1,75,75,86,96,96,21,21,21,53,65,77,123,185,231,243,287,299,311],"floor_reached":51,"playtime":2376,"items_purged":["Normality"],"score":1503,"play_id":"70fc753f-5635-447a-bd9b-42466882af63","local_time":"20190323181315","is_ascension_mode":true,"campfire_choices":[{"data":"Buffer","floor":6,"key":"SMITH"},{"floor":15,"key":"REST"},{"floor":24,"key":"REST"},{"floor":27,"key":"REST"},{"floor":32,"key":"REST"},{"data":"Buffer","floor":40,"key":"SMITH"},{"data":"Amplify","floor":42,"key":"SMITH"},{"data":"Biased Cognition","floor":47,"key":"SMITH"},{"data":"Capacitor","floor":49,"key":"SMITH"}],"neow_cost":"NONE","seed_source_timestamp":59159493041920,"circlet_count":0,"master_deck":["AscendersBane","Strike_B","Strike_B","Strike_B","Strike_B","Defend_B","Defend_B","Defend_B","Defend_B","Zap+1","Dualcast","Buffer+1","Beam Cell","Glacier","Hello World","Self Repair","Storm+1","Chill","Capacitor","Jack Of All Trades","Ball Lightning","Static Discharge","Electrodynamics","Go for the Eyes","Amplify+1","Coolheaded","Skim+1","Conserve Battery+1","Capacitor+1","Buffer+1","Bandage Up","Biased Cognition+1","Decay","Clumsy","Hologram+1","Capacitor","Loop","Static Discharge+1"],"relics":["Cracked Core","Tiny Chest","Turnip","Boot","Juzu Bracelet","Nuclear Battery","Happy Flower","Strawberry","War Paint","Lantern","Calling Bell","Anchor","Cables","Incense Burner","MawBank","Symbiotic Virus","Oddly Smooth Stone","Regal Pillow","PreservedInsect","Toxic Egg 2"],"potions_floor_usage":[7,7,12,19,21,41,50,50],"damage_taken":[{"damage":0,"enemies":"Cultist","floor":1,"turns":3},{"damage":6,"enemies":"Small Slimes","floor":3,"turns":4},{"damage":4,"enemies":"2 Louse","floor":4,"turns":2},{"damage":10,"enemies":"Large Slime","floor":5,"turns":7},{"damage":0,"enemies":"Gremlin Nob","floor":7,"turns":4},{"damage":0,"enemies":"Blue Slaver","floor":8,"turns":3},{"damage":6,"enemies":"2 Fungi Beasts","floor":10,"turns":3},{"damage":14,"enemies":"3 Sentries","floor":12,"turns":6},{"damage":1,"enemies":"Looter","floor":13,"turns":3},{"damage":9,"enemies":"Large Slime","floor":14,"turns":5},{"damage":22,"enemies":"Hexaghost","floor":16,"turns":8},{"damage":5,"enemies":"Chosen","floor":18,"turns":5},{"damage":17,"enemies":"3 Byrds","floor":19,"turns":6},{"damage":2,"enemies":"Centurion and Healer","floor":21,"turns":6},{"damage":34,"enemies":"Slavers","floor":23,"turns":2},{"damage":26,"enemies":"Snake Plant","floor":25,"turns":3},{"damage":16,"enemies":"Snecko","floor":28,"turns":4},{"damage":34,"enemies":"Gremlin Leader","floor":29,"turns":7},{"damage":61,"enemies":"Champ","floor":33,"turns":12},{"damage":16,"enemies":"Orb Walker","floor":35,"turns":4},{"damage":4,"enemies":"3 Darklings","floor":36,"turns":5},{"damage":3,"enemies":"Nemesis","floor":41,"turns":10},{"damage":28,"enemies":"Reptomancer","floor":44,"turns":6},{"damage":0,"enemies":"Giant Head","floor":46,"turns":8},{"damage":0,"enemies":"Reptomancer","floor":48,"turns":5},{"damage":44,"enemies":"Donu and Deca","floor":50,"turns":7}],"seed_played":"4826125952245590666","potions_obtained":[{"floor":3,"key":"Poison Potion"},{"floor":4,"key":"Poison Potion"},{"floor":10,"key":"PowerPotion"},{"floor":16,"key":"AttackPotion"},{"floor":19,"key":"Block Potion"},{"floor":21,"key":"Strength Potion"},{"floor":25,"key":"Ancient Potion"},{"floor":36,"key":"Regen Potion"},{"floor":46,"key":"GamblersBrew"},{"floor":48,"key":"AttackPotion"}],"is_trial":false,"path_per_floor":["M","T","M","M","M","R","E","M","T","M","$","E","M","M","R","B",null,"M","M","?","M","$","E","R","M","T","R","M","E","$","$","R","B",null,"M","M","?","$","?","R","E","R","T","E","T","E","R","E","R","B",null],"character_chosen":"DEFECT","items_purchased":["Capacitor","Jack Of All Trades","Amplify","Happy Flower","Buffer","Bandage Up"],"campfire_rested":4,"item_purchase_floors":[11,11,22,22,30,31],"current_hp_per_floor":[64,64,58,54,44,44,44,51,51,45,45,38,37,35,56,41,64,66,56,56,61,61,41,64,45,45,68,66,39,39,39,62,12,62,57,57,57,57,57,57,78,78,78,61,61,77,77,78,78,45],"gold":323,"neow_bonus":"ONE_RANDOM_RARE_CARD","is_prod":false,"is_daily":false,"chose_seed":false,"campfire_upgraded":5,"win_rate":0,"timestamp":1553382795,"path_taken":["M","?","M","M","M","R","E","?","T","M","$","E","M","M","R","BOSS","M","M","?","M","$","E","R","M","T","R","M","E","?","$","R","BOSS","M","M","?","$","?","R","E","R","T","E","?","E","R","E","R","BOSS"],"build_version":"2019-01-23","purchased_purges":1,"victory":true,"max_hp_per_floor":[71,71,71,71,71,71,71,71,71,71,71,71,71,71,71,71,71,71,71,71,71,71,78,78,78,78,78,78,78,78,78,78,78,78,78,78,78,78,78,78,78,78,78,78,78,78,78,78,78,78],"card_choices":[{"not_picked":["Force Field","Rebound"],"picked":"Beam Cell","floor":1},{"not_picked":["Compile Driver","Recycle"],"picked":"Glacier","floor":3},{"not_picked":["Barrage","Steam"],"picked":"Hello World","floor":4},{"not_picked":["Consume","Gash","Redo"],"picked":"SKIP","floor":5},{"not_picked":["Undo","Redo"],"picked":"Self Repair","floor":7},{"not_picked":["Beam Cell","Auto Shields"],"picked":"Storm","floor":8},{"not_picked":["Cold Snap","Self Repair"],"picked":"Chill","floor":10},{"not_picked":["Fusion","Genetic Algorithm","Tempest"],"picked":"SKIP","floor":12},{"not_picked":["Streamline","Hyperbeam"],"picked":"Ball Lightning","floor":13},{"not_picked":["Darkness","Streamline"],"picked":"Static Discharge","floor":14},{"not_picked":["Rainbow","All For One"],"picked":"Electrodynamics","floor":16},{"not_picked":["Steam","Gash"],"picked":"Go for the Eyes","floor":18},{"not_picked":["Streamline","Rip and Tear+1"],"picked":"Cold Snap","floor":19},{"not_picked":["Beam Cell","Steam","Tempest"],"picked":"SKIP","floor":21},{"not_picked":["Rip and Tear+1","Aggregate"],"picked":"Coolheaded","floor":23},{"not_picked":["Streamline+1","Compile Driver"],"picked":"Skim","floor":25},{"not_picked":["Gash","Melter"],"picked":"Conserve Battery+1","floor":28},{"not_picked":["Doom and Gloom","Streamline"],"picked":"Capacitor","floor":29},{"not_picked":["Amplify","Electrodynamics"],"picked":"Biased Cognition","floor":33},{"not_picked":["Force Field","Cold Snap"],"picked":"Hologram+1","floor":35},{"not_picked":["Blizzard","Chill"],"picked":"Capacitor","floor":36},{"not_picked":["Double Energy","Stack+1"],"picked":"Loop","floor":41},{"not_picked":["Tempest","Steam","Gash"],"picked":"SKIP","floor":44},{"not_picked":["Scrape","Self Repair+1"],"picked":"Static Discharge+1","floor":46},{"not_picked":["Sunder","Ball Lightning","Reprogram+1"],"picked":"SKIP","floor":48}],"player_experience":1142492,"relics_obtained":[{"floor":2,"key":"Tiny Chest"},{"floor":7,"key":"Turnip"},{"floor":9,"key":"Boot"},{"floor":12,"key":"Juzu Bracelet"},{"floor":23,"key":"Strawberry"},{"floor":26,"key":"War Paint"},{"floor":29,"key":"Lantern"},{"floor":34,"key":"Anchor"},{"floor":34,"key":"Cables"},{"floor":34,"key":"Incense Burner"},{"floor":41,"key":"MawBank"},{"floor":43,"key":"Symbiotic Virus"},{"floor":44,"key":"Oddly Smooth Stone"},{"floor":45,"key":"Regal Pillow"},{"floor":46,"key":"PreservedInsect"},{"floor":48,"key":"Toxic Egg 2"}],"event_choices":[{"damage_healed":0,"gold_gain":0,"player_choice":"Upgraded","damage_taken":0,"max_hp_gain":0,"max_hp_loss":0,"event_name":"Upgrade Shrine","floor":20,"gold_loss":0,"cards_upgraded":["Storm"]},{"cards_removed":["Cold Snap"],"damage_healed":0,"gold_gain":0,"player_choice":"Removed Attack","damage_taken":0,"max_hp_gain":0,"max_hp_loss":0,"event_name":"Falling","floor":37,"gold_loss":0},{"damage_healed":0,"gold_gain":0,"player_choice":"Ignored","damage_taken":0,"max_hp_gain":0,"max_hp_loss":0,"event_name":"Mysterious Sphere","floor":39,"gold_loss":0}],"is_beta":false,"boss_relics":[{"not_picked":["Coffee Dripper","Velvet Choker"],"picked":"Nuclear Battery"},{"not_picked":["Empty Cage","FrozenCore"],"picked":"Calling Bell"}],"items_purged_floors":[38],"is_endless":false,"potions_floor_spawned":[3,4,5,10,16,19,21,25,36,46,48],"ascension_level":14}