{"gold_per_floor":[111,111,131,131,141,141,161,161,212,244,261,289,299,318,318,397,397,413,432,432,443,117,117,42,72,95,95,111,111,130,146,146,224,224,235,235,253,253,264,264],"floor_reached":40,"playtime":2745,"items_purged":["Strike_R"],"score":944,"play_id":"6ab04c88-f2bd-4f7d-a430-d491c83b9dd5","local_time":"20190427212529","is_ascension_mode":true,"campfire_choices":[{"data":"Anger","floor":6,"key":"SMITH"},{"data":"Shockwave","floor":8,"key":"SMITH"},{"data":"Offering","floor":15,"key":"SMITH"},{"floor":23,"key":"REST"},{"data":"Offering","floor":27,"key":"SMITH"},{"data":"Limit Break","floor":32,"key":"SMITH"}],"neow_cost":"NONE","seed_source_timestamp":46510804393307,"circlet_count":0,"master_deck":["AscendersBane","Strike_R","Defend_R","Defend_R","Defend_R","Defend_R","Bash","Feed","Clothesline","Anger+1","Shockwave+1","Feed","Warcry","Headbutt+1","Offering+1","Metallicize","Offering+1","Carnage+1","Spot Weakness","RitualDagger+1","Shrug It Off","True Grit","Limit Break+1","Exhume","Seeing Red+1","Double Tap","True Grit+1","Pommel Strike+1"],"relics":["Burning Blood","Regal Pillow","Oddly Smooth Stone","Pantograph","Molten Egg 2","Eternal Feather","Art of War","Snecko Eye"],"potions_floor_usage":[12,16,33,33,39,40],"damage_taken":[{"damage":9,"enemies":"Jaw Worm","floor":1,"turns":4},{"damage":12,"enemies":"Small Slimes","floor":3,"turns":3},{"damage":1,"enemies":"Cultist","floor":5,"turns":3},{"damage":11,"enemies":"Looter","floor":7,"turns":4},{"damage":6,"enemies":"Lagavulin","floor":10,"turns":7},{"damage":20,"enemies":"Exordium Thugs","floor":11,"turns":8},{"damage":6,"enemies":"Gremlin Nob","floor":12,"turns":3},{"damage":22,"enemies":"Lots of Slimes","floor":13,"turns":4},{"damage":21,"enemies":"Large Slime","floor":14,"turns":6},{"damage":17,"enemies":"Hexaghost","floor":16,"turns":9},{"damage":23,"enemies":"Shell Parasite","floor":18,"turns":4},{"damage":27,"enemies":"Spheric Guardian","floor":19,"turns":5},{"damage":26,"enemies":"Centurion and Healer","floor":21,"turns":7},{"damage":47,"enemies":"Slavers","floor":25,"turns":8},{"damage":19,"enemies":"Snake Plant","floor":28,"turns":2},{"damage":13,"enemies":"Snecko","floor":30,"turns":4},{"damage":21,"enemies":"Cultist and Chosen","floor":31,"turns":3},{"damage":47,"enemies":"Collector","floor":33,"turns":6},{"damage":16,"enemies":"3 Shapes","floor":35,"turns":10},{"damage":26,"enemies":"3 Darklings","floor":37,"turns":8},{"damage":24,"enemies":"Jaw Worm Horde","floor":39,"turns":3},{"damage":95,"enemies":"Giant Head","floor":40,"turns":6}],"seed_played":"3612188039800835520","potions_obtained":[{"floor":7,"key":"Fire Potion"},{"floor":11,"key":"Strength Potion"},{"floor":13,"key":"FearPotion"},{"floor":19,"key":"FearPotion"},{"floor":33,"key":"SteroidPotion"},{"floor":35,"key":"GamblersBrew"}],"is_trial":false,"path_per_floor":["M","?","M","?","M","R","M","R","T","E","M","E","M","M","R","B",null,"M","M","?","M","$","R","$","E","T","R","M","?","M","M","R","B",null,"M","?","M","?","M","E"],"character_chosen":"IRONCLAD","items_purchased":["Shrug It Off","Ancient Potion","SteroidPotion","True Grit","Limit Break"],"campfire_rested":1,"item_purchase_floors":[22,22,22,22,24],"current_hp_per_floor":[68,50,47,47,55,55,50,50,50,53,45,48,38,26,26,43,92,78,60,54,37,37,99,99,64,64,79,66,66,62,47,62,49,109,102,102,85,85,70,0],"gold":264,"neow_bonus":"TRANSFORM_CARD","is_prod":false,"is_daily":false,"chose_seed":false,"campfire_upgraded":5,"win_rate":0,"timestamp":1556367929,"path_taken":["M","?","M","?","M","R","M","R","T","E","M","E","M","M","R","BOSS","M","M","?","M","$","R","$","E","T","R","M","?","M","?","R","BOSS","M","?","M","?","M","E"],"build_version":"2019-01-23","purchased_purges":1,"victory":false,"max_hp_per_floor":[78,78,81,81,84,84,84,84,84,87,93,96,102,105,105,108,108,111,114,114,117,117,117,117,123,123,123,123,123,126,126,126,129,129,132,132,135,135,138,138],"card_choices":[{"not_picked":["Body Slam","Twin Strike"],"picked":"Clothesline","floor":1},{"not_picked":["Clothesline","True Grit"],"picked":"Anger","floor":3},{"not_picked":["Whirlwind","Heavy Blade"],"picked":"Shockwave","floor":5},{"not_picked":["Power Through","Burning Pact","Fire Breathing"],"picked":"SKIP","floor":7},{"not_picked":["Cleave","Anger"],"picked":"Feed","floor":10},{"not_picked":["Rupture","Clothesline"],"picked":"Warcry","floor":11},{"not_picked":["Warcry","Clash"],"picked":"Headbutt","floor":12},{"not_picked":["Heavy Blade+1","Flex"],"picked":"Offering","floor":13},{"not_picked":["Clash+1","Burning Pact"],"picked":"Metallicize","floor":14},{"not_picked":["Dark Embrace","Bludgeon+1"],"picked":"Offering","floor":16},{"not_picked":["Disarm","Heavy Blade+1"],"picked":"Carnage+1","floor":18},{"not_picked":["Infernal Blade","Pommel Strike+1"],"picked":"Spot Weakness","floor":19},{"not_picked":["Body Slam+1","Spot Weakness","Pommel Strike+1"],"picked":"SKIP","floor":21},{"not_picked":["Havoc","Armaments"],"picked":"Exhume","floor":25},{"not_picked":["Pommel Strike+1","Headbutt+1"],"picked":"Seeing Red+1","floor":28},{"not_picked":["Rupture","Rage","Metallicize"],"picked":"SKIP","floor":30},{"not_picked":["Sever Soul+1","Twin Strike+1","Cleave+1"],"picked":"SKIP","floor":31},{"not_picked":["Impervious","Barricade"],"picked":"Double Tap","floor":33},{"not_picked":["Flex","Wild Strike+1"],"picked":"True Grit+1","floor":35},{"not_picked":["Whirlwind+1","Evolve"],"picked":"Pommel Strike+1","floor":37},{"not_picked":["Anger+1","Headbutt+1","Evolve"],"picked":"SKIP","floor":39}],"player_experience":1111852,"relics_obtained":[{"floor":9,"key":"Oddly Smooth Stone"},{"floor":10,"key":"Pantograph"},{"floor":12,"key":"Molten Egg 2"},{"floor":26,"key":"Art of War"}],"event_choices":[{"damage_healed":0,"gold_gain":0,"player_choice":"Success","damage_taken":18,"relics_obtained":["Regal Pillow"],"max_hp_gain":0,"max_hp_loss":0,"event_name":"Scrap Ooze","floor":2,"gold_loss":0},{"damage_healed":0,"gold_gain":0,"player_choice":"Ignored","damage_taken":0,"max_hp_gain":0,"max_hp_loss":0,"event_name":"Liars Game","floor":4,"gold_loss":0},{"damage_healed":0,"gold_gain":0,"player_choice":"Joined the Cult","damage_taken":6,"max_hp_gain":0,"max_hp_loss":0,"event_name":"Nest","floor":20,"gold_loss":0,"cards_obtained":["RitualDagger"]},{"cards_removed":["Strike_R"],"damage_healed":0,"gold_gain":0,"player_choice":"Purged","damage_taken":0,"max_hp_gain":0,"max_hp_loss":0,"event_name":"Purifier","floor":29,"gold_loss":0},{"cards_removed":["Strike_R"],"damage_healed":0,"gold_gain":0,"player_choice":"Removed Attack","damage_taken":0,"max_hp_gain":0,"max_hp_loss":0,"event_name":"Falling","floor":36,"gold_loss":0},{"damage_healed":0,"gold_gain":0,"player_choice":"0 cards matched","damage_taken":0,"max_hp_gain":0,"max_hp_loss":0,"event_name":"Match and Keep!","floor":38,"gold_loss":0,"cards_obtained":[]}],"is_beta":false,"boss_relics":[{"not_picked":["Calling Bell","Black Star"],"picked":"Eternal Feather"},{"not_picked":["Runic Cube","Runic Pyramid"],"picked":"Snecko Eye"}],"items_purged_floors":[22],"is_endless":false,"potions_floor_spawned":[7,11,13,19,25,28,30,33,35],"killed_by":"Giant Head","ascension_level":20}