{"gold_per_floor":[116,18,18,18,41,81,81,100,125,25,63,13,33,46,46,165,165,178,93,111,111,111,111,135,160,206,206,206],"floor_reached":28,"playtime":1199,"items_purged":["Bash","Defend_R"],"score":253,"play_id":"140eb59f-4328-4054-b7c4-8aafb1cc35f9","local_time":"20181208155949","is_ascension_mode":false,"campfire_choices":[{"data":"Armaments","floor":7,"key":"SMITH"},{"data":"Clothesline","floor":15,"key":"SMITH"},{"data":"Armaments","floor":23,"key":"SMITH"},{"data":"Impervious","floor":27,"key":"SMITH"}],"neow_cost":"NONE","seed_source_timestamp":830256579668428,"circlet_count":0,"master_deck":["Strike_R","Strike_R","Strike_R","Strike_R","Defend_R","Defend_R","Defend_R","Armaments+1","Cleave","Whirlwind","Clothesline+1","Impervious+1","Rampage","Armaments+1"],"relics":["Burning Blood","NeowsBlessing","Golden Idol","Regal Pillow","Bronze Scales","Lantern","Lizard Tail","Oddly Smooth Stone","Bag of Marbles"],"potions_floor_usage":[11,16,25],"damage_taken":[{"damage":0,"enemies":"2 Louse","floor":1,"turns":1},{"damage":0,"enemies":"Jaw Worm","floor":5,"turns":1},{"damage":0,"enemies":"3 Sentries","floor":6,"turns":1},{"damage":1,"enemies":"Cultist","floor":8,"turns":4},{"damage":32,"enemies":"Gremlin Nob","floor":11,"turns":5},{"damage":0,"enemies":"Blue Slaver","floor":13,"turns":3},{"damage":11,"enemies":"Exordium Wildlife","floor":14,"turns":2},{"damage":25,"enemies":"Slime Boss","floor":16,"turns":8},{"damage":31,"enemies":"Shell Parasite","floor":18,"turns":8},{"damage":16,"enemies":"Spheric Guardian","floor":20,"turns":6},{"damage":16,"enemies":"Colosseum Slavers","floor":21,"turns":6},{"damage":15,"enemies":"Chosen and Byrds","floor":24,"turns":6},{"damage":66,"enemies":"Centurion and Healer","floor":25,"turns":11},{"damage":10,"enemies":"Snake Plant","floor":28,"turns":2}],"seed_played":"-4553904591733251117","potions_obtained":[{"floor":1,"key":"Poison Potion"},{"floor":8,"key":"GamblersBrew"},{"floor":13,"key":"Explosive Potion"},{"floor":20,"key":"SkillPotion"}],"is_trial":false,"path_per_floor":["M","$","?","$","M","E","R","M","T","$","E","?","M","M","R","B",null,"M","?","M","?","$","R","M","M","T","R","M"],"character_chosen":"IRONCLAD","items_purchased":["Armaments"],"campfire_rested":0,"item_purchase_floors":[2],"current_hp_per_floor":[80,80,74,74,74,74,74,74,74,74,48,48,54,49,49,30,74,49,49,39,29,29,29,20,10,10,10,0],"gold":206,"neow_bonus":"THREE_ENEMY_KILL","is_prod":false,"is_daily":false,"chose_seed":false,"campfire_upgraded":4,"win_rate":0,"timestamp":1544252389,"path_taken":["M","$","?","$","M","E","R","M","T","$","E","?","?","M","R","BOSS","M","?","M","?","?","R","M","M","T","R","M"],"build_version":"2018-12-06","purchased_purges":2,"victory":false,"max_hp_per_floor":[80,80,74,74,74,74,74,74,74,74,74,74,74,74,74,74,74,74,74,74,74,74,74,74,74,74,74,74],"card_choices":[{"not_picked":["Pummel","Twin Strike","Wild Strike"],"picked":"SKIP","floor":1},{"not_picked":["Havoc","Brutality","Reckless Charge"],"picked":"SKIP","floor":5},{"not_picked":["Armaments","Blood for Blood","Wild Strike"],"picked":"SKIP","floor":6},{"not_picked":["Sword Boomerang","Havoc","Feel No Pain"],"picked":"SKIP","floor":8},{"not_picked":["Clash","Wild Strike"],"picked":"Cleave","floor":11},{"not_picked":["Corruption","Spot Weakness"],"picked":"Whirlwind","floor":13},{"not_picked":["Flame Barrier","Second Wind"],"picked":"Clothesline","floor":14},{"not_picked":["Reaper","Dark Embrace"],"picked":"Impervious","floor":16},{"not_picked":["Pummel","Anger"],"picked":"Rampage","floor":18},{"not_picked":["Perfected Strike","Cleave"],"picked":"Armaments","floor":20},{"not_picked":["Heavy Blade","Perfected Strike+1","Dropkick+1"],"picked":"SKIP","floor":24},{"not_picked":["Anger","Body Slam+1","Whirlwind"],"picked":"SKIP","floor":25}],"player_experience":88595,"relics_obtained":[{"floor":6,"key":"Regal Pillow"},{"floor":9,"key":"Bronze Scales"},{"floor":11,"key":"Lantern"},{"floor":26,"key":"Bag of Marbles"}],"event_choices":[{"damage_healed":0,"gold_gain":0,"player_choice":"Lose Max HP","damage_taken":0,"relics_obtained":["Golden Idol"],"max_hp_gain":0,"max_hp_loss":6,"event_name":"Golden Idol","floor":3,"gold_loss":0},{"cards_removed":["Strike_R"],"damage_healed":0,"gold_gain":0,"player_choice":"Card Removal","damage_taken":0,"max_hp_gain":0,"max_hp_loss":0,"event_name":"The Cleric","floor":12,"gold_loss":50},{"damage_healed":0,"gold_gain":0,"player_choice":"Obtained Relic","damage_taken":0,"relics_obtained":["Oddly Smooth Stone"],"max_hp_gain":0,"max_hp_loss":0,"event_name":"Addict","floor":19,"gold_loss":85},{"damage_healed":0,"gold_gain":0,"player_choice":"Fight","damage_taken":0,"max_hp_gain":0,"max_hp_loss":0,"event_name":"Colosseum","floor":21,"gold_loss":0},{"damage_healed":0,"gold_gain":0,"player_choice":"Fled From Nobs","damage_taken":0,"max_hp_gain":0,"max_hp_loss":0,"event_name":"Colosseum","floor":21,"gold_loss":0}],"is_beta":false,"boss_relics":[{"not_picked":["Calling Bell","Snecko Eye"],"picked":"Lizard Tail"}],"items_purged_floors":[2,10],"is_endless":false,"potions_floor_spawned":[1,8,13,20],"killed_by":"Snake Plant","ascension_level":0}