{"gold_per_floor":[118,118,136,136,148,148,171,171,171,65,83,99,99,117,117,248,248,264,264,195,213,238,238,238,238,264,304,304,327,327],"floor_reached":30,"playtime":1106,"items_purged":[],"score":336,"play_id":"75dd0afe-e39b-4741-9c49-d52c45afb883","local_time":"20190104231958","is_ascension_mode":true,"campfire_choices":[{"data":"Zap","floor":6,"key":"SMITH"},{"floor":13,"key":"REST"},{"data":"Double Energy","floor":15,"key":"SMITH"},{"data":"Defragment","floor":23,"key":"SMITH"},{"floor":25,"key":"REST"},{"floor":28,"key":"REST"}],"neow_cost":"NONE","seed_source_timestamp":255916645916132,"circlet_count":0,"master_deck":["Strike_B","Strike_B","Strike_B","Defend_B","Defend_B","Defend_B","Zap+1","Dualcast","Panacea","Ball Lightning","Leap","Sweeping Beam","Barrage","Barrage","Double Energy+1","Redo","Hologram","Electrodynamics","Echo Form","Stack","Defragment+1","Defragment+1","Go for the Eyes+1"],"relics":["Cracked Core","Odd Mushroom","Golden Idol","Girya","Velvet Choker","Boot","Bottled Lightning"],"potions_floor_usage":[16,16,27,29],"damage_taken":[{"damage":0,"enemies":"Small Slimes","floor":1,"turns":5},{"damage":1,"enemies":"2 Louse","floor":3,"turns":2},{"damage":2,"enemies":"Jaw Worm","floor":5,"turns":3},{"damage":24,"enemies":"The Mushroom Lair","floor":7,"turns":4},{"damage":20,"enemies":"Exordium Thugs","floor":11,"turns":3},{"damage":10,"enemies":"Gremlin Gang","floor":12,"turns":5},{"damage":5,"enemies":"Looter","floor":14,"turns":3},{"damage":22,"enemies":"Hexaghost","floor":16,"turns":9},{"damage":2,"enemies":"Spheric Guardian","floor":18,"turns":3},{"damage":5,"enemies":"3 Byrds","floor":21,"turns":3},{"damage":0,"enemies":"3 Cultists","floor":22,"turns":3},{"damage":69,"enemies":"Book of Stabbing","floor":27,"turns":6},{"damage":24,"enemies":"Snake Plant","floor":29,"turns":4},{"damage":10,"enemies":"Cultist and Chosen","floor":30,"turns":3}],"seed_played":"2944559659783710294","potions_obtained":[{"floor":12,"key":"Dexterity Potion"},{"floor":14,"key":"SkillPotion"},{"floor":18,"key":"Dexterity Potion"},{"floor":22,"key":"Strength Potion"}],"is_trial":false,"path_per_floor":["M","?","M","?","M","R","?","?","T","$","M","M","R","M","R","B",null,"M","?","$","M","M","R","?","R","T","E","R","M","M"],"character_chosen":"DEFECT","items_purchased":["Double Energy","Redo","Defragment"],"campfire_rested":3,"item_purchase_floors":[10,10,20],"current_hp_per_floor":[68,73,72,65,63,63,39,39,39,39,19,9,31,26,26,4,57,55,55,55,50,50,50,50,72,72,3,25,1,0],"gold":327,"neow_bonus":"RANDOM_COLORLESS","is_prod":false,"is_daily":false,"chose_seed":false,"campfire_upgraded":3,"win_rate":0,"timestamp":1546611598,"path_taken":["M","?","M","?","M","R","?","?","T","$","M","?","R","M","R","BOSS","M","?","$","?","M","R","?","R","T","E","R","?","M"],"build_version":"2019-01-03v3","purchased_purges":0,"victory":false,"max_hp_per_floor":[75,80,80,80,80,80,80,74,74,74,74,74,74,74,74,74,74,74,74,74,74,74,74,74,74,74,74,74,74,74],"card_choices":[{"not_picked":["Go for the Eyes","Leap"],"picked":"Ball Lightning","floor":1},{"not_picked":["Undo","Gash"],"picked":"Leap","floor":3},{"not_picked":["Compile Driver","Stack"],"picked":"Sweeping Beam","floor":5},{"not_picked":["Steam Power","Leap"],"picked":"Barrage","floor":7},{"not_picked":["Steam Power","Leap"],"picked":"Barrage","floor":7},{"not_picked":["Ball Lightning","Beam Cell","Gash"],"picked":"SKIP","floor":11},{"not_picked":["Gash","Leap"],"picked":"Hologram","floor":12},{"not_picked":["Turbo","Stack"],"picked":"Electrodynamics","floor":14},{"not_picked":["Multi-Cast","Amplify"],"picked":"Echo Form","floor":16},{"not_picked":["Ball Lightning","Compile Driver+1"],"picked":"Stack","floor":18},{"not_picked":["Undo","Force Field","Turbo"],"picked":"SKIP","floor":21},{"not_picked":["Recycle+1","Gash","Turbo"],"picked":"SKIP","floor":22},{"not_picked":["Double Energy","Gash","Sweeping Beam+1"],"picked":"SKIP","floor":27},{"not_picked":["Genetic Algorithm","Auto Shields"],"picked":"Go for the Eyes+1","floor":29}],"player_experience":327096,"relics_obtained":[{"floor":7,"key":"Odd Mushroom"},{"floor":9,"key":"Girya"},{"floor":26,"key":"Boot"},{"floor":27,"key":"Bottled Lightning"}],"event_choices":[{"damage_healed":0,"gold_gain":0,"player_choice":"Donut","damage_taken":0,"max_hp_gain":5,"max_hp_loss":0,"event_name":"Big Fish","floor":2,"gold_loss":0},{"cards_removed":["Strike_B"],"damage_healed":0,"gold_gain":0,"player_choice":"Card Removal","damage_taken":7,"max_hp_gain":0,"max_hp_loss":0,"event_name":"Golden Wing","floor":4,"gold_loss":0},{"damage_healed":0,"gold_gain":0,"player_choice":"Fought Mushrooms","damage_taken":0,"max_hp_gain":0,"max_hp_loss":0,"event_name":"Mushrooms","floor":7,"gold_loss":0},{"damage_healed":0,"gold_gain":0,"player_choice":"Lose Max HP","damage_taken":0,"relics_obtained":["Golden Idol"],"max_hp_gain":0,"max_hp_loss":6,"event_name":"Golden Idol","floor":8,"gold_loss":0},{"cards_removed":["Defend_B"],"damage_healed":0,"gold_gain":0,"player_choice":"Purged","damage_taken":0,"max_hp_gain":0,"max_hp_loss":0,"event_name":"Purifier","floor":19,"gold_loss":0},{"damage_healed":0,"gold_gain":0,"player_choice":"Copied","damage_taken":0,"max_hp_gain":0,"max_hp_loss":0,"event_name":"Duplicator","floor":24,"gold_loss":0,"cards_obtained":["Defragment"]}],"is_beta":false,"boss_relics":[{"not_picked":["Runic Dome","Coffee Dripper"],"picked":"Velvet Choker"}],"items_purged_floors":[],"is_endless":false,"potions_floor_spawned":[12,14,18,21,22],"killed_by":"Cultist and Chosen","ascension_level":8}