{"gold_per_floor":[20,32,32,50,17,48,48,77,128,128,128,153,228,286,286,286],"floor_reached":16,"playtime":655,"items_purged":[],"score":186,"play_id":"714fe93c-188e-465b-a370-6f2cadaf9c25","local_time":"20190412131824","is_ascension_mode":true,"campfire_choices":[{"floor":10,"key":"REST"},{"data":"Redo","floor":15,"key":"SMITH"}],"neow_cost":"NO_GOLD","seed_source_timestamp":168147546010560,"circlet_count":0,"master_deck":["AscendersBane","Strike_B","Strike_B","Strike_B","Defend_B","Defend_B","Defend_B","Zap","Dualcast","Rebound","Hologram","Conserve Battery","Sunder+1","Steam","Leap","Darkness","Redo+1"],"relics":["Cracked Core","Mercury Hourglass","Happy Flower","Juzu Bracelet","Molten Egg 2","Bag of Marbles"],"potions_floor_usage":[6,14],"damage_taken":[{"damage":0,"enemies":"Cultist","floor":1,"turns":3},{"damage":7,"enemies":"Jaw Worm","floor":2,"turns":3},{"damage":1,"enemies":"2 Louse","floor":4,"turns":3},{"damage":18,"enemies":"Lagavulin","floor":6,"turns":6},{"damage":16,"enemies":"3 Sentries","floor":8,"turns":5},{"damage":24,"enemies":"Lagavulin","floor":12,"turns":4},{"damage":11,"enemies":"Lagavulin Event","floor":14,"turns":6},{"damage":9,"enemies":"Hexaghost","floor":16,"turns":4}],"seed_played":"1898591711078510928","potions_obtained":[{"floor":2,"key":"SneckoOil"},{"floor":12,"key":"Weak Potion"},{"floor":14,"key":"LiquidBronze"}],"is_trial":false,"path_per_floor":["M","M","?","M","$","E","?","E","T","R","?","E","?","?","R","B"],"character_chosen":"DEFECT","items_purchased":["Sunder"],"campfire_rested":1,"item_purchase_floors":[5],"current_hp_per_floor":[68,61,61,60,60,42,42,26,26,48,53,29,18,7,7,0],"gold":286,"neow_bonus":"TRANSFORM_TWO_CARDS","is_prod":false,"is_daily":false,"chose_seed":false,"campfire_upgraded":1,"win_rate":0,"timestamp":1555067904,"path_taken":["M","?","?","M","$","E","?","E","T","R","?","E","?","?","R","BOSS"],"build_version":"2019-01-23","purchased_purges":0,"victory":false,"max_hp_per_floor":[75,75,75,75,75,75,75,75,75,75,75,75,75,75,75,75],"card_choices":[{"not_picked":["Gash","Turbo"],"picked":"Hologram","floor":1},{"not_picked":["Barrage","Force Field"],"picked":"Conserve Battery","floor":2},{"not_picked":["Gash","Sweeping Beam","Storm"],"picked":"SKIP","floor":4},{"not_picked":["Gash","Turbo"],"picked":"Steam","floor":6},{"not_picked":["Streamline","Sweeping Beam"],"picked":"Leap","floor":8},{"not_picked":["Consume","Auto Shields"],"picked":"Darkness","floor":12},{"not_picked":["Go for the Eyes+1","Hologram"],"picked":"Redo","floor":14}],"player_experience":567003,"relics_obtained":[{"floor":6,"key":"Mercury Hourglass"},{"floor":8,"key":"Happy Flower"},{"floor":9,"key":"Juzu Bracelet"},{"floor":12,"key":"Molten Egg 2"},{"floor":14,"key":"Bag of Marbles"}],"event_choices":[{"damage_healed":0,"gold_gain":0,"player_choice":"Leave","damage_taken":0,"max_hp_gain":0,"max_hp_loss":0,"event_name":"The Cleric","floor":3,"gold_loss":0},{"damage_healed":0,"gold_gain":0,"player_choice":"Grow","damage_taken":0,"max_hp_gain":0,"max_hp_loss":0,"event_name":"Living Wall","floor":7,"gold_loss":0,"cards_upgraded":["Sunder"]},{"cards_removed":["Barrage"],"damage_healed":5,"gold_gain":0,"player_choice":"Offered Common","damage_taken":0,"max_hp_gain":0,"max_hp_loss":0,"event_name":"Bonfire Elementals","floor":11,"gold_loss":0},{"cards_removed":["Barrage"],"damage_healed":5,"gold_gain":0,"player_choice":"Offered Special","damage_taken":0,"max_hp_gain":0,"max_hp_loss":0,"event_name":"Bonfire Elementals","floor":11,"gold_loss":0},{"damage_healed":0,"gold_gain":75,"player_choice":"Gather Gold","damage_taken":11,"max_hp_gain":0,"max_hp_loss":0,"event_name":"World of Goop","floor":13,"gold_loss":0},{"damage_healed":0,"gold_gain":0,"player_choice":"Searched \u00271\u0027 times","damage_taken":0,"max_hp_gain":0,"max_hp_loss":0,"event_name":"Dead Adventurer","floor":14,"gold_loss":0}],"is_beta":false,"boss_relics":[],"items_purged_floors":[],"is_endless":false,"potions_floor_spawned":[2,12,14],"killed_by":"Hexaghost","ascension_level":12}