{"gold_per_floor":[118,43,56,74,87,120,120,150,150,169,183,196,196,209,209,209],"floor_reached":16,"playtime":725,"items_purged":["Strike_B"],"score":226,"play_id":"d2bb2197-0ccd-4788-9ac0-8943c543d199","local_time":"20190425034143","is_ascension_mode":true,"campfire_choices":[{"floor":7.0,"key":"REST"},{"data":"Hologram","floor":13,"key":"SMITH"},{"data":"Streamline","floor":15,"key":"SMITH"}],"neow_cost":"NONE","seed_source_timestamp":16788858933989,"circlet_count":0,"master_deck":["AscendersBane","Strike_B","Strike_B","Strike_B","Defend_B","Defend_B","Defend_B","Defend_B","Zap","Dualcast","Sweeping Beam","Go for the Eyes","Cold Snap","Streamline+1","Hologram+1","Coolheaded","Self Repair","Steam","Chill","Compile Driver"],"special_seed":0,"relics":["Cracked Core","NeowsBlessing","Ancient Tea Set","Question Card","Matryoshka"],"potions_floor_usage":[16,16],"damage_taken":[{"damage":0.0,"enemies":"Cultist","floor":1.0,"turns":1.0},{"damage":0.0,"enemies":"2 Louse","floor":3.0,"turns":1.0},{"damage":0.0,"enemies":"Jaw Worm","floor":4.0,"turns":1.0},{"damage":4.0,"enemies":"Blue Slaver","floor":5.0,"turns":4.0},{"damage":39.0,"enemies":"3 Sentries","floor":6.0,"turns":6.0},{"damage":20.0,"enemies":"Lagavulin","floor":8.0,"turns":5.0},{"damage":14.0,"enemies":"Large Slime","floor":10.0,"turns":7.0},{"damage":0.0,"enemies":"3 Louse","floor":11.0,"turns":3.0},{"damage":0,"enemies":"2 Fungi Beasts","floor":12,"turns":4},{"damage":0,"enemies":"Lots of Slimes","floor":14,"turns":3},{"damage":30,"enemies":"Slime Boss","floor":16,"turns":6}],"seed_played":"-2065323577619268400","potions_obtained":[{"floor":3.0,"key":"SkillPotion"},{"floor":4.0,"key":"EssenceOfSteel"},{"floor":11.0,"key":"Poison Potion"}],"is_trial":false,"path_per_floor":["M","$","M","M","M","E","R","E","T","M","M","M","R","M","R","B"],"character_chosen":"DEFECT","items_purchased":[],"campfire_rested":1,"item_purchase_floors":[],"current_hp_per_floor":[64,64,64,64,60,21,42,22,22,8,15,22,22,29,29,0],"gold":209,"neow_bonus":"THREE_ENEMY_KILL","is_prod":false,"is_daily":false,"chose_seed":false,"campfire_upgraded":2,"win_rate":0,"timestamp":1556156503,"path_taken":["M","$","M","?","M","E","R","E","T","M","M","M","R","M","R","BOSS"],"build_version":"2019-01-23","purchased_purges":1,"victory":false,"max_hp_per_floor":[71,71,71,71,71,71,71,71,71,71,71,71,71,71,71,71],"card_choices":[{"not_picked":["Turbo","Redo"],"picked":"Sweeping Beam","floor":1.0},{"not_picked":["Conserve Battery","Reprogram"],"picked":"Go for the Eyes","floor":3.0},{"not_picked":["Fusion","Stack"],"picked":"Cold Snap","floor":4.0},{"not_picked":["Beam Cell","Tempest"],"picked":"Streamline","floor":5.0},{"not_picked":["Rip and Tear","Gash"],"picked":"Hologram","floor":6.0},{"not_picked":["Rebound","Scrape"],"picked":"Coolheaded","floor":8.0},{"not_picked":["Heatsinks","Go for the Eyes","Creative AI"],"picked":"Self Repair","floor":10.0},{"not_picked":["Stack","Tempest","Capacitor"],"picked":"Steam","floor":11.0},{"not_picked":["FTL","Hologram","Tempest"],"picked":"Chill","floor":12},{"not_picked":["Scrape","Rebound","Barrage"],"picked":"Compile Driver","floor":14}],"player_experience":707203,"relics_obtained":[{"floor":6.0,"key":"Ancient Tea Set"},{"floor":8.0,"key":"Question Card"},{"floor":9.0,"key":"Matryoshka"}],"event_choices":[],"is_beta":false,"boss_relics":[],"items_purged_floors":[2],"is_endless":false,"potions_floor_spawned":[3,4,5,11],"killed_by":"Slime Boss","ascension_level":19}