{"path_per_floor":["M","M","M","M","?","E","R","M","T","M","R","E","R","M","R","B",null,"M","M","M","?","M","E","$","R","T","M","M","?","M","M","R","B",null,"M","M","?","M","$","E","M","R","T","R","M","?","M","M","R","B"],"character_chosen":"IRONCLAD","items_purchased":["Inflame+1","Pear","Offering","Regal Pillow"],"gold_per_floor":[109,120,140,154,154,184,184,199,199,209,209,242,242,257,257,352,352,370,383,395,395,413,439,30,30,30,41,56,56,69,83,83,185,185,204,214,267,281,61,96,112,112,164,164,178,178,198,213,213,213],"floor_reached":51,"campfire_rested":2,"playtime":4921,"item_purchase_floors":[24,24,39,39],"current_hp_per_floor":[64,64,69,67,67,53,53,56,56,56,56,70,70,72,72,72,72,65,68,72,72,52,58,68,68,68,79,82,82,82,82,82,82,82,82,82,77,62,62,54,50,82,82,82,50,50,76,69,82,78],"items_purged":["Clothesline"],"gold":213,"score":694,"play_id":"91b7c85f-2b76-4a39-9ab6-f76fc99ffb7e","local_time":"20180528000625","is_prod":false,"is_daily":false,"chose_seed":false,"is_ascension_mode":false,"campfire_upgraded":7,"win_rate":0.0,"timestamp":1527483985,"campfire_choices":[{"data":"Entrench","floor":7.0,"key":"SMITH"},{"data":"Reaper","floor":11.0,"key":"SMITH"},{"data":"Wild Strike","floor":13.0,"key":"SMITH"},{"data":"Shrug It Off","floor":15.0,"key":"SMITH"},{"data":"Immolate","floor":25,"key":"SMITH"},{"data":"Spot Weakness","floor":32,"key":"SMITH"},{"floor":42,"key":"REST"},{"data":"Ghostly Armor","floor":44,"key":"SMITH"},{"floor":49,"key":"REST"}],"path_taken":["M","M","M","M","?","E","R","M","T","M","R","E","R","M","R","BOSS","M","M","M","?","M","E","$","R","T","M","M","?","M","M","R","BOSS","M","?","?","?","$","E","M","R","T","R","?","?","M","M","R","BOSS"],"build_version":"2018-05-24","seed_source_timestamp":428815393528227,"purchased_purges":1,"victory":true,"master_deck":["Strike_R","Strike_R","Strike_R","Strike_R","Strike_R","Defend_R","Defend_R","Defend_R","Defend_R","Entrench+1","Wild Strike+1","Wild Strike","Ghostly Armor+1","Shrug It Off+1","Reaper+1","Barricade+1","Inflame+1","Immolate+1","Inflame+1","Iron Wave+1","Shrug It Off+1","Spot Weakness+1","Inflame+1","Shockwave+1","Entrench+1","Ghostly Armor+1","Combust+1","Barricade+1","Metallicize+1","Shrug It Off+1","Offering","Brutality+1","Body Slam+1","Secret Weapon"],"max_hp_per_floor":[72,72,72,72,72,72,72,72,72,72,72,72,72,72,72,72,72,72,72,72,72,72,72,82,82,82,82,82,82,82,82,82,82,82,82,82,82,82,82,82,82,82,82,82,82,82,82,82,82,82],"relics":["Burning Blood","Charon\u0027s Ashes","Self Forming Clay","Frozen Egg 2","Orichalcum","Velvet Choker","Bird Faced Urn","War Paint","Pear","Shovel","Runic Cube","Champion Belt","Regal Pillow","Bag of Marbles","Pen Nib"],"card_choices":[{"not_picked":["True Grit","Cleave","Havoc"],"picked":"SKIP","floor":1.0},{"not_picked":["True Grit","Headbutt"],"picked":"Entrench","floor":2.0},{"not_picked":["Entrench","Burning Pact"],"picked":"Wild Strike","floor":3.0},{"not_picked":["Havoc","Flex"],"picked":"Wild Strike","floor":4.0},{"not_picked":["Exhume","Iron Wave"],"picked":"Ghostly Armor","floor":6.0},{"not_picked":["Anger","Dropkick"],"picked":"Shrug It Off","floor":8.0},{"not_picked":["Iron Wave","Clash"],"picked":"Reaper","floor":10.0},{"not_picked":["Thunderclap","Flex"],"picked":"Barricade+1","floor":12.0},{"not_picked":["Iron Wave","Twin Strike"],"picked":"Inflame+1","floor":14.0},{"not_picked":["Double Tap","Dark Embrace+1"],"picked":"Immolate","floor":16.0},{"not_picked":["Disarm+1","Clash"],"picked":"Inflame+1","floor":18.0},{"not_picked":["Anger+1","Sword Boomerang"],"picked":"Iron Wave+1","floor":19.0},{"not_picked":["Flex","Evolve+1","Wild Strike"],"picked":"SKIP","floor":20},{"not_picked":["Whirlwind","Bludgeon"],"picked":"Shrug It Off","floor":22},{"not_picked":["Rage","Sentinel"],"picked":"Spot Weakness","floor":23},{"not_picked":["Wild Strike","Clash"],"picked":"Shockwave+1","floor":27},{"not_picked":["Twin Strike","Warcry"],"picked":"Entrench","floor":28},{"not_picked":["True Grit","Spot Weakness"],"picked":"Ghostly Armor","floor":30},{"not_picked":["Wild Strike+1","Anger"],"picked":"Combust+1","floor":31},{"not_picked":["Dark Embrace+1","Double Tap"],"picked":"Barricade+1","floor":33},{"not_picked":["Carnage","Wild Strike","Perfected Strike"],"picked":"SKIP","floor":35},{"not_picked":["Sword Boomerang","Thunderclap+1"],"picked":"Metallicize+1","floor":36},{"not_picked":["Clash+1","Cleave"],"picked":"Shrug It Off+1","floor":38},{"not_picked":["Sword Boomerang","Armaments+1"],"picked":"Brutality+1","floor":40},{"not_picked":["Havoc","Iron Wave+1"],"picked":"Body Slam+1","floor":41},{"not_picked":["Sword Boomerang+1","Seeing Red","Shrug It Off"],"picked":"SKIP","floor":45},{"not_picked":["Dramatic Entrance","Jack Of All Trades"],"picked":"Secret Weapon","floor":46},{"not_picked":["Clothesline","Thunderclap","True Grit+1"],"picked":"SKIP","floor":47},{"not_picked":["Rampage","Disarm+1","Carnage"],"picked":"SKIP","floor":48}],"player_experience":33869,"potions_floor_usage":[22,23,31,38,40,50],"damage_taken":[{"damage":14.0,"enemies":"Small Slimes","floor":1.0,"turns":5.0},{"damage":6.0,"enemies":"Cultist","floor":2.0,"turns":3.0},{"damage":1.0,"enemies":"2 Louse","floor":3.0,"turns":2.0},{"damage":8.0,"enemies":"Blue Slaver","floor":4.0,"turns":5.0},{"damage":20.0,"enemies":"Gremlin Nob","floor":6.0,"turns":5.0},{"damage":3.0,"enemies":"Exordium Wildlife","floor":8.0,"turns":3.0},{"damage":6.0,"enemies":"Looter","floor":10.0,"turns":4.0},{"damage":8.0,"enemies":"3 Sentries","floor":12.0,"turns":5.0},{"damage":0.0,"enemies":"Large Slime","floor":14.0,"turns":6.0},{"damage":10.0,"enemies":"The Guardian","floor":16.0,"turns":15.0},{"damage":18.0,"enemies":"2 Thieves","floor":18.0,"turns":4.0},{"damage":3.0,"enemies":"Chosen","floor":19.0,"turns":5.0},{"damage":10.0,"enemies":"Centurion and Healer","floor":20.0,"turns":7.0},{"damage":28,"enemies":"Sentry and Sphere","floor":22,"turns":6},{"damage":18,"enemies":"Slavers","floor":23,"turns":6},{"damage":17,"enemies":"3 Cultists","floor":27,"turns":8},{"damage":2,"enemies":"Snake Plant","floor":28,"turns":3},{"damage":0,"enemies":"Snecko","floor":30,"turns":5},{"damage":11,"enemies":"3 Cultists","floor":31,"turns":5},{"damage":31,"enemies":"Champ","floor":33,"turns":11},{"damage":8,"enemies":"Orb Walker","floor":35,"turns":4},{"damage":7,"enemies":"3 Shapes","floor":36,"turns":6},{"damage":13,"enemies":"Mysterious Sphere","floor":37,"turns":4},{"damage":28,"enemies":"3 Darklings","floor":38,"turns":6},{"damage":22,"enemies":"2 Orb Walkers","floor":40,"turns":6},{"damage":14,"enemies":"4 Shapes","floor":41,"turns":3},{"damage":43,"enemies":"Sphere and 2 Shapes","floor":45,"turns":6},{"damage":13,"enemies":"Maw","floor":47,"turns":6},{"damage":19,"enemies":"4 Shapes","floor":48,"turns":3},{"damage":22,"enemies":"Time Eater","floor":50,"turns":9}],"relics_obtained":[{"floor":6.0,"key":"Self Forming Clay"},{"floor":9.0,"key":"Frozen Egg 2"},{"floor":12.0,"key":"Orichalcum"},{"floor":23,"key":"War Paint"},{"floor":26,"key":"Shovel"},{"floor":37,"key":"Champion Belt"},{"floor":40,"key":"Bag of Marbles"},{"floor":43,"key":"Pen Nib"}],"event_choices":[{"event_name":"Transmorgrifier","player_choice":"Transform","floor":5.0,"damage_taken":0.0},{"event_name":"The Mausoleum","player_choice":"Yes","floor":21,"damage_taken":0},{"event_name":"Upgrade Shrine","player_choice":"Upgraded","floor":29,"damage_taken":0},{"event_name":"Mysterious Sphere","player_choice":"Fight","floor":37,"damage_taken":0},{"event_name":"SensoryStone","player_choice":"Memory 1","floor":46,"damage_taken":0}],"boss_relics":[{"not_picked":["Philosopher\u0027s Stone","Eternal Feather"],"picked":"Runic Cube"}],"items_purged_floors":[24],"potions_floor_spawned":[6,8,10,14,20,22,30,33,37,40,45],"seed_played":"-1742580892132580808","ascension_level":0,"potions_obtained":[{"floor":6.0,"key":"GamblersBrew"},{"floor":8.0,"key":"Strength Potion"},{"floor":10.0,"key":"SkillPotion"},{"floor":14.0,"key":"AttackPotion"},{"floor":20,"key":"Strength Potion"},{"floor":22,"key":"AttackPotion"},{"floor":30,"key":"Explosive Potion"},{"floor":33,"key":"Strength Potion"},{"floor":37,"key":"SkillPotion"},{"floor":40,"key":"Strength Potion"},{"floor":45,"key":"FairyPotion"}],"is_trial":false}