{"gold_per_floor":[111,128,128,151,151,166,192,192,192,192,218,218,253,273,273,273],"floor_reached":16,"playtime":501,"items_purged":[],"score":118,"play_id":"484b3281-e70e-4772-8554-0d7ccddff27e","local_time":"20190511190110","is_ascension_mode":false,"campfire_choices":[{"data":"Bash","floor":8,"key":"SMITH"},{"data":"Bash","floor":10,"key":"SMITH"},{"data":"Entrench","floor":12,"key":"SMITH"},{"data":"Inflame","floor":15,"key":"SMITH"}],"neow_cost":"NONE","seed_source_timestamp":1262645694873724,"circlet_count":0,"master_deck":["Strike_R","Strike_R","Strike_R","Strike_R","Defend_R","Defend_R","Defend_R","Defend_R","Bash+1","Inflame+1","Anger","Bash+1","Barricade","Entrench+1","Seeing Red"],"relics":["Burning Blood","Blood Vial","Blue Candle","Paper Frog","Anchor"],"potions_floor_usage":[11,11,16],"damage_taken":[{"damage":1,"enemies":"Cultist","floor":1,"turns":3},{"damage":3,"enemies":"Jaw Worm","floor":2,"turns":4},{"damage":6,"enemies":"2 Louse","floor":6,"turns":2},{"damage":20,"enemies":"Gremlin Nob","floor":7,"turns":4},{"damage":14,"enemies":"Lagavulin","floor":11,"turns":5},{"damage":35,"enemies":"3 Sentries","floor":13,"turns":9},{"damage":11,"enemies":"Lots of Slimes","floor":14,"turns":5},{"damage":40,"enemies":"Slime Boss","floor":16,"turns":11}],"seed_played":"-4220921662097735037","potions_obtained":[{"floor":1,"key":"Block Potion"},{"floor":7,"key":"FearPotion"},{"floor":13,"key":"Block Potion"}],"is_trial":false,"path_per_floor":["M","M","?","T","?","M","E","R","T","R","E","R","E","M","R","B"],"character_chosen":"IRONCLAD","items_purchased":[],"campfire_rested":0,"item_purchase_floors":[],"current_hp_per_floor":[80,80,80,80,80,80,66,66,66,66,60,60,33,30,30,0],"gold":273,"neow_bonus":"REMOVE_CARD","is_prod":false,"is_daily":false,"chose_seed":false,"campfire_upgraded":4,"win_rate":0,"timestamp":1557572470,"path_taken":["M","?","?","?","?","?","E","R","T","R","E","R","E","M","R","BOSS"],"build_version":"2019-01-23","purchased_purges":0,"victory":false,"max_hp_per_floor":[80,80,80,80,80,80,80,80,80,80,80,80,80,80,80,80],"card_choices":[{"not_picked":["Fire Breathing","Reckless Charge","Havoc"],"picked":"SKIP","floor":1},{"not_picked":["Iron Wave","Armaments"],"picked":"Inflame","floor":2},{"not_picked":["Rage","Bloodletting","Evolve"],"picked":"SKIP","floor":6},{"not_picked":["Body Slam","Iron Wave"],"picked":"Barricade","floor":7},{"not_picked":["Twin Strike","Iron Wave"],"picked":"Entrench","floor":11},{"not_picked":["Heavy Blade","Power Through"],"picked":"Seeing Red","floor":13},{"not_picked":["Armaments","Headbutt","Warcry"],"picked":"SKIP","floor":14}],"player_experience":512478,"relics_obtained":[{"floor":7,"key":"Blood Vial"},{"floor":9,"key":"Blue Candle"},{"floor":11,"key":"Paper Frog"},{"floor":13,"key":"Anchor"}],"event_choices":[{"damage_healed":0,"gold_gain":0,"player_choice":"Ignored","damage_taken":0,"max_hp_gain":0,"max_hp_loss":0,"event_name":"Liars Game","floor":3,"gold_loss":0},{"damage_healed":0,"gold_gain":0,"player_choice":"2 cards matched","damage_taken":0,"max_hp_gain":0,"max_hp_loss":0,"event_name":"Match and Keep!","floor":5,"gold_loss":0,"cards_obtained":["Anger","Bash"]}],"is_beta":false,"boss_relics":[],"items_purged_floors":[],"is_endless":false,"potions_floor_spawned":[1,7,13],"killed_by":"Slime Boss","ascension_level":0}