{"gold_per_floor":[118,34,109,109,11,42,60,85,108,183,183,216,235,335,335,440,440,457,41,41,54,54],"floor_reached":22,"playtime":770,"items_purged":["Normality"],"score":270,"play_id":"97908f89-cedf-41b4-bd1d-c8b0fb0db7af","local_time":"20181022174331","is_ascension_mode":true,"campfire_choices":[{"floor":11,"key":"REST"},{"floor":15,"key":"REST"}],"neow_cost":"NONE","seed_source_timestamp":158263495104907,"circlet_count":0,"master_deck":["Strike_B","Strike_B","Strike_B","Strike_B","Defend_B","Defend_B","Defend_B","Defend_B","Zap","Dualcast","Conserve Battery","Ball Lightning","Loop","Consume","Mind Blast","Steam","Loop","Capacitor","Turbo","Gash","Buffer","Leap","Gash","Fission","Hologram+1","Conserve Battery","Loop","Beam Cell"],"relics":["Cracked Core","NeowsBlessing","Dream Catcher","Bottled Lightning","Art of War","DataDisk","Velvet Choker","Cables"],"potions_floor_usage":[12,16,22],"damage_taken":[{"damage":0,"enemies":"2 Louse","floor":1,"turns":1},{"damage":0,"enemies":"Gremlin Nob","floor":6,"turns":1},{"damage":0,"enemies":"Jaw Worm","floor":7,"turns":1},{"damage":27,"enemies":"Lagavulin","floor":8,"turns":6},{"damage":18,"enemies":"3 Sentries","floor":12,"turns":6},{"damage":0,"enemies":"Small Slimes","floor":13,"turns":3},{"damage":28,"enemies":"The Guardian","floor":16,"turns":9},{"damage":37,"enemies":"Spheric Guardian","floor":18,"turns":6},{"damage":10,"enemies":"Shell Parasite","floor":21,"turns":5},{"damage":32,"enemies":"Snake Plant","floor":22,"turns":3}],"seed_played":"3732802823933951385","potions_obtained":[{"floor":1,"key":"Fire Potion"},{"floor":6,"key":"FearPotion"},{"floor":8,"key":"FearPotion"},{"floor":18,"key":"Swift Potion"}],"is_trial":false,"path_per_floor":["M","$","?","?","$","E","M","E","T","?","R","E","M","?","R","B",null,"M","$","?","M"],"character_chosen":"DEFECT","items_purchased":["Ball Lightning","Loop","Steam","Conserve Battery","Cables","Loop","SpeedPotion"],"campfire_rested":2,"item_purchase_floors":[2,2,5,19,19,19,19],"current_hp_per_floor":[75,75,64,64,64,64,64,37,37,30,52,34,34,34,56,28,75,38,38,38,28,0],"gold":54,"neow_bonus":"THREE_ENEMY_KILL","is_prod":false,"is_daily":false,"chose_seed":false,"campfire_upgraded":0,"win_rate":0,"timestamp":1540223011,"path_taken":["M","$","?","?","$","E","?","E","T","?","R","E","M","?","R","BOSS","M","$","?","M","M"],"build_version":"2018-10-18","purchased_purges":1,"victory":false,"max_hp_per_floor":[75,75,75,75,75,75,75,75,75,75,75,75,75,75,75,75,75,75,75,75,75,75],"card_choices":[{"not_picked":["Hello World","Rebound"],"picked":"Conserve Battery","floor":1},{"not_picked":["Self Repair","Redo"],"picked":"Loop","floor":6},{"not_picked":["Chill","Steam Power"],"picked":"Capacitor","floor":7},{"not_picked":["Lockon","Recycle"],"picked":"Turbo","floor":8},{"not_picked":["FTL","Go for the Eyes"],"picked":"Gash","floor":11},{"not_picked":["Fusion","Ball Lightning"],"picked":"Buffer","floor":12},{"not_picked":["Defragment","Tempest"],"picked":"Leap","floor":13},{"not_picked":["Hello World","Rebound"],"picked":"Gash","floor":15},{"not_picked":["Meteor Strike","Creative AI"],"picked":"Fission","floor":16},{"not_picked":["Melter","Rebound"],"picked":"Hologram+1","floor":18},{"not_picked":["Turbo","Streamline"],"picked":"Beam Cell","floor":21}],"player_experience":232295,"relics_obtained":[{"floor":6,"key":"Dream Catcher"},{"floor":8,"key":"Bottled Lightning"},{"floor":9,"key":"Art of War"},{"floor":12,"key":"DataDisk"}],"event_choices":[{"damage_healed":0,"gold_gain":75,"player_choice":"Gather Gold","damage_taken":11,"max_hp_gain":0,"max_hp_loss":0,"event_name":"World of Goop","floor":3,"gold_loss":0},{"damage_healed":0,"gold_gain":0,"player_choice":"3 cards matched","damage_taken":0,"max_hp_gain":0,"max_hp_loss":0,"event_name":"Match and Keep!","floor":4,"gold_loss":0,"cards_obtained":["Consume","Normality","Mind Blast"]},{"damage_healed":0,"gold_gain":75,"player_choice":"Touch","damage_taken":7,"max_hp_gain":0,"max_hp_loss":0,"event_name":"FaceTrader","floor":10,"gold_loss":0},{"damage_healed":0,"gold_gain":100,"player_choice":"Pray","damage_taken":0,"max_hp_gain":0,"max_hp_loss":0,"event_name":"Golden Shrine","floor":14,"gold_loss":0},{"damage_healed":0,"gold_gain":0,"player_choice":"Ignored","damage_taken":0,"max_hp_gain":0,"max_hp_loss":0,"event_name":"Ghosts","floor":20,"gold_loss":0}],"is_beta":false,"boss_relics":[{"not_picked":["Orrery","Nuclear Battery"],"picked":"Velvet Choker"}],"items_purged_floors":[5],"is_endless":false,"potions_floor_spawned":[1,6,8,18],"killed_by":"Snake Plant","ascension_level":4}