{"gold_per_floor":[110,127,143,163,14,14,48,48,48,48,63,73,92,417,417,496,496,508,528,443,443,1,1,1,33,56,56,3,13,29,29,29,106,106,106],"floor_reached":35,"playtime":1621,"items_purged":["Strike_B"],"score":824,"play_id":"a319238d-7d27-4915-809b-78e4952ec1a2","local_time":"20190430204317","is_ascension_mode":true,"campfire_choices":[{"floor":6,"key":"REST"},{"data":"Zap","floor":8,"key":"SMITH"},{"data":"Doom and Gloom","floor":10,"key":"SMITH"},{"data":"Consume","floor":15,"key":"SMITH"},{"floor":23,"key":"REST"},{"data":"Biased Cognition","floor":27,"key":"SMITH"},{"floor":32,"key":"REST"}],"neow_cost":"NONE","seed_source_timestamp":141722059110600,"circlet_count":0,"master_deck":["AscendersBane","Strike_B","Strike_B","Defend_B","Defend_B","Defend_B","Defend_B","Zap+1","Dualcast","Conserve Battery","Consume+1","Ball Lightning","Ball Lightning","Doom and Gloom+1","Conserve Battery","Hologram","Chill","Seek","Cold Snap","Doom and Gloom+1","Biased Cognition+1","Sweeping Beam+1","Echo Form"],"relics":["Cracked Core","NeowsBlessing","Girya","Dead Branch","Old Coin","Snecko Eye","Bird Faced Urn","DataDisk","ClockworkSouvenir","Happy Flower","Blood Vial","Inserter"],"potions_floor_usage":[4,11,13,16,25,29,35],"damage_taken":[{"damage":0,"enemies":"Cultist","floor":1,"turns":1},{"damage":0,"enemies":"Jaw Worm","floor":2,"turns":1},{"damage":0,"enemies":"2 Louse","floor":3,"turns":1},{"damage":32,"enemies":"Exordium Thugs","floor":4,"turns":4},{"damage":8,"enemies":"Gremlin Nob","floor":7,"turns":3},{"damage":7,"enemies":"Large Slime","floor":11,"turns":3},{"damage":1,"enemies":"Lots of Slimes","floor":12,"turns":2},{"damage":2,"enemies":"Looter","floor":13,"turns":2},{"damage":6,"enemies":"3 Sentries","floor":14,"turns":4},{"damage":3,"enemies":"Slime Boss","floor":16,"turns":6},{"damage":32,"enemies":"Shell Parasite","floor":18,"turns":5},{"damage":5,"enemies":"Chosen","floor":19,"turns":5},{"damage":0,"enemies":"Gremlin Leader","floor":25,"turns":6},{"damage":7,"enemies":"Centurion and Healer","floor":29,"turns":5},{"damage":16,"enemies":"Snake Plant","floor":30,"turns":3},{"damage":33,"enemies":"Automaton","floor":33,"turns":8},{"damage":68,"enemies":"3 Darklings","floor":35,"turns":4}],"seed_played":"2111013465513522505","potions_obtained":[{"floor":1,"key":"FocusPotion"},{"floor":7,"key":"FearPotion"},{"floor":12,"key":"EssenceOfSteel"},{"floor":13,"key":"AttackPotion"},{"floor":18,"key":"SkillPotion"},{"floor":33,"key":"GamblersBrew"}],"is_trial":false,"path_per_floor":["M","M","M","M","$","R","E","R","T","R","M","M","M","E","R","B",null,"M","M","?","?","$","R","?","E","T","R","$","M","M","?","R","B",null,"M"],"character_chosen":"DEFECT","items_purchased":["Doom and Gloom","DataDisk","ClockworkSouvenir","AttackPotion","Strength Potion"],"campfire_rested":3,"item_purchase_floors":[5,22,22,22,28],"current_hp_per_floor":[64,64,64,32,32,53,45,45,45,45,38,37,35,29,29,26,60,28,23,23,23,23,44,44,46,46,46,46,43,31,31,52,25,60,0],"gold":106,"neow_bonus":"THREE_ENEMY_KILL","is_prod":false,"is_daily":false,"chose_seed":false,"campfire_upgraded":4,"win_rate":0,"timestamp":1556624597,"path_taken":["M","M","M","M","$","R","E","R","T","R","M","M","M","E","R","BOSS","M","?","?","?","$","R","?","E","T","R","$","M","?","?","R","BOSS","M"],"build_version":"2019-01-23","purchased_purges":1,"victory":false,"max_hp_per_floor":[71,71,71,71,71,71,71,71,71,71,71,71,71,71,71,71,71,71,71,71,71,71,71,71,71,71,71,71,71,71,71,71,71,71,71],"card_choices":[{"not_picked":["Storm","Compile Driver"],"picked":"Conserve Battery","floor":1},{"not_picked":["Rip and Tear","Reinforced Body"],"picked":"Consume","floor":2},{"not_picked":["Cold Snap","Hologram"],"picked":"Ball Lightning","floor":3},{"not_picked":["Gash","Conserve Battery"],"picked":"Ball Lightning","floor":4},{"not_picked":["Gash","Rebound"],"picked":"Conserve Battery","floor":7},{"not_picked":["Turbo","Stack"],"picked":"Hologram","floor":11},{"not_picked":["Tempest","Redo","Gash"],"picked":"SKIP","floor":12},{"not_picked":["Hologram","Rebound","Reprogram"],"picked":"SKIP","floor":13},{"not_picked":["Thunder Strike","Consume"],"picked":"Chill","floor":14},{"not_picked":["All For One","Core Surge"],"picked":"Seek","floor":16},{"not_picked":["Darkness","Leap","Stack"],"picked":"SKIP","floor":18},{"not_picked":["Turbo","Compile Driver"],"picked":"Cold Snap","floor":19},{"not_picked":["Steam Power","Scrape"],"picked":"Biased Cognition","floor":25},{"not_picked":["Coolheaded","Leap","Consume"],"picked":"SKIP","floor":29},{"not_picked":["Redo","Static Discharge"],"picked":"Sweeping Beam+1","floor":30},{"not_picked":["Creative AI","Multi-Cast"],"picked":"Echo Form","floor":33}],"player_experience":1163805,"relics_obtained":[{"floor":7,"key":"Girya"},{"floor":9,"key":"Dead Branch"},{"floor":14,"key":"Old Coin"},{"floor":25,"key":"Happy Flower"},{"floor":26,"key":"Blood Vial"}],"event_choices":[{"damage_healed":0,"gold_gain":0,"player_choice":"Obtained Relic","damage_taken":0,"relics_obtained":["Bird Faced Urn"],"max_hp_gain":0,"max_hp_loss":0,"event_name":"Addict","floor":20,"gold_loss":85},{"damage_healed":0,"gold_gain":0,"player_choice":"Ignored","damage_taken":0,"max_hp_gain":0,"max_hp_loss":0,"event_name":"Cursed Tome","floor":21,"gold_loss":0},{"damage_healed":0,"gold_gain":0,"player_choice":"Copied","damage_taken":0,"max_hp_gain":0,"max_hp_loss":0,"event_name":"Duplicator","floor":24,"gold_loss":0,"cards_obtained":["Doom and Gloom"]},{"cards_removed":["Strike_B"],"damage_healed":0,"gold_gain":0,"player_choice":"Offered Basic","damage_taken":0,"max_hp_gain":0,"max_hp_loss":0,"event_name":"Bonfire Elementals","floor":31,"gold_loss":0}],"is_beta":false,"boss_relics":[{"not_picked":["Runic Dome","Ectoplasm"],"picked":"Snecko Eye"},{"not_picked":["Orrery","Pandora\u0027s Box"],"picked":"Inserter"}],"items_purged_floors":[5],"is_endless":false,"potions_floor_spawned":[1,7,12,13,18,33],"killed_by":"3 Darklings","ascension_level":20}