{"gold_per_floor":[114,114,189,189,204,229,229,247,277,277,288,288,302,321,321,321],"floor_reached":16,"playtime":546,"items_purged":[],"score":222,"play_id":"3afcab4c-f89f-486b-87b9-715a6a6955a3","local_time":"20190430185249","is_ascension_mode":true,"campfire_choices":[{"data":"Zap","floor":7,"key":"SMITH"},{"data":"Hologram","floor":12,"key":"SMITH"},{"floor":15,"key":"REST"}],"neow_cost":"NONE","seed_source_timestamp":90396687923048,"circlet_count":0,"master_deck":["AscendersBane","Strike_B","Strike_B","Strike_B","Defend_B","Defend_B","Defend_B","Defend_B","Zap+1","Dualcast","Conserve Battery","Glacier","Hologram+1","Gash","Beam Cell","Hologram","Gash"],"relics":["Cracked Core","NeowsBlessing","Question Card","Tiny Chest","Ornamental Fan"],"potions_floor_usage":[16],"damage_taken":[{"damage":0,"enemies":"Jaw Worm","floor":1,"turns":1},{"damage":0,"enemies":"2 Louse","floor":5,"turns":1},{"damage":0,"enemies":"Gremlin Nob","floor":6,"turns":1},{"damage":1,"enemies":"Small Slimes","floor":8,"turns":3},{"damage":4,"enemies":"Exordium Wildlife","floor":11,"turns":5},{"damage":2,"enemies":"2 Fungi Beasts","floor":13,"turns":4},{"damage":6,"enemies":"3 Louse","floor":14,"turns":3},{"damage":12,"enemies":"Slime Boss","floor":16,"turns":6}],"seed_played":"-8454076025910480205","potions_obtained":[{"floor":1,"key":"Explosive Potion"},{"floor":13,"key":"PowerPotion"}],"is_trial":false,"path_per_floor":["M","?","?","?","M","E","R","M","T","T","M","R","M","M","R","B"],"character_chosen":"DEFECT","items_purchased":[],"campfire_rested":1,"item_purchase_floors":[],"current_hp_per_floor":[64,69,58,51,51,51,51,50,50,50,46,46,44,38,60,48],"gold":321,"neow_bonus":"THREE_ENEMY_KILL","is_prod":false,"is_daily":false,"chose_seed":false,"campfire_upgraded":2,"win_rate":0,"timestamp":1556675569,"path_taken":["M","?","?","?","M","E","R","M","T","?","M","R","?","M","R","BOSS"],"build_version":"2019-01-23","purchased_purges":0,"victory":false,"max_hp_per_floor":[71,76,76,76,76,76,76,76,76,76,76,76,76,76,76,76],"card_choices":[{"not_picked":["Steam Power","Barrage"],"picked":"Conserve Battery","floor":1},{"not_picked":["Steam","Compile Driver"],"picked":"Glacier","floor":5},{"not_picked":["Auto Shields","Reprogram"],"picked":"Hologram","floor":6},{"not_picked":["Reprogram","Redo","Meteor Strike"],"picked":"Gash","floor":8},{"not_picked":["Compile Driver","Ball Lightning","Turbo"],"picked":"Beam Cell","floor":11},{"not_picked":["Streamline","Compile Driver","Leap"],"picked":"Hologram","floor":13},{"not_picked":["Redo","Stack","Skim"],"picked":"Gash","floor":14}],"player_experience":617184,"relics_obtained":[{"floor":6,"key":"Question Card"},{"floor":9,"key":"Tiny Chest"},{"floor":10,"key":"Ornamental Fan"}],"event_choices":[{"damage_healed":0,"gold_gain":0,"player_choice":"Donut","damage_taken":0,"max_hp_gain":5,"max_hp_loss":0,"event_name":"Big Fish","floor":2,"gold_loss":0},{"damage_healed":0,"gold_gain":75,"player_choice":"Gather Gold","damage_taken":11,"max_hp_gain":0,"max_hp_loss":0,"event_name":"World of Goop","floor":3,"gold_loss":0},{"cards_removed":["Strike_B"],"damage_healed":0,"gold_gain":0,"player_choice":"Card Removal","damage_taken":7,"max_hp_gain":0,"max_hp_loss":0,"event_name":"Golden Wing","floor":4,"gold_loss":0}],"is_beta":false,"boss_relics":[],"items_purged_floors":[],"is_endless":false,"potions_floor_spawned":[1,13],"killed_by":"Slime Boss","ascension_level":15}