{"gold_per_floor":[111,111,130,13,28,28,39,39,66,66,66,98,98,98,98,175,175,187,201,212,230,245,245,245],"floor_reached":24,"playtime":1265,"items_purged":[],"score":396,"play_id":"070561d4-c453-4a92-bae3-ae341547f8e4","local_time":"20190512035031","is_ascension_mode":true,"campfire_choices":[{"data":"Capacitor","floor":6,"key":"SMITH"},{"data":"Blizzard","floor":8,"key":"SMITH"},{"floor":11,"key":"REST"},{"floor":15,"key":"REST"},{"floor":23,"key":"REST"}],"neow_cost":"CURSE","seed_source_timestamp":273573582678499,"circlet_count":0,"master_deck":["AscendersBane","Strike_B","Strike_B","Strike_B","Defend_B","Defend_B","Defend_B","Zap","Dualcast","Creative AI","Consume+1","Conserve Battery","Coolheaded+1","Glacier","Capacitor+1","FTL","Blizzard+1","Echo Form","Chill","Hologram","Leap","Cold Snap","Undo"],"relics":["Cracked Core","Smiling Mask","Omamori","Philosopher\u0027s Stone"],"potions_floor_usage":[7,20,21,22],"damage_taken":[{"damage":7,"enemies":"Small Slimes","floor":1,"turns":3},{"damage":8,"enemies":"2 Louse","floor":3,"turns":4},{"damage":5,"enemies":"Cultist","floor":5,"turns":6},{"damage":10,"enemies":"Lots of Slimes","floor":7,"turns":5},{"damage":44,"enemies":"Gremlin Nob","floor":12,"turns":5},{"damage":20,"enemies":"The Guardian","floor":16,"turns":39},{"damage":5,"enemies":"Shell Parasite","floor":18,"turns":6},{"damage":25,"enemies":"3 Byrds","floor":19,"turns":5},{"damage":16,"enemies":"Snake Plant","floor":20,"turns":8},{"damage":4,"enemies":"Centurion and Healer","floor":21,"turns":10},{"damage":3,"enemies":"Snecko","floor":22,"turns":9},{"damage":32,"enemies":"Gremlin Leader","floor":24,"turns":7}],"seed_played":"1220049286974885841","potions_obtained":[{"floor":3,"key":"AttackPotion"},{"floor":7,"key":"Swift Potion"},{"floor":12,"key":"EssenceOfSteel"},{"floor":20,"key":"SkillPotion"}],"is_trial":false,"path_per_floor":["M","?","M","$","M","R","M","R","T","?","R","E","?","?","R","B",null,"M","M","M","M","M","R","E"],"character_chosen":"DEFECT","items_purchased":["Glacier","Capacitor"],"campfire_rested":3,"item_purchase_floors":[4,4],"current_hp_per_floor":[57,50,42,42,37,37,27,27,27,27,48,4,27,27,48,28,60,55,30,14,10,7,28,0],"gold":245,"neow_bonus":"TRANSFORM_TWO_CARDS","is_prod":false,"is_daily":false,"chose_seed":false,"campfire_upgraded":2,"win_rate":0,"timestamp":1557625831,"path_taken":["M","?","M","$","M","R","M","R","T","?","R","E","?","?","R","BOSS","M","M","?","M","?","R","E"],"build_version":"2019-01-23","purchased_purges":0,"victory":false,"max_hp_per_floor":[71,71,71,71,71,71,71,71,71,71,71,71,71,71,71,71,71,71,71,71,71,71,71,71],"card_choices":[{"not_picked":["Reprogram","BootSequence"],"picked":"Conserve Battery","floor":1},{"not_picked":["Steam","Steam Power"],"picked":"Coolheaded","floor":3},{"not_picked":["Consume","Turbo"],"picked":"FTL","floor":5},{"not_picked":["Lockon","Steam"],"picked":"Blizzard","floor":7},{"not_picked":["Tempest","Hello World","Turbo"],"picked":"SKIP","floor":12},{"not_picked":["Thunder Strike","Fission"],"picked":"Echo Form","floor":16},{"not_picked":["Reinforced Body","Capacitor"],"picked":"Chill","floor":18},{"not_picked":["Compile Driver+1","Beam Cell"],"picked":"Hologram","floor":19},{"not_picked":["Steam","Force Field"],"picked":"Leap","floor":20},{"not_picked":["Redo","Gash"],"picked":"Cold Snap","floor":21},{"not_picked":["Hologram","Lockon"],"picked":"Undo","floor":22}],"player_experience":660888,"relics_obtained":[{"floor":9,"key":"Smiling Mask"},{"floor":12,"key":"Omamori"}],"event_choices":[{"cards_removed":["Injury"],"damage_healed":0,"gold_gain":0,"player_choice":"Card Removal","damage_taken":7,"max_hp_gain":0,"max_hp_loss":0,"event_name":"Golden Wing","floor":2,"gold_loss":0},{"damage_healed":0,"gold_gain":0,"player_choice":"Grow","damage_taken":0,"max_hp_gain":0,"max_hp_loss":0,"event_name":"Living Wall","floor":10,"gold_loss":0,"cards_upgraded":["Coolheaded"]},{"damage_healed":23,"gold_gain":0,"player_choice":"Banana","damage_taken":0,"max_hp_gain":0,"max_hp_loss":0,"event_name":"Big Fish","floor":13,"gold_loss":0},{"damage_healed":0,"gold_gain":0,"player_choice":"Upgraded","damage_taken":0,"max_hp_gain":0,"max_hp_loss":0,"event_name":"Upgrade Shrine","floor":14,"gold_loss":0,"cards_upgraded":["Consume"]}],"is_beta":false,"boss_relics":[{"not_picked":["Eternal Feather","White Beast Statue"],"picked":"Philosopher\u0027s Stone"}],"items_purged_floors":[],"is_endless":false,"potions_floor_spawned":[3,7,12,20],"killed_by":"Gremlin Leader","ascension_level":20}