{"gold_per_floor":[117,117,392,406,406,439,451,473,510,547,577,612,635,92,92,165,165,178,178,32,32,32,32,62,62,88,88,107,127,127,127,127,202,202,219,234,234,41,52,78,78,105,128,128,48,6,16,26,26,26],"floor_reached":50,"playtime":1825,"items_purged":["Regret","Bite"],"score":1127,"play_id":"65e627dd-ec4c-4704-955d-50717cb410f4","local_time":"20190425015428","is_ascension_mode":true,"campfire_choices":[{"data":"White Noise","floor":7.0,"key":"SMITH"},{"floor":15.0,"key":"REST"},{"data":"Loop","floor":23.0,"key":"SMITH"},{"data":"Loop","floor":25.0,"key":"SMITH"},{"data":"Coolheaded","floor":32.0,"key":"SMITH"},{"data":"Defragment","floor":41.0,"key":"SMITH"},{"floor":44.0,"key":"RECALL"},{"floor":49.0,"key":"REST"}],"neow_cost":"NONE","seed_source_timestamp":0,"circlet_count":0,"master_deck":["AscendersBane","Defend_B+1","Defend_B+1","Defend_B+1","Defend_B+1","Zap","Dualcast","Genetic Algorithm+1","White Noise+1","Loop+1","Machine Learning","Coolheaded","Coolheaded+1","Rebound+1","Biased Cognition","Defragment+1","Loop+1","Self Repair","Bite","Bite","Bite+1","Bite","Undo","Defragment+1","Fission","Conserve Battery+1","Defragment+1","Capacitor+1","Conserve Battery+1"],"special_seed":0,"relics":["Cracked Core","NeowsBlessing","MawBank","Pen Nib","The Courier","DataDisk","Omamori","Oddly Smooth Stone","Juzu Bracelet","Busted Crown","Orichalcum","Bronze Scales","MutagenicStrength","Lizard Tail","PreservedInsect","Peace Pipe","Whetstone"],"potions_floor_usage":[50,50],"damage_taken":[{"damage":0.0,"enemies":"Small Slimes","floor":1.0,"turns":1.0},{"damage":5.0,"enemies":"2 Louse","floor":4.0,"turns":2.0},{"damage":0.0,"enemies":"3 Sentries","floor":6.0,"turns":1.0},{"damage":5.0,"enemies":"Cultist","floor":8.0,"turns":4.0},{"damage":24.0,"enemies":"Lagavulin","floor":10.0,"turns":6.0},{"damage":12.0,"enemies":"3 Louse","floor":11.0,"turns":4.0},{"damage":10.0,"enemies":"Red Slaver","floor":13.0,"turns":5.0},{"damage":3.0,"enemies":"Slime Boss","floor":16.0,"turns":10.0},{"damage":8.0,"enemies":"Spheric Guardian","floor":18.0,"turns":5.0},{"damage":52.0,"enemies":"Book of Stabbing","floor":24.0,"turns":7.0},{"damage":2.0,"enemies":"Chosen","floor":28.0,"turns":4.0},{"damage":4.0,"enemies":"Snecko","floor":29.0,"turns":4.0},{"damage":4.0,"enemies":"Champ","floor":33.0,"turns":18.0},{"damage":23.0,"enemies":"Orb Walker","floor":35.0,"turns":4.0},{"damage":13.0,"enemies":"3 Shapes","floor":36.0,"turns":7.0},{"damage":27.0,"enemies":"Transient","floor":39.0,"turns":6.0},{"damage":19.0,"enemies":"Nemesis","floor":40.0,"turns":7.0},{"damage":16.0,"enemies":"Giant Head","floor":42.0,"turns":7.0},{"damage":26.0,"enemies":"Sphere and 2 Shapes","floor":47.0,"turns":11.0},{"damage":52.0,"enemies":"Spire Growth","floor":48.0,"turns":5.0},{"damage":105,"enemies":"Awakened One","floor":50,"turns":6}],"seed_played":"5433057701184706510","potions_obtained":[{"floor":4.0,"key":"Swift Potion"},{"floor":6.0,"key":"AttackPotion"},{"floor":11.0,"key":"Fire Potion"},{"floor":16.0,"key":"Energy Potion"},{"floor":18.0,"key":"FearPotion"},{"floor":36.0,"key":"Poison Potion"},{"floor":39.0,"key":"SkillPotion"},{"floor":40.0,"key":"FocusPotion"}],"is_trial":false,"path_per_floor":["M","?","?","M","?","E","R","M","T","E","M","T","M","$","R","B",null,"M","?","$","?","?","R","E","R","T","$","M","M","?","?","R","B",null,"M","M","?","$","M","E","R","E","T","R","$","$","M","M","R","B"],"character_chosen":"DEFECT","items_purchased":["DataDisk","Omamori","Oddly Smooth Stone","Juzu Bracelet","Defragment","Loop","Self Repair","Defragment","PreservedInsect","AttackPotion"],"campfire_rested":2,"item_purchase_floors":[14,14,14,14,20,20,20,38,38,46],"current_hp_per_floor":[64,64,64,59,59,59,59,54,54,30,18,18,10,10,31,30,61,55,55,55,55,55,55,22,22,22,22,37,41,41,41,41,54,67,57,52,52,52,46,44,44,47,47,47,47,47,55,17,38,0],"gold":26,"neow_bonus":"THREE_ENEMY_KILL","is_prod":false,"is_daily":false,"chose_seed":false,"campfire_upgraded":5,"win_rate":0,"timestamp":1556150068,"path_taken":["M","?","?","?","?","E","R","M","T","E","?","?","M","$","R","BOSS","M","?","$","?","?","R","E","R","T","$","M","M","?","?","R","BOSS","M","M","?","$","M","E","R","E","T","R","?","$","M","M","R","BOSS"],"build_version":"2019-01-23","purchased_purges":2,"victory":false,"max_hp_per_floor":[71,71,71,71,71,71,71,71,71,71,71,71,71,71,71,71,71,71,71,71,71,71,71,71,71,71,71,71,71,71,71,71,71,71,71,71,71,71,71,71,71,71,71,71,71,71,71,71,71,71],"card_choices":[{"not_picked":["Beam Cell","Lockon"],"picked":"Genetic Algorithm","floor":1.0},{"not_picked":["Blizzard","Cold Snap"],"picked":"Gash","floor":4.0},{"not_picked":["Compile Driver","Chaos"],"picked":"Loop","floor":6.0},{"not_picked":["Coolheaded","Hologram"],"picked":"Machine Learning","floor":8.0},{"not_picked":["Steam","Recycle"],"picked":"Coolheaded","floor":10.0},{"not_picked":["Blizzard","Turbo"],"picked":"Coolheaded","floor":11.0},{"not_picked":["Stack","Leap"],"picked":"Rebound","floor":13.0},{"not_picked":["Core Surge","Multi-Cast"],"picked":"Biased Cognition","floor":16.0},{"not_picked":["Beam Cell"],"picked":"SKIP","floor":18.0},{"not_picked":["Auto Shields"],"picked":"SKIP","floor":24.0},{"not_picked":[],"picked":"Undo","floor":28.0},{"not_picked":["Barrage"],"picked":"SKIP","floor":29.0},{"not_picked":[],"picked":"Fission","floor":33.0},{"not_picked":["Turbo"],"picked":"SKIP","floor":35.0},{"not_picked":[],"picked":"Conserve Battery+1","floor":36.0},{"not_picked":[],"picked":"Capacitor+1","floor":39.0},{"not_picked":["Heatsinks"],"picked":"SKIP","floor":40.0},{"not_picked":["Steam"],"picked":"SKIP","floor":42.0},{"not_picked":["Force Field"],"picked":"SKIP","floor":47.0},{"not_picked":[],"picked":"Conserve Battery+1","floor":48.0}],"player_experience":598798,"relics_obtained":[{"floor":6.0,"key":"MawBank"},{"floor":9.0,"key":"Pen Nib"},{"floor":10.0,"key":"The Courier"},{"floor":12.0,"key":"Blood Vial"},{"floor":24.0,"key":"Orichalcum"},{"floor":26.0,"key":"Bronze Scales"},{"floor":40.0,"key":"Peace Pipe"},{"floor":42.0,"key":"Whetstone"}],"event_choices":[{"damage_healed":0.0,"max_hp_gain":0.0,"max_hp_loss":0.0,"gold_gain":0.0,"event_name":"Living Wall","player_choice":"Grow","floor":2.0,"gold_loss":0.0,"damage_taken":0.0,"cards_upgraded":["Genetic Algorithm"]},{"damage_healed":0.0,"max_hp_gain":0.0,"max_hp_loss":0.0,"gold_gain":275.0,"event_name":"Golden Shrine","player_choice":"Desecrate","floor":3.0,"gold_loss":0.0,"damage_taken":0.0,"cards_obtained":["Regret"]},{"damage_healed":0.0,"max_hp_gain":0.0,"max_hp_loss":0.0,"gold_gain":0.0,"cards_transformed":["Strike_B"],"event_name":"Transmorgrifier","player_choice":"Transformed","floor":5.0,"gold_loss":0.0,"damage_taken":0.0,"cards_obtained":["White Noise"]},{"damage_healed":0.0,"max_hp_gain":0.0,"max_hp_loss":0.0,"gold_gain":0.0,"event_name":"Back to Basics","player_choice":"Simplicity","floor":19.0,"gold_loss":0.0,"damage_taken":0.0,"cards_upgraded":["Strike_B","Strike_B","Strike_B","Defend_B","Defend_B","Defend_B","Defend_B"]},{"damage_healed":0.0,"max_hp_gain":0.0,"max_hp_loss":0.0,"gold_gain":0.0,"event_name":"Vampires","player_choice":"Became a vampire (Vial)","floor":21.0,"relics_lost":["Blood Vial"],"gold_loss":0.0,"damage_taken":0.0,"cards_obtained":["Bite","Bite","Bite","Bite","Bite"]},{"damage_healed":0.0,"max_hp_gain":0.0,"max_hp_loss":0.0,"gold_gain":0.0,"event_name":"Upgrade Shrine","player_choice":"Upgraded","floor":22.0,"gold_loss":0.0,"damage_taken":0.0,"cards_upgraded":["Defragment"]},{"damage_healed":0.0,"max_hp_gain":0.0,"max_hp_loss":0.0,"gold_gain":0.0,"event_name":"Drug Dealer","player_choice":"Inject Mutagens","floor":30.0,"gold_loss":0.0,"damage_taken":0.0,"relics_obtained":["MutagenicStrength"]},{"damage_healed":0.0,"max_hp_gain":0.0,"max_hp_loss":0.0,"gold_gain":0.0,"event_name":"Duplicator","player_choice":"Copied","floor":31.0,"gold_loss":0.0,"damage_taken":0.0,"cards_obtained":["Defragment"]},{"cards_removed":["Gash"],"damage_healed":0.0,"max_hp_gain":0.0,"max_hp_loss":0.0,"gold_gain":0.0,"event_name":"Purifier","player_choice":"Purged","floor":37.0,"gold_loss":0.0,"damage_taken":0.0}],"is_beta":false,"boss_relics":[{"not_picked":["Astrolabe","White Beast Statue"],"picked":"Busted Crown"},{"not_picked":["Eternal Feather","Velvet Choker"],"picked":"Lizard Tail"}],"items_purged_floors":[14,45],"is_endless":false,"potions_floor_spawned":[4,6,11,16,18,28,36,39,40],"killed_by":"Awakened One","ascension_level":20}