{"gold_per_floor":[115,128,128,142,142,142,167,167,218,233,233,2,2,15,15,90,90,103,120,170,190,22,52,52,82,82,102,102,102,102,117,117,192,192,209,209,221,39,94,94,94,94,94,127,127,156,22,40,40,40,40,40,40,40,70,70],"floor_reached":56,"playtime":5422,"items_purged":["Strike_B"],"score":2032,"play_id":"a37ed5de-238d-489c-9803-6408821fdf39","local_time":"20190509212335","is_ascension_mode":true,"campfire_choices":[{"data":"Defragment","floor":6.0,"key":"SMITH"},{"floor":8.0,"key":"REST"},{"data":"Zap","floor":11.0,"key":"SMITH"},{"floor":15.0,"key":"REST"},{"floor":24.0,"key":"REST"},{"data":"Sweeping Beam","floor":28.0,"key":"SMITH"},{"data":"Dualcast","floor":30.0,"key":"SMITH"},{"data":"Loop","floor":32.0,"key":"SMITH"},{"floor":40.0,"key":"RECALL"},{"floor":45,"key":"REST"},{"floor":49,"key":"REST"},{"floor":53,"key":"REST"}],"neow_cost":"NONE","seed_source_timestamp":295207135373100,"circlet_count":0,"master_deck":["AscendersBane","Strike_B","Strike_B","Strike_B","Defend_B","Defend_B","Defend_B","Defend_B","Zap+1","Dualcast+1","Sweeping Beam+1","Defragment+1","Leap","Glacier+1","Hologram+1","Fission+1","White Noise+1","Glacier+1","Electrodynamics","Chill+1","Steam+1","Rebound+1","Echo Form","Genetic Algorithm+1","Loop+1","Fission+1","Coolheaded+1","Coolheaded+1","Decay","Decay","Reinforced Body+1","Fission+1","Force Field+1","Reinforced Body+1"],"special_seed":0,"relics":["Cracked Core","NeowsBlessing","Vajra","Toxic Egg 2","DataDisk","Cursed Key","Bag of Preparation","Art of War","Symbiotic Virus","Fusion Hammer","Potion Belt","Ornamental Fan","Lantern","Letter Opener"],"potions_floor_usage":[44,44,46,46,50],"damage_taken":[{"damage":0.0,"enemies":"Cultist","floor":1.0,"turns":1.0},{"damage":0.0,"enemies":"2 Louse","floor":2.0,"turns":1.0},{"damage":0.0,"enemies":"Jaw Worm","floor":4.0,"turns":1.0},{"damage":31.0,"enemies":"3 Sentries","floor":7.0,"turns":6.0},{"damage":3.0,"enemies":"Large Slime","floor":10.0,"turns":5.0},{"damage":7.0,"enemies":"Exordium Thugs","floor":14.0,"turns":3.0},{"damage":11.0,"enemies":"Slime Boss","floor":16.0,"turns":14.0},{"damage":6.0,"enemies":"2 Thieves","floor":18.0,"turns":3.0},{"damage":3.0,"enemies":"3 Byrds","floor":19.0,"turns":3.0},{"damage":9.0,"enemies":"Snake Plant","floor":21.0,"turns":4.0},{"damage":9.0,"enemies":"Gremlin Leader","floor":23.0,"turns":7.0},{"damage":3.0,"enemies":"Slavers","floor":25.0,"turns":3.0},{"damage":0.0,"enemies":"Chosen and Byrds","floor":27.0,"turns":5.0},{"damage":0.0,"enemies":"Sentry and Sphere","floor":31.0,"turns":7.0},{"damage":0.0,"enemies":"Automaton","floor":33.0,"turns":13.0},{"damage":0.0,"enemies":"3 Darklings","floor":35.0,"turns":7.0},{"damage":0.0,"enemies":"3 Shapes","floor":37.0,"turns":3.0},{"damage":3,"enemies":"Giant Head","floor":44,"turns":32},{"damage":19,"enemies":"Reptomancer","floor":46,"turns":7},{"damage":0,"enemies":"Spire Growth","floor":48,"turns":7},{"damage":75,"enemies":"Awakened One","floor":50,"turns":53},{"damage":0,"enemies":"Time Eater","floor":51,"turns":40},{"damage":26,"enemies":"Shield and Spear","floor":55,"turns":15},{"damage":63,"enemies":"The Heart","floor":56,"turns":14}],"seed_played":"-7109327258793719673","potions_obtained":[{"floor":5.0,"key":"GamblersBrew"},{"floor":5.0,"key":"SkillPotion"},{"floor":7.0,"key":"LiquidBronze"},{"floor":10.0,"key":"Block Potion"},{"floor":23.0,"key":"Fire Potion"},{"floor":25.0,"key":"Energy Potion"},{"floor":35.0,"key":"Dexterity Potion"},{"floor":46,"key":"FairyPotion"}],"is_trial":false,"path_per_floor":["M","M","?","M","?","R","E","R","T","M","R","$","$","M","R","B",null,"M","M","?","M","$","E","R","E","T","M","R","?","R","M","R","B",null,"M","?","M","$","T","R","$","?","T","E","R","E","$","M","R","B","B",null,"R","$","E","B"],"character_chosen":"DEFECT","items_purchased":["Fission+1","White Noise+1","Bag of Preparation","Swift Potion","Explosive Potion","Fission+1","SkillPotion"],"campfire_rested":6,"item_purchase_floors":[12,12,22,38,38,47,47],"current_hp_per_floor":[64,64,38,38,38,38,7,28,28,25,25,25,25,18,39,28,60,54,51,51,42,42,33,54,51,51,51,51,51,51,51,51,51,66,66,66,66,66,66,66,66,66,66,63,71,52,52,52,71,7,7,55,71,71,45,0],"gold":70,"neow_bonus":"THREE_ENEMY_KILL","is_prod":false,"is_daily":false,"chose_seed":false,"campfire_upgraded":5,"win_rate":0,"timestamp":1557404615,"path_taken":["M","M","?","M","?","R","E","R","T","?","R","?","$","M","R","BOSS","M","?","?","M","$","E","R","E","T","M","R","?","R","M","R","BOSS","M","?","M","$","?","R","?","?","T","E","R","E","$","?","R","BOSS","BOSS","R","$","E","BOSS"],"build_version":"2019-01-23","purchased_purges":1,"victory":false,"max_hp_per_floor":[71,71,71,71,71,71,71,71,71,71,71,71,71,71,71,71,71,71,71,71,71,71,71,71,71,71,71,71,71,71,71,71,71,71,71,71,71,71,71,71,71,71,71,71,71,71,71,71,71,71,71,71,71,71,71,71],"card_choices":[{"not_picked":["Coolheaded","Conserve Battery"],"picked":"Sweeping Beam","floor":1.0},{"not_picked":["Lockon","Heatsinks"],"picked":"Defragment","floor":2.0},{"not_picked":["Turbo","Sweeping Beam"],"picked":"Leap","floor":4.0},{"not_picked":["Streamline","Auto Shields"],"picked":"Glacier","floor":7.0},{"not_picked":["Skim+1","Heatsinks"],"picked":"Hologram+1","floor":10.0},{"not_picked":["Go for the Eyes","Force Field+1"],"picked":"Glacier+1","floor":14.0},{"not_picked":["Reboot+1","Machine Learning"],"picked":"Electrodynamics","floor":16.0},{"not_picked":["Streamline","Stack+1"],"picked":"Chill+1","floor":18.0},{"not_picked":["Cold Snap","BootSequence+1"],"picked":"Steam+1","floor":19.0},{"not_picked":["Redo+1","Gash+1"],"picked":"Rebound+1","floor":21.0},{"not_picked":["Chill+1","Barrage"],"picked":"Echo Form","floor":23.0},{"not_picked":["Gash","Sweeping Beam"],"picked":"Genetic Algorithm+1","floor":25.0},{"not_picked":["Static Discharge","Go for the Eyes","BootSequence+1"],"picked":"SKIP","floor":27.0},{"not_picked":["Chaos+1","Streamline"],"picked":"Loop","floor":31.0},{"not_picked":["All For One","Reboot+1"],"picked":"Fission+1","floor":33.0},{"not_picked":["Leap+1","Compile Driver"],"picked":"Coolheaded+1","floor":35.0},{"not_picked":["Recycle+1","Gash+1"],"picked":"Coolheaded+1","floor":37.0},{"not_picked":["Heatsinks","Cold Snap+1"],"picked":"Reinforced Body+1","floor":44},{"not_picked":["Gash","Steam Power+1","Barrage"],"picked":"SKIP","floor":46},{"not_picked":["Cold Snap","Hologram+1"],"picked":"Force Field+1","floor":48},{"not_picked":["Gash+1","Cold Snap"],"picked":"Reinforced Body+1","floor":55}],"player_experience":1310701,"relics_obtained":[{"floor":7.0,"key":"Toxic Egg 2"},{"floor":9.0,"key":"DataDisk"},{"floor":23.0,"key":"Art of War"},{"floor":25.0,"key":"Symbiotic Virus"},{"floor":36.0,"key":"Potion Belt"},{"floor":44,"key":"Ornamental Fan"},{"floor":46,"key":"Lantern"},{"floor":55,"key":"Letter Opener"}],"event_choices":[{"damage_healed":0.0,"max_hp_gain":0.0,"max_hp_loss":0.0,"gold_gain":0.0,"event_name":"Scrap Ooze","player_choice":"Success","floor":3.0,"gold_loss":0.0,"damage_taken":26.0,"relics_obtained":["Vajra"]},{"damage_healed":0.0,"max_hp_gain":0.0,"max_hp_loss":0.0,"gold_gain":0.0,"event_name":"Lab","player_choice":"Got Potions","floor":5.0,"gold_loss":0.0,"damage_taken":0.0},{"damage_healed":0.0,"max_hp_gain":0.0,"max_hp_loss":0.0,"gold_gain":50.0,"event_name":"Nest","player_choice":"Stole From Cult","floor":20.0,"gold_loss":0.0,"damage_taken":0.0},{"damage_healed":0.0,"max_hp_gain":0.0,"max_hp_loss":0.0,"gold_gain":0.0,"event_name":"Vampires","player_choice":"Ignored","floor":29.0,"gold_loss":0.0,"damage_taken":0.0},{"damage_healed":0.0,"max_hp_gain":0.0,"max_hp_loss":0.0,"gold_gain":0.0,"event_name":"Wheel of Change","player_choice":"Relic","floor":36.0,"gold_loss":0.0,"damage_taken":0.0},{"damage_healed":0,"gold_gain":0,"player_choice":"Cursed","damage_taken":0,"max_hp_gain":0,"max_hp_loss":0,"event_name":"Wheel of Change","floor":42,"gold_loss":0,"cards_obtained":["Decay"]}],"is_beta":false,"boss_relics":[{"not_picked":["Astrolabe","White Beast Statue"],"picked":"Cursed Key"},{"not_picked":["Snecko Eye","Coffee Dripper"],"picked":"Fusion Hammer"}],"items_purged_floors":[38],"is_endless":false,"potions_floor_spawned":[7,10,19,23,25,27,35,46],"killed_by":"The Heart","ascension_level":20}