{"gold_per_floor":[116,65,65,65,78,110,110,35,59,59,69,82,82,114,114,185,185,201,38,38,50,64,64,90,90,162,187,204,204,217,267,267,267],"floor_reached":33,"playtime":1063,"items_purged":["Pain"],"score":661,"play_id":"008dcb9a-0aa5-4dc1-ac67-950b691353e4","local_time":"20190427193125","is_ascension_mode":true,"campfire_choices":[{"data":"Ball Lightning","floor":7,"key":"SMITH"},{"data":"Lockon","floor":13,"key":"SMITH"},{"data":"Defragment","floor":15,"key":"SMITH"},{"floor":23,"key":"REST"},{"floor":25,"key":"REST"},{"floor":32,"key":"REST"}],"neow_cost":"NONE","seed_source_timestamp":41349566432210,"circlet_count":0,"master_deck":["AscendersBane","Strike_B","Strike_B","Strike_B","Defend_B","Defend_B","Defend_B","Defend_B","Zap+1","Dualcast","Undo","Ball Lightning+1","Loop","FTL","Defragment+1","Lockon+1","Leap","Biased Cognition+1","Conserve Battery","Conserve Battery+1","Go for the Eyes","Ball Lightning","Cold Snap","Sweeping Beam","Writhe","Cold Snap"],"relics":["Cracked Core","NeowsBlessing","WarpedTongs","Art of War","Blood Vial","Strawberry","Fusion Hammer","Potion Belt","Darkstone Periapt","Pear","Shuriken","Toxic Egg 2"],"potions_floor_usage":[24,28,33,33],"damage_taken":[{"damage":0,"enemies":"Cultist","floor":1,"turns":1},{"damage":0,"enemies":"Jaw Worm","floor":5,"turns":1},{"damage":0,"enemies":"Lagavulin","floor":6,"turns":1},{"damage":2,"enemies":"2 Louse","floor":11,"turns":3},{"damage":0,"enemies":"Exordium Thugs","floor":12,"turns":4},{"damage":12,"enemies":"Gremlin Nob","floor":14,"turns":3},{"damage":13,"enemies":"The Guardian","floor":16,"turns":8},{"damage":14,"enemies":"Shell Parasite","floor":18,"turns":4},{"damage":15,"enemies":"2 Thieves","floor":21,"turns":4},{"damage":7,"enemies":"Cultist and Chosen","floor":22,"turns":4},{"damage":21,"enemies":"Book of Stabbing","floor":24,"turns":5},{"damage":72,"enemies":"Slavers","floor":27,"turns":5},{"damage":9,"enemies":"Snake Plant","floor":28,"turns":4},{"damage":13,"enemies":"Sentry and Sphere","floor":30,"turns":5},{"damage":38,"enemies":"Automaton","floor":33,"turns":6}],"seed_played":"-2241197947970324503","potions_obtained":[{"floor":1,"key":"Regen Potion"},{"floor":11,"key":"PowerPotion"},{"floor":22,"key":"Ancient Potion"},{"floor":24,"key":"Ancient Potion"},{"floor":30,"key":"Weak Potion"}],"is_trial":false,"path_per_floor":["M","$","?","?","M","E","R","$","T","?","M","M","R","E","R","B",null,"M","$","?","M","M","R","E","R","T","E","M","?","M","?","R","B"],"character_chosen":"DEFECT","items_purchased":["Ball Lightning","Potion Belt"],"campfire_rested":3,"item_purchase_floors":[2,19],"current_hp_per_floor":[64,64,64,64,64,64,64,64,64,57,57,59,59,56,56,45,70,58,58,58,45,40,63,44,67,77,7,12,18,7,7,35,0],"gold":267,"neow_bonus":"THREE_ENEMY_KILL","is_prod":false,"is_daily":false,"chose_seed":false,"campfire_upgraded":3,"win_rate":0,"timestamp":1556361085,"path_taken":["M","?","?","?","?","E","R","$","T","?","M","M","R","E","R","BOSS","M","$","?","M","?","R","E","R","T","E","?","?","M","?","R","BOSS"],"build_version":"2019-01-23","purchased_purges":1,"victory":false,"max_hp_per_floor":[71,71,71,71,71,71,71,71,71,71,71,71,71,78,78,78,78,78,78,78,78,78,78,78,78,88,88,88,94,94,94,94,94],"card_choices":[{"not_picked":["Double Energy","Leap"],"picked":"Undo","floor":1},{"not_picked":["Stack","Turbo"],"picked":"Loop","floor":5},{"not_picked":["Steam","Leap"],"picked":"FTL","floor":6},{"not_picked":["Sweeping Beam","Capacitor"],"picked":"Defragment","floor":11},{"not_picked":["Redo","Consume"],"picked":"Lockon","floor":12},{"not_picked":["Skim","Streamline"],"picked":"Leap","floor":14},{"not_picked":["Creative AI","Thunder Strike"],"picked":"Biased Cognition","floor":16},{"not_picked":["Sweeping Beam","Storm"],"picked":"Conserve Battery","floor":18},{"not_picked":["Aggregate","Steam"],"picked":"Conserve Battery+1","floor":21},{"not_picked":["Streamline+1","Barrage"],"picked":"Go for the Eyes","floor":22},{"not_picked":["Recycle","Consume"],"picked":"Ball Lightning","floor":24},{"not_picked":["Leap","Streamline"],"picked":"Cold Snap","floor":27},{"not_picked":["Leap+1","Sunder"],"picked":"Sweeping Beam","floor":28},{"not_picked":["Barrage+1","Compile Driver"],"picked":"Cold Snap","floor":30}],"player_experience":1109309,"relics_obtained":[{"floor":6,"key":"Art of War"},{"floor":9,"key":"Blood Vial"},{"floor":14,"key":"Strawberry"},{"floor":24,"key":"Darkstone Periapt"},{"floor":26,"key":"Pear"},{"floor":27,"key":"Shuriken"}],"event_choices":[{"damage_healed":0,"gold_gain":0,"player_choice":"Grow","damage_taken":0,"max_hp_gain":0,"max_hp_loss":0,"event_name":"Living Wall","floor":3,"gold_loss":0,"cards_upgraded":["Zap"]},{"damage_healed":0,"gold_gain":0,"player_choice":"Rummage","damage_taken":0,"relics_obtained":["WarpedTongs"],"max_hp_gain":0,"max_hp_loss":0,"event_name":"Accursed Blacksmith","floor":4,"gold_loss":0,"cards_obtained":["Pain"]},{"cards_removed":["Strike_B"],"damage_healed":0,"gold_gain":0,"player_choice":"Card Removal","damage_taken":7,"max_hp_gain":0,"max_hp_loss":0,"event_name":"Golden Wing","floor":10,"gold_loss":0},{"damage_healed":0,"gold_gain":0,"player_choice":"Upgraded","damage_taken":0,"max_hp_gain":0,"max_hp_loss":0,"event_name":"Upgrade Shrine","floor":20,"gold_loss":0,"cards_upgraded":["Biased Cognition"]},{"damage_healed":0,"gold_gain":0,"player_choice":"Opened","damage_taken":0,"relics_obtained":["Toxic Egg 2"],"max_hp_gain":0,"max_hp_loss":0,"event_name":"The Mausoleum","floor":29,"gold_loss":0,"cards_obtained":["Writhe"]},{"damage_healed":0,"gold_gain":50,"player_choice":"Pray","damage_taken":0,"max_hp_gain":0,"max_hp_loss":0,"event_name":"Golden Shrine","floor":31,"gold_loss":0}],"is_beta":false,"boss_relics":[{"not_picked":["Calling Bell","Inserter"],"picked":"Fusion Hammer"}],"items_purged_floors":[8],"is_endless":false,"potions_floor_spawned":[1,11,12,14,22,24,30],"killed_by":"Automaton","ascension_level":20}