{"gold_per_floor":[116,116,133,133,283,315,315,182,182,211,105,105,155,165,165,240,240,255,305,305,145,102,102,102],"floor_reached":24,"playtime":573,"items_purged":["Doubt","Strike_G"],"score":450,"play_id":"96359449-dded-4559-bbb5-c51e8b61b01e","local_time":"20190412194259","is_ascension_mode":true,"campfire_choices":[{"data":"Bouncing Flask","floor":7,"key":"SMITH"},{"data":"Footwork","floor":12,"key":"SMITH"},{"floor":15,"key":"REST"},{"data":"Burst","floor":23,"key":"SMITH"}],"neow_cost":"NONE","seed_source_timestamp":107884150946100,"circlet_count":0,"master_deck":["AscendersBane","Defend_G+1","Defend_G+1","Defend_G+1","Defend_G+1","Defend_G+1","Strike_G+1","Strike_G+1","Strike_G+1","Strike_G+1","Survivor","Neutralize","Noxious Fumes+1","Deadly Poison","Bouncing Flask+1","Footwork+1","Skewer","Sucker Punch","Backflip","Burst+1","Dodge and Roll","Leg Sweep"],"relics":["Ring of the Snake","NeowsBlessing","Smiling Mask","Pear","Pocketwatch","Oddly Smooth Stone","PreservedInsect","Sozu","Art of War"],"potions_floor_usage":[24],"damage_taken":[{"damage":0,"enemies":"2 Louse","floor":1,"turns":1},{"damage":0,"enemies":"Jaw Worm","floor":3,"turns":1},{"damage":0,"enemies":"Lagavulin","floor":6,"turns":1},{"damage":22,"enemies":"Gremlin Nob","floor":10,"turns":4},{"damage":0,"enemies":"Cultist","floor":14,"turns":3},{"damage":26,"enemies":"Hexaghost","floor":16,"turns":8},{"damage":15,"enemies":"Shell Parasite","floor":18,"turns":5},{"damage":15,"enemies":"2 Thieves","floor":22,"turns":5},{"damage":41,"enemies":"Gremlin Leader","floor":24,"turns":5}],"seed_played":"260765631942496461","potions_obtained":[{"floor":1,"key":"GamblersBrew"},{"floor":10,"key":"Poison Potion"}],"is_trial":false,"path_per_floor":["M","?","M","?","?","E","R","$","T","E","$","R","T","M","R","B",null,"M","?","?","$","M","R","E"],"character_chosen":"THE_SILENT","items_purchased":["Footwork","Sucker Punch","Art of War"],"campfire_rested":1,"item_purchase_floors":[8,11,21],"current_hp_per_floor":[59,33,33,33,33,43,43,43,43,21,21,21,21,21,43,17,61,46,46,46,46,31,31,0],"gold":102,"neow_bonus":"THREE_ENEMY_KILL","is_prod":false,"is_daily":false,"chose_seed":false,"campfire_upgraded":3,"win_rate":0,"timestamp":1555090979,"path_taken":["M","?","M","?","?","E","R","$","T","E","?","R","?","M","R","BOSS","M","?","?","$","M","R","E"],"build_version":"2019-01-23","purchased_purges":2,"victory":false,"max_hp_per_floor":[66,66,66,66,66,76,76,76,76,76,76,76,76,76,76,76,76,76,76,76,76,76,76,76],"card_choices":[{"not_picked":["Poisoned Stab","Dagger Spray"],"picked":"Noxious Fumes","floor":1},{"not_picked":["Blade Dance","Dodge and Roll"],"picked":"Deadly Poison","floor":3},{"not_picked":["Expertise","Dagger Spray"],"picked":"Bouncing Flask","floor":6},{"not_picked":["All Out Attack","Masterful Stab"],"picked":"Skewer","floor":10},{"not_picked":["Cloak And Dagger","Skewer"],"picked":"Backflip","floor":14},{"not_picked":["Night Terror","Bullet Time"],"picked":"Burst","floor":16},{"not_picked":["Dagger Spray","Eviscerate"],"picked":"Dodge and Roll","floor":18},{"not_picked":["Flechettes","Dagger Spray"],"picked":"Leg Sweep","floor":22}],"player_experience":546144,"relics_obtained":[{"floor":6,"key":"Pear"},{"floor":9,"key":"Pocketwatch"},{"floor":10,"key":"Oddly Smooth Stone"},{"floor":13,"key":"PreservedInsect"}],"event_choices":[{"damage_healed":0,"gold_gain":0,"player_choice":"Success","damage_taken":26,"relics_obtained":["Smiling Mask"],"max_hp_gain":0,"max_hp_loss":0,"event_name":"Scrap Ooze","floor":2,"gold_loss":0},{"damage_healed":0,"gold_gain":0,"player_choice":"Grow","damage_taken":0,"max_hp_gain":0,"max_hp_loss":0,"event_name":"Living Wall","floor":4,"gold_loss":0,"cards_upgraded":["Noxious Fumes"]},{"damage_healed":0,"gold_gain":150,"player_choice":"AGREE","damage_taken":0,"max_hp_gain":0,"max_hp_loss":0,"event_name":"Liars Game","floor":5,"gold_loss":0,"cards_obtained":["Doubt"]},{"damage_healed":0,"gold_gain":50,"player_choice":"Stole From Cult","damage_taken":0,"max_hp_gain":0,"max_hp_loss":0,"event_name":"Nest","floor":19,"gold_loss":0},{"damage_healed":0,"gold_gain":0,"player_choice":"Simplicity","damage_taken":0,"max_hp_gain":0,"max_hp_loss":0,"event_name":"Back to Basics","floor":20,"gold_loss":0,"cards_upgraded":["Defend_G","Defend_G","Defend_G","Defend_G","Defend_G","Strike_G","Strike_G","Strike_G","Strike_G"]}],"is_beta":false,"boss_relics":[{"not_picked":["Snecko Eye","Ectoplasm"],"picked":"Sozu"}],"items_purged_floors":[8,11],"is_endless":false,"potions_floor_spawned":[1,10,14,18],"killed_by":"Gremlin Leader","ascension_level":20}