{"gold_per_floor":[17,17,27,41,59,59,24,50,62,74,99,111,123,155,167,179],"floor_reached":16,"playtime":559,"items_purged":[],"score":204,"play_id":"f5717125-fcc3-44b0-93ab-cc62bea6c4e5","local_time":"20190317184535","is_ascension_mode":true,"campfire_choices":[{"data":"Clothesline","floor":6,"key":"SMITH"},{"data":"Fiend Fire","floor":10,"key":"SMITH"},{"data":"Whirlwind","floor":13,"key":"SMITH"},{"floor":15,"key":"REST"}],"neow_cost":"NO_GOLD","seed_source_timestamp":914082406104940,"circlet_count":0,"master_deck":["AscendersBane","Strike_R","Strike_R","Strike_R","Strike_R","Strike_R","Defend_R","Defend_R","Defend_R","Defend_R","Bash+1","Reaper","Clothesline+1","Dropkick","Metallicize","Fiend Fire+1","Whirlwind+1","Flex"],"relics":["Burning Blood","MawBank","Pantograph"],"potions_floor_usage":[5,8,16],"damage_taken":[{"damage":21,"enemies":"Jaw Worm","floor":1,"turns":5},{"damage":12,"enemies":"Cultist","floor":3,"turns":4},{"damage":11,"enemies":"2 Louse","floor":4,"turns":3},{"damage":28,"enemies":"Exordium Thugs","floor":5,"turns":6},{"damage":32,"enemies":"Gremlin Nob","floor":8,"turns":4},{"damage":11,"enemies":"Looter","floor":11,"turns":2},{"damage":54,"enemies":"Gremlin Gang","floor":14,"turns":4},{"damage":95,"enemies":"The Guardian","floor":16,"turns":14}],"seed_played":"-8249217803668013809","potions_obtained":[{"floor":3,"key":"SkillPotion"},{"floor":5,"key":"Poison Potion"},{"floor":14,"key":"Regen Potion"}],"is_trial":false,"path_per_floor":["M","?","M","M","M","R","?","E","T","R","M","$","R","M","R","B"],"character_chosen":"IRONCLAD","items_purchased":[],"campfire_rested":1,"item_purchase_floors":[],"current_hp_per_floor":[59,59,59,62,52,52,70,48,48,48,43,43,43,11,33,0],"gold":179,"neow_bonus":"THREE_RARE_CARDS","is_prod":false,"is_daily":false,"chose_seed":false,"campfire_upgraded":3,"win_rate":0,"timestamp":1552815935,"path_taken":["M","?","M","M","?","R","?","E","T","R","M","$","R","M","R","BOSS"],"build_version":"2019-01-23","purchased_purges":0,"victory":false,"max_hp_per_floor":[75,75,75,75,75,75,75,75,75,75,75,75,75,75,75,75],"card_choices":[{"not_picked":["Berserk","Impervious"],"picked":"Reaper","floor":0},{"not_picked":["Rampage","Thunderclap"],"picked":"Clothesline","floor":1},{"not_picked":["Power Through","Headbutt"],"picked":"Dropkick","floor":3},{"not_picked":["Perfected Strike","Headbutt","Dual Wield"],"picked":"SKIP","floor":4},{"not_picked":["Headbutt","Iron Wave"],"picked":"Metallicize","floor":5},{"not_picked":["Twin Strike","Thunderclap"],"picked":"Fiend Fire","floor":8},{"not_picked":["Armaments","Thunderclap"],"picked":"Whirlwind","floor":11},{"not_picked":["Cleave","Rupture"],"picked":"Flex","floor":14}],"player_experience":725707,"relics_obtained":[{"floor":8,"key":"MawBank"},{"floor":9,"key":"Pantograph"}],"event_choices":[{"damage_healed":0,"gold_gain":0,"player_choice":"Upgraded","damage_taken":0,"max_hp_gain":0,"max_hp_loss":0,"event_name":"Upgrade Shrine","floor":2,"gold_loss":0,"cards_upgraded":["Bash"]},{"damage_healed":18,"gold_gain":0,"player_choice":"Healed","damage_taken":0,"max_hp_gain":0,"max_hp_loss":0,"event_name":"The Cleric","floor":7,"gold_loss":35}],"is_beta":false,"boss_relics":[],"items_purged_floors":[],"is_endless":false,"potions_floor_spawned":[3,5,14],"killed_by":"The Guardian","ascension_level":20}