{"gold_per_floor":[16,16,91,109,37,37,47,125,125,139,186,218,218,234,234,339,339,358,146,146,166,9,9,29,40,40,40,40,40,70,89,89,190,190,200,200,200,24,36,36,52,70,70,70,70,90,90,190,190,190],"floor_reached":51,"playtime":2678,"items_purged":[],"score":1003,"play_id":"37c1519c-5ba6-43af-9d2a-473544ec85ee","local_time":"20190102115034","is_ascension_mode":true,"campfire_choices":[{"floor":6,"key":"REST"},{"data":"Neutralize","floor":13,"key":"SMITH"},{"data":"Noxious Fumes","floor":15,"key":"SMITH"},{"floor":23,"key":"REST"},{"floor":29,"key":"REST"},{"floor":32,"key":"REST"},{"data":"Burst","floor":40,"key":"SMITH"},{"data":"Dodge and Roll","floor":47,"key":"SMITH"},{"floor":49,"key":"REST"}],"neow_cost":"NO_GOLD","seed_source_timestamp":40173499751436,"circlet_count":0,"master_deck":["Defend_G","Defend_G","Defend_G","Defend_G","Strike_G","Strike_G","Strike_G","Strike_G","Survivor","Neutralize+1","Noxious Fumes+1","Bane","Catalyst+1","Predator","Cloak And Dagger","Bullet Time","Predator","Burst+1","Leg Sweep+1","Mayhem","Well Laid Plans","Riddle With Holes","Outmaneuver","Terror","Dodge and Roll+1","Underhanded Strike","Malaise","Leg Sweep+1","Violence","Choke","Bouncing Flask+1","Deadly Poison+1","PiercingWail+1","Predator","Underhanded Strike+1"],"relics":["Ring of the Snake","Tiny Chest","Paper Crane","PreservedInsect","Juzu Bracelet","Snecko Eye","Enchiridion","Snake Skull","Blood Vial","Boot","Cursed Key","Torii"],"potions_floor_usage":[12,16,21,24,30,50,50,50],"damage_taken":[{"damage":8,"enemies":"Jaw Worm","floor":1,"turns":6},{"damage":6,"enemies":"2 Louse","floor":4,"turns":3},{"damage":0,"enemies":"Cultist","floor":7,"turns":3},{"damage":6,"enemies":"Exordium Wildlife","floor":10,"turns":5},{"damage":8,"enemies":"Lagavulin","floor":12,"turns":5},{"damage":6,"enemies":"3 Louse","floor":14,"turns":3},{"damage":23,"enemies":"Slime Boss","floor":16,"turns":11},{"damage":6,"enemies":"Chosen","floor":18,"turns":4},{"damage":0,"enemies":"2 Thieves","floor":21,"turns":4},{"damage":24,"enemies":"Snake Plant","floor":24,"turns":3},{"damage":15,"enemies":"Sentry and Sphere","floor":25,"turns":4},{"damage":1,"enemies":"Gremlin Leader","floor":30,"turns":3},{"damage":7,"enemies":"Cultist and Chosen","floor":31,"turns":4},{"damage":18,"enemies":"Champ","floor":33,"turns":5},{"damage":0,"enemies":"3 Shapes","floor":35,"turns":3},{"damage":0,"enemies":"Orb Walker","floor":39,"turns":3},{"damage":3,"enemies":"Transient","floor":41,"turns":5},{"damage":24,"enemies":"4 Shapes","floor":42,"turns":6},{"damage":0,"enemies":"Maw","floor":46,"turns":6},{"damage":0,"enemies":"Mind Bloom Boss Battle","floor":48,"turns":5},{"damage":20,"enemies":"Time Eater","floor":50,"turns":7}],"seed_played":"-8083657332357545655","potions_obtained":[{"floor":4,"key":"Block Potion"},{"floor":10,"key":"Block Potion"},{"floor":12,"key":"LiquidBronze"},{"floor":16,"key":"AttackPotion"},{"floor":24,"key":"EssenceOfSteel"},{"floor":30,"key":"Block Potion"},{"floor":39,"key":"Dexterity Potion"}],"is_trial":false,"path_per_floor":["M","?","?","M","$","R","M","T","T","M","T","E","R","M","R","B",null,"M","$","?","M","$","R","M","M","T","$","?","R","E","M","R","B",null,"M","?","?","$","M","R","M","M","T","$","?","M","R","?","R","B",null],"character_chosen":"THE_SILENT","items_purchased":["Catalyst","Mayhem","Well Laid Plans","Snake Skull","Dexterity Potion","Choke","Block Potion"],"campfire_rested":5,"item_purchase_floors":[5,19,19,22,38,38,38],"current_hp_per_floor":[55,55,44,38,38,59,59,59,59,53,53,45,45,39,39,16,57,51,51,35,35,35,56,32,17,17,17,17,38,39,34,55,39,62,64,64,64,64,66,66,63,41,41,41,41,43,43,45,64,46],"gold":190,"neow_bonus":"REMOVE_TWO","is_prod":false,"is_daily":false,"chose_seed":false,"campfire_upgraded":4,"win_rate":0,"timestamp":1546397434,"path_taken":["M","?","?","M","?","R","M","?","T","?","?","E","R","M","R","BOSS","M","$","?","M","$","R","M","M","T","$","?","R","E","M","R","BOSS","M","?","?","$","M","R","M","M","T","$","?","M","R","?","R","BOSS"],"build_version":"2018-12-20","purchased_purges":0,"victory":true,"max_hp_per_floor":[70,70,70,70,70,70,70,70,70,70,70,70,70,70,70,70,70,70,70,70,70,70,70,70,70,70,70,70,70,70,70,70,70,70,70,70,66,66,66,66,66,66,66,66,66,66,66,66,66,66],"card_choices":[{"not_picked":["Prepared","Calculated Gamble"],"picked":"Noxious Fumes","floor":1},{"not_picked":["PiercingWail","Reflex"],"picked":"Bane","floor":4},{"not_picked":["Backstab","Choke"],"picked":"Predator","floor":7},{"not_picked":["Sucker Punch","Reflex"],"picked":"Cloak And Dagger","floor":10},{"not_picked":["Infinite Blades","Predator"],"picked":"Bullet Time","floor":12},{"not_picked":["Dagger Spray","Choke"],"picked":"Predator","floor":14},{"not_picked":["Die Die Die","Doppelganger"],"picked":"Burst","floor":16},{"not_picked":["Flechettes","PiercingWail"],"picked":"Leg Sweep+1","floor":18},{"not_picked":["Cloak And Dagger","Deflect"],"picked":"Riddle With Holes","floor":21},{"not_picked":["Sucker Punch+1","Quick Slash"],"picked":"Outmaneuver","floor":24},{"not_picked":["PiercingWail","Expertise"],"picked":"Terror","floor":25},{"not_picked":["Heel Hook","Prepared"],"picked":"Dodge and Roll","floor":30},{"not_picked":["Distraction","Burst"],"picked":"Underhanded Strike","floor":31},{"not_picked":["Wraith Form v2","Envenom"],"picked":"Malaise","floor":33},{"not_picked":["Reflex+1","Deadly Poison"],"picked":"Leg Sweep","floor":35},{"not_picked":["Purity","Good Instincts"],"picked":"Violence","floor":36},{"not_picked":["Well Laid Plans+1","Choke"],"picked":"Bouncing Flask+1","floor":39},{"not_picked":["Poisoned Stab+1","Deflect"],"picked":"Deadly Poison+1","floor":41},{"not_picked":["Reflex","Prepared"],"picked":"PiercingWail+1","floor":42},{"not_picked":["After Image","Blade Dance+1"],"picked":"Predator","floor":46},{"not_picked":["Slice","Dagger Spray"],"picked":"Underhanded Strike+1","floor":48}],"player_experience":309172,"relics_obtained":[{"floor":8,"key":"Tiny Chest"},{"floor":9,"key":"Paper Crane"},{"floor":11,"key":"PreservedInsect"},{"floor":12,"key":"Juzu Bracelet"},{"floor":20,"key":"Enchiridion"},{"floor":26,"key":"Blood Vial"},{"floor":30,"key":"Boot"},{"floor":48,"key":"Torii"}],"event_choices":[{"damage_healed":0,"gold_gain":0,"player_choice":"Ignored","damage_taken":0,"max_hp_gain":0,"max_hp_loss":0,"event_name":"Liars Game","floor":2,"gold_loss":0},{"damage_healed":0,"gold_gain":75,"player_choice":"Gather Gold","damage_taken":11,"max_hp_gain":0,"max_hp_loss":0,"event_name":"World of Goop","floor":3,"gold_loss":0},{"damage_healed":0,"gold_gain":0,"player_choice":"Obtained Book","damage_taken":16,"max_hp_gain":0,"max_hp_loss":0,"event_name":"Cursed Tome","floor":20,"gold_loss":0},{"damage_healed":0,"gold_gain":0,"player_choice":"Upgraded","damage_taken":0,"max_hp_gain":0,"max_hp_loss":0,"event_name":"Upgrade Shrine","floor":28,"gold_loss":0,"cards_upgraded":["Catalyst"]},{"damage_healed":0,"gold_gain":0,"player_choice":"Memory 1","damage_taken":0,"max_hp_gain":0,"max_hp_loss":0,"event_name":"SensoryStone","floor":36,"gold_loss":0},{"damage_healed":0,"gold_gain":0,"player_choice":"Max HP","damage_taken":0,"max_hp_gain":0,"max_hp_loss":4,"event_name":"Winding Halls","floor":37,"gold_loss":0},{"damage_healed":0,"gold_gain":0,"player_choice":"Forge","damage_taken":0,"max_hp_gain":0,"max_hp_loss":0,"event_name":"Accursed Blacksmith","floor":45,"gold_loss":0,"cards_upgraded":["Leg Sweep"]},{"damage_healed":0,"gold_gain":0,"player_choice":"Fight","damage_taken":0,"max_hp_gain":0,"max_hp_loss":0,"event_name":"MindBloom","floor":48,"gold_loss":0}],"is_beta":false,"boss_relics":[{"not_picked":["Runic Pyramid","Calling Bell"],"picked":"Snecko Eye"},{"not_picked":["Sozu","Pandora\u0027s Box"],"picked":"Cursed Key"}],"items_purged_floors":[],"is_endless":false,"potions_floor_spawned":[4,10,12,16,24,30,39,42],"ascension_level":9}