{"gold_per_floor":[118,118,138,154,154,187,187,199,224,235,235,13,13,42,42,139,189,203,203,216,16,16,16,43,43,69,85,112,112,12,30,30,134,134,146,163,163,183,183],"floor_reached":39,"playtime":3599,"items_purged":["Shame"],"score":429,"play_id":"21767326-9da9-498c-92e2-ac427cbad3d0","local_time":"20190504190212","is_ascension_mode":true,"campfire_choices":[{"floor":7,"key":"RECALL"},{"floor":11,"key":"REST"},{"data":"Neutralize","floor":15,"key":"SMITH"},{"data":"Footwork","floor":23,"key":"SMITH"},{"data":"Adrenaline","floor":25,"key":"SMITH"},{"floor":29,"key":"REST"},{"data":"Deadly Poison","floor":32,"key":"SMITH"}],"neow_cost":"CURSE","seed_source_timestamp":68261858578500,"circlet_count":0,"master_deck":["Defend_G","Defend_G","Defend_G","Defend_G","Defend_G","Strike_G","Strike_G","Strike_G","Strike_G","Strike_G","Survivor","Neutralize+1","Dagger Spray","Dash+1","Backflip","Cloak And Dagger","Noxious Fumes","Adrenaline+1","Envenom","Outmaneuver","Footwork+1","RitualDagger","Blur","Blade Dance","Backstab","Masterful Stab","Deadly Poison+1","A Thousand Cuts","Deflect+1","Finisher+1","Catalyst"],"relics":["Ring of the Snake","FossilizedHelix","Happy Flower","Regal Pillow","Pen Nib","Potion Belt","Tiny House","Bronze Scales","Ancient Tea Set","Anchor"],"potions_floor_usage":[14,14,16,20,24,24,24,24,31,33,36],"damage_taken":[{"damage":0,"enemies":"Jaw Worm","floor":1,"turns":6},{"damage":0,"enemies":"Small Slimes","floor":3,"turns":3},{"damage":0,"enemies":"2 Louse","floor":4,"turns":3},{"damage":25,"enemies":"3 Sentries","floor":6,"turns":13},{"damage":0,"enemies":"Looter","floor":8,"turns":4},{"damage":0,"enemies":"Red Slaver","floor":10,"turns":5},{"damage":5,"enemies":"Lagavulin","floor":14,"turns":4},{"damage":27,"enemies":"Hexaghost","floor":16,"turns":10},{"damage":3,"enemies":"Spheric Guardian","floor":18,"turns":7},{"damage":1,"enemies":"Chosen","floor":20,"turns":8},{"damage":18,"enemies":"Gremlin Leader","floor":24,"turns":5},{"damage":18,"enemies":"Snake Plant","floor":27,"turns":5},{"damage":0,"enemies":"Cultist and Chosen","floor":31,"turns":7},{"damage":50,"enemies":"Collector","floor":33,"turns":12},{"damage":0,"enemies":"3 Shapes","floor":35,"turns":7},{"damage":24,"enemies":"3 Darklings","floor":36,"turns":6},{"damage":20,"enemies":"4 Shapes","floor":38,"turns":4},{"damage":35,"enemies":"Writhing Mass","floor":39,"turns":4}],"seed_played":"-5891473775442137879","potions_obtained":[{"floor":4,"key":"Strength Potion"},{"floor":6,"key":"FearPotion"},{"floor":10,"key":"AttackPotion"},{"floor":17,"key":"Energy Potion"},{"floor":20,"key":"SkillPotion"},{"floor":27,"key":"GamblersBrew"},{"floor":36,"key":"Dexterity Potion"}],"is_trial":false,"path_per_floor":["M","?","M","M","?","E","R","M","T","M","R","$","$","E","R","B",null,"M","?","M","$","?","R","E","R","T","M","T","R","$","M","R","B",null,"M","M","?","M","M"],"character_chosen":"THE_SILENT","items_purchased":["Pen Nib","EssenceOfSteel","Poison Potion","Fire Potion","Blade Dance","Dexterity Potion","Dexterity Potion"],"campfire_rested":2,"item_purchase_floors":[12,21,21,21,21,30,30],"current_hp_per_floor":[70,70,70,70,63,38,38,38,38,38,70,70,70,65,65,38,75,72,66,65,65,65,65,47,47,47,29,29,66,66,66,66,16,75,75,51,51,31,0],"gold":183,"neow_bonus":"ONE_RARE_RELIC","is_prod":false,"is_daily":false,"chose_seed":false,"campfire_upgraded":4,"win_rate":0,"timestamp":1556989332,"path_taken":["M","?","M","M","?","E","R","M","T","M","R","?","$","E","R","BOSS","M","?","M","$","?","R","E","R","T","M","?","R","?","M","R","BOSS","M","M","?","M","M"],"build_version":"2019-01-23","purchased_purges":1,"victory":false,"max_hp_per_floor":[70,70,70,70,70,70,70,70,70,70,70,70,70,70,70,70,75,75,75,75,75,75,75,75,75,75,75,75,75,75,75,75,75,75,75,75,75,75,75],"card_choices":[{"not_picked":["Poisoned Stab","Choke"],"picked":"Dagger Spray","floor":1},{"not_picked":["Crippling Poison","Dagger Spray"],"picked":"Dash","floor":3},{"not_picked":["Cloak And Dagger","Acrobatics"],"picked":"Backflip","floor":4},{"not_picked":["Escape Plan","Bane"],"picked":"Cloak And Dagger","floor":6},{"not_picked":["Deflect","Flying Knee"],"picked":"Noxious Fumes","floor":8},{"not_picked":["Dagger Spray","Acrobatics"],"picked":"Adrenaline","floor":10},{"not_picked":["Prepared","Escape Plan","Heel Hook"],"picked":"SKIP","floor":14},{"not_picked":["Phantasmal Killer","Die Die Die"],"picked":"Envenom","floor":16},{"not_picked":["Deflect","Acrobatics"],"picked":"Outmaneuver","floor":17},{"not_picked":["Noxious Fumes","Sucker Punch"],"picked":"Footwork","floor":18},{"not_picked":["All Out Attack","Dagger Spray"],"picked":"Blur","floor":20},{"not_picked":["Reflex","Cloak And Dagger"],"picked":"Backstab","floor":24},{"not_picked":["Quick Slash+1","Slice"],"picked":"Masterful Stab","floor":27},{"not_picked":["Prepared","Backflip"],"picked":"Deadly Poison","floor":31},{"not_picked":["Die Die Die","Storm of Steel"],"picked":"A Thousand Cuts","floor":33},{"not_picked":["Slice","Flying Knee+1"],"picked":"Deflect+1","floor":35},{"not_picked":["Quick Slash+1","Backstab"],"picked":"Finisher+1","floor":36},{"not_picked":["Dagger Spray","Deflect"],"picked":"Catalyst","floor":38}],"player_experience":233201,"relics_obtained":[{"floor":6,"key":"Regal Pillow"},{"floor":14,"key":"Potion Belt"},{"floor":24,"key":"Bronze Scales"},{"floor":26,"key":"Ancient Tea Set"},{"floor":28,"key":"Anchor"}],"event_choices":[{"damage_healed":0,"gold_gain":0,"player_choice":"Ignored","damage_taken":0,"max_hp_gain":0,"max_hp_loss":0,"event_name":"Golden Wing","floor":2,"gold_loss":0},{"damage_healed":0,"gold_gain":0,"player_choice":"Success","damage_taken":7,"relics_obtained":["Happy Flower"],"max_hp_gain":0,"max_hp_loss":0,"event_name":"Scrap Ooze","floor":5,"gold_loss":0},{"damage_healed":0,"gold_gain":0,"player_choice":"Joined the Cult","damage_taken":6,"max_hp_gain":0,"max_hp_loss":0,"event_name":"Nest","floor":19,"gold_loss":0,"cards_obtained":["RitualDagger"]},{"damage_healed":0,"gold_gain":0,"player_choice":"Ignored","damage_taken":0,"max_hp_gain":0,"max_hp_loss":0,"event_name":"Beggar","floor":22,"gold_loss":0},{"damage_healed":0,"gold_gain":0,"player_choice":"Ignored","damage_taken":0,"max_hp_gain":0,"max_hp_loss":0,"event_name":"Tomb of Lord Red Mask","floor":37,"gold_loss":0}],"is_beta":false,"boss_relics":[{"not_picked":["Cursed Key","Runic Dome"],"picked":"Tiny House"},{"not_picked":["Velvet Choker","Fusion Hammer","Coffee Dripper"]}],"items_purged_floors":[12],"is_endless":false,"potions_floor_spawned":[4,6,10,20,27,36],"killed_by":"Writhing Mass","ascension_level":1}