{"gold_per_floor":[114,134,147,72,72,72,102,102,126,126,91,165,165,180,180,252,252,265,180,137,155,155,155,174,174,198,37,48,48,78,78],"floor_reached":31,"playtime":978,"items_purged":["Strike_B"],"score":477,"play_id":"95e8d193-d240-4362-a811-102407b621f1","local_time":"20190215095115","is_ascension_mode":true,"campfire_choices":[{"data":"Dualcast","floor":6,"key":"SMITH"},{"data":"Ball Lightning","floor":8,"key":"SMITH"},{"floor":10,"key":"REST"},{"data":"Defend_B","floor":15,"key":"SMITH"},{"floor":23,"key":"REST"},{"floor":25,"key":"REST"},{"floor":29,"key":"REST"}],"neow_cost":"NONE","seed_source_timestamp":1987280571417809,"circlet_count":0,"master_deck":["AscendersBane","Strike_B","Strike_B","Strike_B","Defend_B+1","Defend_B","Defend_B","Defend_B","Zap+1","Dualcast+1","Hologram","Sunder+1","Ball Lightning+1","All For One","Static Discharge","Go for the Eyes","Decay","Reinforced Body","Defragment"],"relics":["Cracked Core","Strawberry","Bag of Preparation","Velvet Choker","Anchor","Oddly Smooth Stone","Pear"],"potions_floor_usage":[14,30,30],"damage_taken":[{"damage":2,"enemies":"Jaw Worm","floor":1,"turns":4},{"damage":1,"enemies":"2 Louse","floor":2,"turns":2},{"damage":3,"enemies":"Small Slimes","floor":3,"turns":4},{"damage":42,"enemies":"3 Sentries","floor":7,"turns":6},{"damage":2,"enemies":"Exordium Wildlife","floor":14,"turns":3},{"damage":31,"enemies":"The Guardian","floor":16,"turns":10},{"damage":33,"enemies":"Shell Parasite","floor":18,"turns":7},{"damage":6,"enemies":"Spheric Guardian","floor":21,"turns":3},{"damage":8,"enemies":"Snake Plant","floor":24,"turns":2},{"damage":45,"enemies":"Cultist and Chosen","floor":28,"turns":6},{"damage":36,"enemies":"Book of Stabbing","floor":30,"turns":6},{"damage":20,"enemies":"Shelled Parasite and Fungi","floor":31,"turns":3}],"seed_played":"205923597130122250","potions_obtained":[{"floor":1,"key":"SpeedPotion"},{"floor":2,"key":"Dexterity Potion"},{"floor":3,"key":"Block Potion"},{"floor":14,"key":"EssenceOfSteel"},{"floor":18,"key":"SkillPotion"},{"floor":28,"key":"PowerPotion"}],"is_trial":false,"path_per_floor":["M","M","M","$","?","R","E","R","T","R","?","?","?","M","R","B",null,"M","?","$","M","?","R","M","R","T","$","M","R","E","M"],"character_chosen":"DEFECT","items_purchased":["Static Discharge","Reinforced Body","Defragment"],"campfire_rested":4,"item_purchase_floors":[20,27,27],"current_hp_per_floor":[62,61,58,58,58,58,23,23,23,46,65,65,65,63,63,32,67,34,34,34,28,28,51,43,66,66,66,21,44,18,0],"gold":78,"neow_bonus":"UPGRADE_CARD","is_prod":false,"is_daily":false,"chose_seed":false,"campfire_upgraded":3,"win_rate":0,"timestamp":1550191875,"path_taken":["M","M","M","$","?","R","E","R","T","R","?","?","?","M","R","BOSS","M","?","$","M","?","R","M","R","T","?","M","R","E","M"],"build_version":"2019-01-23","purchased_purges":1,"victory":false,"max_hp_per_floor":[71,71,71,71,71,71,78,78,78,78,78,78,78,78,78,78,78,78,78,78,78,78,78,78,78,78,78,78,78,88,88],"card_choices":[{"not_picked":["Blizzard","Steam","Lockon"],"picked":"SKIP","floor":1},{"not_picked":["Go for the Eyes","Compile Driver"],"picked":"Hologram","floor":2},{"not_picked":["White Noise","Barrage"],"picked":"Sunder","floor":3},{"not_picked":["Sunder","Barrage"],"picked":"Ball Lightning","floor":7},{"not_picked":["Undo","Hologram","Cold Snap"],"picked":"SKIP","floor":14},{"not_picked":["Reboot","Multi-Cast"],"picked":"All For One","floor":16},{"not_picked":["Hello World","Chaos","Stack"],"picked":"SKIP","floor":18},{"not_picked":["Ball Lightning","Skim"],"picked":"Go for the Eyes","floor":21},{"not_picked":["Hologram","Redo+1","Sweeping Beam"],"picked":"SKIP","floor":24},{"not_picked":["Ball Lightning","Compile Driver","Scrape"],"picked":"SKIP","floor":28},{"not_picked":["Chill","Rebound","Reboot"],"picked":"SKIP","floor":30}],"player_experience":539360,"relics_obtained":[{"floor":7,"key":"Strawberry"},{"floor":9,"key":"Bag of Preparation"},{"floor":26,"key":"Oddly Smooth Stone"},{"floor":30,"key":"Pear"}],"event_choices":[{"damage_healed":0,"gold_gain":0,"player_choice":"Grow","damage_taken":0,"max_hp_gain":0,"max_hp_loss":0,"event_name":"Living Wall","floor":5,"gold_loss":0,"cards_upgraded":["Sunder"]},{"damage_healed":19,"gold_gain":0,"player_choice":"Healed","damage_taken":0,"max_hp_gain":0,"max_hp_loss":0,"event_name":"The Cleric","floor":11,"gold_loss":35},{"damage_healed":0,"gold_gain":74,"player_choice":"Gained Gold","damage_taken":0,"max_hp_gain":0,"max_hp_loss":0,"event_name":"Golden Wing","floor":12,"gold_loss":0},{"damage_healed":0,"gold_gain":0,"player_choice":"Ignored","damage_taken":0,"max_hp_gain":0,"max_hp_loss":0,"event_name":"Liars Game","floor":13,"gold_loss":0},{"damage_healed":0,"gold_gain":0,"player_choice":"Obtained Relic","damage_taken":0,"relics_obtained":["Anchor"],"max_hp_gain":0,"max_hp_loss":0,"event_name":"Addict","floor":19,"gold_loss":85},{"damage_healed":0,"gold_gain":0,"player_choice":"Smashed Altar","damage_taken":0,"max_hp_gain":0,"max_hp_loss":0,"event_name":"Forgotten Altar","floor":22,"gold_loss":0,"cards_obtained":["Decay"]}],"is_beta":false,"boss_relics":[{"not_picked":["Busted Crown","Black Star"],"picked":"Velvet Choker"}],"items_purged_floors":[4],"is_endless":false,"potions_floor_spawned":[1,2,3,14,18,21,28],"killed_by":"Shelled Parasite and Fungi","ascension_level":18}