{"gold_per_floor":[209,209,209,209,14,14,45,66,91,114,37,57,57,57,57,57],"floor_reached":16,"playtime":363,"items_purged":[],"score":196,"play_id":"883087fc-3ba6-4e50-8dcf-19e636eb87a4","local_time":"20190506230138","is_ascension_mode":true,"campfire_choices":[{"data":"Inflame","floor":6,"key":"SMITH"},{"data":"Shockwave","floor":13,"key":"SMITH"},{"data":"Metallicize","floor":15,"key":"SMITH"}],"neow_cost":"NONE","seed_source_timestamp":170024838361300,"circlet_count":0,"master_deck":["AscendersBane","Strike_R","Strike_R","Strike_R","Strike_R","Strike_R","Defend_R","Defend_R","Defend_R","Defend_R","Bash+1","Ghostly Armor","Inflame+1","Battle Trance","Cleave","Metallicize+1","Shockwave+1"],"special_seed":0,"relics":["Burning Blood","Golden Idol","Red Skull","Ancient Tea Set","Dream Catcher","Bottled Flame"],"potions_floor_usage":[16],"damage_taken":[{"damage":10,"enemies":"2 Louse","floor":1,"turns":3},{"damage":45,"enemies":"3 Sentries","floor":7,"turns":11},{"damage":7,"enemies":"Small Slimes","floor":8,"turns":3},{"damage":0,"enemies":"Cultist","floor":10,"turns":3},{"damage":9,"enemies":"Looter","floor":12,"turns":4},{"damage":28,"enemies":"Hexaghost","floor":16,"turns":9}],"seed_played":"7282642231626388973","potions_obtained":[{"floor":1,"key":"GamblersBrew"},{"floor":7,"key":"SteroidPotion"}],"is_trial":false,"path_per_floor":["M","?","?","?","$","R","E","M","T","M","$","M","R","T","R","B"],"character_chosen":"IRONCLAD","items_purchased":["Inflame","Red Skull","Metallicize"],"campfire_rested":0,"item_purchase_floors":[5,5,11],"current_hp_per_floor":[64,64,64,64,64,64,25,24,24,30,30,27,27,27,27,0],"gold":57,"neow_bonus":"HUNDRED_GOLD","is_prod":false,"is_daily":false,"chose_seed":false,"campfire_upgraded":3,"win_rate":0,"timestamp":1557176498,"path_taken":["M","?","?","?","$","R","E","M","T","M","$","M","R","?","R","BOSS"],"build_version":"2019-01-23","purchased_purges":0,"victory":false,"max_hp_per_floor":[75,75,75,68,68,68,68,68,68,68,68,68,68,68,68,68],"card_choices":[{"not_picked":["Rupture","Warcry"],"picked":"Ghostly Armor","floor":1},{"not_picked":["Body Slam","Heavy Blade"],"picked":"Battle Trance","floor":7},{"not_picked":["Sentinel","Wild Strike","Dual Wield"],"picked":"SKIP","floor":8},{"not_picked":["Shrug It Off","Battle Trance"],"picked":"Cleave","floor":10},{"not_picked":["Headbutt","Cleave"],"picked":"Shockwave","floor":12}],"player_experience":646515,"relics_obtained":[{"floor":7,"key":"Ancient Tea Set"},{"floor":9,"key":"Dream Catcher"},{"floor":14,"key":"Bottled Flame"}],"event_choices":[{"damage_healed":0,"gold_gain":0,"player_choice":"Grow","damage_taken":0,"max_hp_gain":0,"max_hp_loss":0,"event_name":"Living Wall","floor":2,"gold_loss":0,"cards_upgraded":["Bash"]},{"damage_healed":0,"gold_gain":0,"player_choice":"Leave","damage_taken":0,"max_hp_gain":0,"max_hp_loss":0,"event_name":"The Cleric","floor":3,"gold_loss":0},{"damage_healed":0,"gold_gain":0,"player_choice":"Lose Max HP","damage_taken":0,"relics_obtained":["Golden Idol"],"max_hp_gain":0,"max_hp_loss":7,"event_name":"Golden Idol","floor":4,"gold_loss":0}],"is_beta":false,"boss_relics":[],"items_purged_floors":[],"is_endless":false,"potions_floor_spawned":[1,7,8],"killed_by":"Hexaghost","ascension_level":20}