{"gold_per_floor":[116,116,266,282,207,207,241,251,251,285,295,327,327,361,361,361],"floor_reached":16,"playtime":478,"items_purged":[],"score":347,"play_id":"0fa54160-ffe5-46b9-b782-d58c2627c5f1","local_time":"20190408190520","is_ascension_mode":true,"campfire_choices":[{"data":"Zap","floor":6,"key":"SMITH"},{"floor":15,"key":"REST"}],"neow_cost":"NONE","seed_source_timestamp":762540223685300,"circlet_count":0,"master_deck":["AscendersBane","Strike_B","Strike_B","Strike_B","Strike_B","Defend_B","Defend_B","Defend_B","Defend_B","Zap+1","Dualcast","Loop+1","Rebound","Compile Driver","Chill","Leap","Biased Cognition"],"relics":["Cracked Core","NeowsBlessing","Bird Faced Urn","Mango","Bottled Tornado","Singing Bowl","Bag of Preparation","Blue Candle"],"potions_floor_usage":[],"damage_taken":[{"damage":0,"enemies":"2 Louse","floor":1,"turns":1},{"damage":0,"enemies":"Small Slimes","floor":4,"turns":1},{"damage":0,"enemies":"Lagavulin","floor":7,"turns":1},{"damage":6,"enemies":"Cultist","floor":8,"turns":4},{"damage":32,"enemies":"3 Sentries","floor":10,"turns":8},{"damage":0,"enemies":"Looter","floor":11,"turns":3},{"damage":22,"enemies":"Lagavulin","floor":12,"turns":7},{"damage":0,"enemies":"Gremlin Nob","floor":14,"turns":3},{"damage":57,"enemies":"Hexaghost","floor":16,"turns":11}],"seed_played":"418738626483810169","potions_obtained":[{"floor":1,"key":"Ancient Potion"},{"floor":10,"key":"SteroidPotion"}],"is_trial":false,"path_per_floor":["M","?","?","M","?","R","E","M","T","E","M","E","?","E","R","B"],"character_chosen":"DEFECT","items_purchased":[],"campfire_rested":1,"item_purchase_floors":[],"current_hp_per_floor":[64,64,64,64,64,64,64,60,74,44,46,26,21,27,53,0],"gold":361,"neow_bonus":"THREE_ENEMY_KILL","is_prod":false,"is_daily":false,"chose_seed":false,"campfire_upgraded":1,"win_rate":0,"timestamp":1554743120,"path_taken":["M","?","?","M","?","R","E","M","T","E","M","E","?","E","R","BOSS"],"build_version":"2019-01-23","purchased_purges":0,"victory":false,"max_hp_per_floor":[71,71,71,71,71,71,71,71,85,85,85,85,85,87,87,87],"card_choices":[{"not_picked":["Sunder","Compile Driver"],"picked":"Loop","floor":1},{"not_picked":["Barrage","Sweeping Beam"],"picked":"Rebound","floor":4},{"not_picked":["Redo","Doom and Gloom"],"picked":"Compile Driver","floor":7},{"not_picked":["Gash","Compile Driver"],"picked":"Chill","floor":8},{"not_picked":["Consume","Storm"],"picked":"Leap","floor":10},{"not_picked":["Redo","Core Surge","Gash"],"picked":"SKIP","floor":11},{"not_picked":["All For One","Barrage"],"picked":"Biased Cognition","floor":12},{"not_picked":["Rebound","Amplify","Aggregate"],"picked":"Singing Bowl","floor":14}],"player_experience":515657,"relics_obtained":[{"floor":7,"key":"Bird Faced Urn"},{"floor":9,"key":"Mango"},{"floor":10,"key":"Bottled Tornado"},{"floor":12,"key":"Singing Bowl"},{"floor":14,"key":"Blue Candle"}],"event_choices":[{"damage_healed":0,"gold_gain":0,"player_choice":"Grow","damage_taken":0,"max_hp_gain":0,"max_hp_loss":0,"event_name":"Living Wall","floor":2,"gold_loss":0,"cards_upgraded":["Loop"]},{"damage_healed":0,"gold_gain":150,"player_choice":"AGREE","damage_taken":0,"max_hp_gain":0,"max_hp_loss":0,"event_name":"Liars Game","floor":3,"gold_loss":0,"cards_obtained":["Doubt"]},{"cards_removed":["Doubt"],"damage_healed":0,"gold_gain":0,"player_choice":"Card Removal","damage_taken":0,"max_hp_gain":0,"max_hp_loss":0,"event_name":"The Cleric","floor":5,"gold_loss":75},{"damage_healed":0,"gold_gain":0,"player_choice":"Success","damage_taken":5,"relics_obtained":["Bag of Preparation"],"max_hp_gain":0,"max_hp_loss":0,"event_name":"Scrap Ooze","floor":13,"gold_loss":0}],"is_beta":false,"boss_relics":[],"items_purged_floors":[],"is_endless":false,"potions_floor_spawned":[1,10],"killed_by":"Hexaghost","ascension_level":19}