{"gold_per_floor":[219,230,12,25,43,77,90,90,90,102,102,114,143,155,155,230,230,247,197,217,230,35,35,35],"floor_reached":24,"playtime":1495,"items_purged":["Strike_B","Strike_B"],"score":424,"play_id":"77224ae5-0644-4177-bf2f-cc20cf24e091","local_time":"20190428205418","is_ascension_mode":true,"campfire_choices":[{"data":"Zap","floor":8,"key":"SMITH"},{"data":"Defragment","floor":11,"key":"SMITH"},{"data":"Hologram","floor":15,"key":"SMITH"},{"floor":23,"key":"REST"}],"neow_cost":"NONE","seed_source_timestamp":9730963051000,"circlet_count":0,"master_deck":["AscendersBane","Strike_B","Strike_B","Defend_B","Defend_B","Defend_B","Defend_B","Zap+1","Dualcast","Sweeping Beam","Ball Lightning","Self Repair","Coolheaded","Hologram+1","Fission","Conserve Battery","Defragment+1","Barrage","Stack+1","Biased Cognition","Go for the Eyes","Static Discharge","Stack+1","Consume+1"],"relics":["Cracked Core","Ice Cream","Kunai","Toxic Egg 2","Fusion Hammer"],"potions_floor_usage":[5,16,16,21,24],"damage_taken":[{"damage":3,"enemies":"Small Slimes","floor":1,"turns":3},{"damage":1,"enemies":"Cultist","floor":2,"turns":3},{"damage":4,"enemies":"Jaw Worm","floor":4,"turns":4},{"damage":12,"enemies":"Large Slime","floor":5,"turns":5},{"damage":36,"enemies":"Gremlin Nob","floor":6,"turns":4},{"damage":2,"enemies":"3 Louse","floor":7,"turns":3},{"damage":1,"enemies":"2 Fungi Beasts","floor":10,"turns":3},{"damage":6,"enemies":"Exordium Wildlife","floor":12,"turns":3},{"damage":22,"enemies":"3 Sentries","floor":13,"turns":6},{"damage":5,"enemies":"Blue Slaver","floor":14,"turns":2},{"damage":16,"enemies":"The Guardian","floor":16,"turns":10},{"damage":17,"enemies":"3 Byrds","floor":18,"turns":6},{"damage":4,"enemies":"Chosen","floor":20,"turns":5},{"damage":43,"enemies":"Shelled Parasite and Fungi","floor":21,"turns":5},{"damage":35,"enemies":"Slavers","floor":24,"turns":4}],"seed_played":"1564469330510002072","potions_obtained":[{"floor":2,"key":"SpeedPotion"},{"floor":4,"key":"FearPotion"},{"floor":6,"key":"Strength Potion"},{"floor":18,"key":"AttackPotion"}],"is_trial":false,"path_per_floor":["M","M","$","M","M","E","M","R","T","M","R","M","E","M","R","B",null,"M","?","M","M","$","R","E"],"character_chosen":"DEFECT","items_purchased":["Self Repair","Coolheaded","Consume+1","Fire Potion"],"campfire_rested":1,"item_purchase_floors":[3,3,22,22],"current_hp_per_floor":[61,60,60,63,51,22,27,27,27,33,33,34,19,21,21,12,56,46,46,49,13,13,34,0],"gold":35,"neow_bonus":"HUNDRED_GOLD","is_prod":false,"is_daily":false,"chose_seed":false,"campfire_upgraded":3,"win_rate":0,"timestamp":1556452458,"path_taken":["M","M","$","M","M","E","M","R","T","M","R","M","E","M","R","BOSS","M","?","?","M","$","R","E"],"build_version":"2019-01-23","purchased_purges":2,"victory":false,"max_hp_per_floor":[71,71,71,71,71,71,71,71,71,71,71,71,71,71,71,71,71,71,71,71,71,71,71,71],"card_choices":[{"not_picked":["Redo","Stack"],"picked":"Sweeping Beam","floor":1},{"not_picked":["Beam Cell","Stack"],"picked":"Ball Lightning","floor":2},{"not_picked":["Recycle","Beam Cell","Skim"],"picked":"SKIP","floor":4},{"not_picked":["Self Repair","Storm"],"picked":"Hologram","floor":5},{"not_picked":["Turbo","Melter"],"picked":"Fission","floor":6},{"not_picked":["Redo","Beam Cell"],"picked":"Conserve Battery","floor":7},{"not_picked":["Hello World","Steam"],"picked":"Defragment","floor":10},{"not_picked":["Recycle","Aggregate"],"picked":"Barrage","floor":12},{"not_picked":["Sweeping Beam","Lockon","Machine Learning"],"picked":"SKIP","floor":13},{"not_picked":["Sweeping Beam","Streamline"],"picked":"Stack+1","floor":14},{"not_picked":["Echo Form","Buffer"],"picked":"Biased Cognition","floor":16},{"not_picked":["Gash","Redo+1"],"picked":"Go for the Eyes","floor":18},{"not_picked":["Stack+1","Go for the Eyes+1"],"picked":"Static Discharge","floor":20},{"not_picked":["Streamline","Skim+1"],"picked":"Stack+1","floor":21}],"player_experience":1130193,"relics_obtained":[{"floor":6,"key":"Ice Cream"},{"floor":9,"key":"Kunai"},{"floor":13,"key":"Toxic Egg 2"}],"event_choices":[{"damage_healed":0,"gold_gain":0,"player_choice":"Bet on Murderer","damage_taken":0,"max_hp_gain":0,"max_hp_loss":0,"event_name":"The Joust","floor":19,"gold_loss":50}],"is_beta":false,"boss_relics":[{"not_picked":["FrozenCore","Runic Dome"],"picked":"Fusion Hammer"}],"items_purged_floors":[3,22],"is_endless":false,"potions_floor_spawned":[2,4,6,12,18],"killed_by":"Slavers","ascension_level":20}