{"gold_per_floor":[111,123,133,12,12,12,46,59,84,98,98,112,125,153,153,224,224,237,66,66,84,84,109,109,138,161,180,180,130,130,161,161,240,240,257,35,54,54,68,96,11,11,62,62,62,62,62,80,80,80,80,80,80,26,26],"floor_reached":55,"playtime":4172,"items_purged":["Strike_B+1"],"score":1876,"play_id":"13ad52da-8ad0-4851-9ecf-a4365a69b9c3","local_time":"20190506113818","is_ascension_mode":true,"campfire_choices":[{"data":"Sunder","floor":6.0,"key":"SMITH"},{"data":"Defragment","floor":11.0,"key":"SMITH"},{"data":"Consume","floor":15.0,"key":"SMITH"},{"floor":24,"key":"REST"},{"data":"Hologram","floor":30,"key":"SMITH"},{"data":"Sweeping Beam","floor":32,"key":"SMITH"},{"floor":42,"key":"RECALL"},{"floor":45,"key":"REST"},{"data":"Capacitor","floor":47,"key":"SMITH"},{"data":"Seek","floor":49,"key":"SMITH"},{"data":"Coolheaded","floor":53,"key":"SMITH"}],"neow_cost":"NONE","seed_source_timestamp":2136262613500,"circlet_count":0,"master_deck":["AscendersBane","Defend_B+1","Defend_B+1","Defend_B+1","Defend_B+1","Zap","Dualcast+1","Sweeping Beam+1","Undo+1","Conserve Battery","Self Repair","Sunder+1","Gash","Defragment+1","Conserve Battery","Doom and Gloom","Consume+1","Biased Cognition","Reboot+1","Self Repair+1","Echo Form+1","Go for the Eyes+1","Chill","Genetic Algorithm","Hologram+1","Seek+1","Ball Lightning","Coolheaded+1","Multi-Cast","Stack","Coolheaded","Capacitor+1","Reprogram"],"special_seed":0,"relics":["Cracked Core","NeowsBlessing","Orichalcum","War Paint","Ancient Tea Set","Astrolabe","Vajra","Smiling Mask","Bag of Marbles","Omamori","Cursed Key","Bronze Scales","Juzu Bracelet"],"potions_floor_usage":[23,23,39,55,55],"damage_taken":[{"damage":0.0,"enemies":"Small Slimes","floor":1.0,"turns":1.0},{"damage":0.0,"enemies":"2 Louse","floor":2.0,"turns":1.0},{"damage":0.0,"enemies":"Cultist","floor":3.0,"turns":1.0},{"damage":32.0,"enemies":"Gremlin Nob","floor":7.0,"turns":4.0},{"damage":8.0,"enemies":"Exordium Thugs","floor":8.0,"turns":4.0},{"damage":0.0,"enemies":"2 Fungi Beasts","floor":10.0,"turns":3.0},{"damage":4.0,"enemies":"Looter","floor":12.0,"turns":3.0},{"damage":10.0,"enemies":"3 Louse","floor":13.0,"turns":4.0},{"damage":10.0,"enemies":"3 Sentries","floor":14.0,"turns":4.0},{"damage":15.0,"enemies":"Hexaghost","floor":16.0,"turns":8.0},{"damage":35.0,"enemies":"3 Byrds","floor":18.0,"turns":8.0},{"damage":36.0,"enemies":"Spheric Guardian","floor":21.0,"turns":7.0},{"damage":45,"enemies":"Gremlin Leader","floor":23,"turns":8},{"damage":31,"enemies":"Slavers","floor":25,"turns":14},{"damage":31,"enemies":"Shelled Parasite and Fungi","floor":27,"turns":10},{"damage":12,"enemies":"Book of Stabbing","floor":31,"turns":6},{"damage":30,"enemies":"Collector","floor":33,"turns":12},{"damage":7,"enemies":"Orb Walker","floor":35,"turns":4},{"damage":11,"enemies":"3 Shapes","floor":37,"turns":6},{"damage":47,"enemies":"Maw","floor":39,"turns":8},{"damage":35,"enemies":"Reptomancer","floor":40,"turns":8},{"damage":2,"enemies":"3 Darklings","floor":48,"turns":8},{"damage":47,"enemies":"Awakened One","floor":50,"turns":30},{"damage":45,"enemies":"Time Eater","floor":51,"turns":19},{"damage":66,"enemies":"Shield and Spear","floor":55,"turns":3}],"seed_played":"4137855204970699397","potions_obtained":[{"floor":3.0,"key":"Swift Potion"},{"floor":7.0,"key":"Regen Potion"},{"floor":10.0,"key":"PowerPotion"},{"floor":16.0,"key":"SkillPotion"},{"floor":18.0,"key":"SteroidPotion"},{"floor":23,"key":"Dexterity Potion"},{"floor":25,"key":"Fire Potion"}],"is_trial":false,"path_per_floor":["M","M","M","$","?","R","E","M","T","M","R","M","M","E","R","B",null,"M","$","?","M","?","E","R","E","T","M","$","$","R","E","R","B",null,"M","$","M","?","M","E","$","R","T","?","R","?","R","M","R","B","B",null,"R","$","E"],"character_chosen":"DEFECT","items_purchased":["Self Repair","Sunder","Vajra","Bronze Scales","Stack","Capacitor","PowerPotion"],"campfire_rested":2,"item_purchase_floors":[4,4,19,36,36,41,54],"current_hp_per_floor":[64,64,64,64,64,64,39,31,31,38,38,41,38,35,35,42,64,63,63,63,51,51,40,61,64,64,67,67,67,67,71,71,68,70,71,71,71,71,41,26,26,26,26,26,47,47,47,71,71,58,47,65,65,65,0],"gold":26,"neow_bonus":"THREE_ENEMY_KILL","is_prod":false,"is_daily":false,"chose_seed":false,"campfire_upgraded":8,"win_rate":0,"timestamp":1557110298,"path_taken":["M","M","M","$","?","R","E","M","T","M","R","M","M","E","R","BOSS","M","$","?","M","?","E","R","E","T","?","?","$","R","E","R","BOSS","M","$","M","?","M","E","?","R","T","?","R","?","R","M","R","BOSS","BOSS","R","$","E"],"build_version":"2019-01-23","purchased_purges":1,"victory":false,"max_hp_per_floor":[71,71,71,71,71,71,71,71,71,71,71,71,71,71,71,71,71,71,71,71,71,71,71,71,71,71,71,71,71,71,71,71,71,71,71,71,71,71,71,71,71,71,71,71,71,71,71,71,71,71,71,71,71,71,71],"card_choices":[{"not_picked":["Steam","Gash"],"picked":"Sweeping Beam","floor":1.0},{"not_picked":["Skim","Steam"],"picked":"Undo","floor":2.0},{"not_picked":["Rebound","Go for the Eyes"],"picked":"Conserve Battery","floor":3.0},{"not_picked":["Sweeping Beam","Undo"],"picked":"Gash","floor":7.0},{"not_picked":["Lockon","Barrage"],"picked":"Defragment","floor":8.0},{"not_picked":["Barrage","Undo"],"picked":"Conserve Battery","floor":10.0},{"not_picked":["Leap","Gash"],"picked":"Compile Driver","floor":12.0},{"not_picked":["All For One","Rebound"],"picked":"Doom and Gloom","floor":13.0},{"not_picked":["Turbo","Auto Shields"],"picked":"Consume","floor":14.0},{"not_picked":["Creative AI","Hyperbeam"],"picked":"Biased Cognition","floor":16.0},{"not_picked":["Compile Driver","Streamline"],"picked":"Go for the Eyes+1","floor":18.0},{"not_picked":["Conserve Battery","Barrage"],"picked":"Chill","floor":21.0},{"not_picked":["Streamline","Tempest"],"picked":"Seek","floor":23},{"not_picked":["Fusion+1","Hologram"],"picked":"Ball Lightning","floor":25},{"not_picked":["Force Field","Go for the Eyes"],"picked":"Coolheaded","floor":27},{"not_picked":["Redo","Compile Driver+1","Barrage"],"picked":"SKIP","floor":31},{"not_picked":["Rainbow","Biased Cognition"],"picked":"Multi-Cast","floor":33},{"not_picked":["Barrage","Sweeping Beam+1","Rebound"],"picked":"SKIP","floor":35},{"not_picked":["Chaos+1","Hello World+1","Hologram"],"picked":"SKIP","floor":37},{"not_picked":["Sweeping Beam","Recycle","Barrage"],"picked":"SKIP","floor":39},{"not_picked":["Cold Snap","Darkness"],"picked":"Coolheaded","floor":40},{"not_picked":["Steam","Rebound"],"picked":"Reprogram","floor":48}],"player_experience":1242577,"relics_obtained":[{"floor":7.0,"key":"Orichalcum"},{"floor":9.0,"key":"War Paint"},{"floor":14.0,"key":"Ancient Tea Set"},{"floor":25,"key":"Smiling Mask"},{"floor":26,"key":"Bag of Marbles"},{"floor":31,"key":"Omamori"},{"floor":40,"key":"Juzu Bracelet"}],"event_choices":[{"damage_healed":0.0,"max_hp_gain":0.0,"max_hp_loss":0.0,"gold_gain":0.0,"event_name":"Liars Game","player_choice":"Ignored","floor":5.0,"gold_loss":0.0,"damage_taken":0.0},{"damage_healed":0.0,"max_hp_gain":0.0,"max_hp_loss":0.0,"gold_gain":0.0,"event_name":"Back to Basics","player_choice":"Simplicity","floor":20.0,"gold_loss":0.0,"damage_taken":0.0,"cards_upgraded":["Strike_B","Defend_B","Defend_B","Defend_B","Defend_B"]},{"damage_healed":0,"gold_gain":0,"player_choice":"2 cards matched","damage_taken":0,"max_hp_gain":0,"max_hp_loss":0,"event_name":"Match and Keep!","floor":22,"gold_loss":0,"cards_obtained":["Genetic Algorithm","Hologram"]},{"damage_healed":0,"gold_gain":0,"player_choice":"Ignored","damage_taken":0,"max_hp_gain":0,"max_hp_loss":0,"event_name":"SecretPortal","floor":38,"gold_loss":0},{"cards_removed":["Compile Driver"],"damage_healed":0,"gold_gain":0,"player_choice":"Removed Attack","damage_taken":0,"max_hp_gain":0,"max_hp_loss":0,"event_name":"Falling","floor":44,"gold_loss":0},{"damage_healed":0,"gold_gain":0,"player_choice":"Ignored","damage_taken":0,"max_hp_gain":0,"max_hp_loss":0,"event_name":"Mysterious Sphere","floor":46,"gold_loss":0}],"is_beta":false,"boss_relics":[{"not_picked":["Runic Dome","Philosopher\u0027s Stone"],"picked":"Astrolabe"},{"not_picked":["FrozenCore","Fusion Hammer"],"picked":"Cursed Key"}],"items_purged_floors":[29],"is_endless":false,"potions_floor_spawned":[3,7,10,12,16,18,23,25,33,37],"killed_by":"Shield and Spear","ascension_level":20}