{"gold_per_floor":[114,127,52,64,81,109,109,123,123,141,66,95,95,106,106,204,204,224,139,139,154,54,54,79,90,136,146,197,231,231,248,248,248],"floor_reached":33,"playtime":1254,"items_purged":["Strike_R","Strike_R"],"score":359,"play_id":"87ccbd77-8978-4965-8b82-917276d7887a","local_time":"20190509233616","is_ascension_mode":true,"campfire_choices":[{"floor":7,"key":"REST"},{"data":"Shrug It Off","floor":13,"key":"SMITH"},{"data":"Armaments","floor":15,"key":"SMITH"},{"data":"Uppercut","floor":23,"key":"SMITH"},{"data":"Battle Trance","floor":30,"key":"SMITH"},{"floor":32,"key":"REST"}],"neow_cost":"NONE","seed_source_timestamp":274214472770911,"circlet_count":0,"master_deck":["Strike_R","Strike_R","Strike_R","Defend_R","Defend_R","Defend_R","Defend_R","Bash","Cleave","Thunderclap","Armaments+1","Spot Weakness","Anger","Sword Boomerang","Shrug It Off+1","Heavy Blade","Metallicize","Shrug It Off","Clothesline","Battle Trance+1","Uppercut+1","Heavy Blade+1","Power Through"],"relics":["Burning Blood","Boot","Gremlin Horn","Sundial","Velvet Choker","Self Forming Clay","Oddly Smooth Stone","Strawberry","Lantern"],"potions_floor_usage":[10,12,16,24,29,33,33],"damage_taken":[{"damage":6,"enemies":"Cultist","floor":1,"turns":3},{"damage":7,"enemies":"2 Louse","floor":2,"turns":2},{"damage":12,"enemies":"Jaw Worm","floor":4,"turns":2},{"damage":1,"enemies":"Lots of Slimes","floor":5,"turns":2},{"damage":55,"enemies":"Lagavulin","floor":6,"turns":6},{"damage":9,"enemies":"3 Louse","floor":8,"turns":3},{"damage":0,"enemies":"Gremlin Gang","floor":10,"turns":2},{"damage":10,"enemies":"Gremlin Nob","floor":12,"turns":3},{"damage":9,"enemies":"Looter","floor":14,"turns":3},{"damage":10,"enemies":"Hexaghost","floor":16,"turns":8},{"damage":9,"enemies":"3 Byrds","floor":18,"turns":4},{"damage":19,"enemies":"Shell Parasite","floor":21,"turns":5},{"damage":13,"enemies":"Book of Stabbing","floor":24,"turns":5},{"damage":6,"enemies":"3 Cultists","floor":25,"turns":4},{"damage":4,"enemies":"Centurion and Healer","floor":27,"turns":7},{"damage":32,"enemies":"Slavers","floor":29,"turns":6},{"damage":2,"enemies":"Sentry and Sphere","floor":31,"turns":5},{"damage":77,"enemies":"Collector","floor":33,"turns":12}],"seed_played":"-3091209042346299899","potions_obtained":[{"floor":2,"key":"Fire Potion"},{"floor":5,"key":"SteroidPotion"},{"floor":6,"key":"PowerPotion"},{"floor":10,"key":"GamblersBrew"},{"floor":18,"key":"Weak Potion"},{"floor":21,"key":"LiquidBronze"},{"floor":25,"key":"FearPotion"}],"is_trial":false,"path_per_floor":["M","M","$","M","M","E","R","M","T","M","$","E","R","M","R","B",null,"M","?","?","M","$","R","E","M","T","M","T","E","R","M","R","B"],"character_chosen":"IRONCLAD","items_purchased":["Spot Weakness"],"campfire_rested":2,"item_purchase_floors":[3],"current_hp_per_floor":[80,79,79,73,78,29,53,50,50,56,56,52,52,49,49,45,80,77,77,77,64,64,64,57,57,64,66,66,40,40,44,70,0],"gold":248,"neow_bonus":"THREE_CARDS","is_prod":false,"is_daily":false,"chose_seed":false,"campfire_upgraded":4,"win_rate":0,"timestamp":1557459376,"path_taken":["M","M","$","?","M","E","R","M","T","M","$","E","R","M","R","BOSS","M","?","?","M","$","R","E","M","T","M","?","E","R","M","R","BOSS"],"build_version":"2019-01-23","purchased_purges":2,"victory":false,"max_hp_per_floor":[80,80,80,80,80,80,80,80,80,80,80,80,80,80,80,80,80,80,80,80,80,80,80,80,80,87,87,87,87,87,87,87,87],"card_choices":[{"not_picked":["Iron Wave","Rupture"],"picked":"Cleave","floor":0},{"not_picked":["Body Slam","Clash"],"picked":"Thunderclap","floor":1},{"not_picked":["Rupture","Burning Pact"],"picked":"Armaments","floor":2},{"not_picked":["Perfected Strike","Berserk"],"picked":"Anger","floor":4},{"not_picked":["Cleave","Bloodletting"],"picked":"Sword Boomerang","floor":5},{"not_picked":["Dark Embrace","Blood for Blood"],"picked":"Shrug It Off","floor":6},{"not_picked":["Reckless Charge","Warcry"],"picked":"Heavy Blade","floor":8},{"not_picked":["Warcry","Sword Boomerang"],"picked":"Metallicize","floor":10},{"not_picked":["Carnage","Twin Strike"],"picked":"Shrug It Off","floor":12},{"not_picked":["Headbutt","Sword Boomerang"],"picked":"Clothesline","floor":14},{"not_picked":["Twin Strike","Clash","Pommel Strike"],"picked":"SKIP","floor":18},{"not_picked":["Warcry","Body Slam"],"picked":"Uppercut","floor":21},{"not_picked":["Iron Wave","Dropkick","Dual Wield"],"picked":"SKIP","floor":24},{"not_picked":["Flex","Pommel Strike"],"picked":"Heavy Blade+1","floor":25},{"not_picked":["Infernal Blade","Headbutt","Rupture"],"picked":"SKIP","floor":27},{"not_picked":["Rampage","Perfected Strike"],"picked":"Power Through","floor":29},{"not_picked":["Carnage","Clothesline+1","Battle Trance"],"picked":"SKIP","floor":31}],"player_experience":114501,"relics_obtained":[{"floor":6,"key":"Boot"},{"floor":9,"key":"Gremlin Horn"},{"floor":12,"key":"Sundial"},{"floor":24,"key":"Oddly Smooth Stone"},{"floor":26,"key":"Strawberry"},{"floor":29,"key":"Lantern"}],"event_choices":[{"damage_healed":0,"gold_gain":0,"player_choice":"Obtained Relic","damage_taken":0,"relics_obtained":["Self Forming Clay"],"max_hp_gain":0,"max_hp_loss":0,"event_name":"Addict","floor":19,"gold_loss":85},{"damage_healed":0,"gold_gain":0,"player_choice":"Read","damage_taken":0,"max_hp_gain":0,"max_hp_loss":0,"event_name":"The Library","floor":20,"gold_loss":0,"cards_obtained":["Battle Trance"]}],"is_beta":false,"boss_relics":[{"not_picked":["Fusion Hammer","Coffee Dripper"],"picked":"Velvet Choker"}],"items_purged_floors":[11,22],"is_endless":false,"potions_floor_spawned":[2,5,6,10,18,21,25],"killed_by":"Collector","ascension_level":4}