{"gold_per_floor":[116,216,234,246,246,246,262,296,296,309,309,309,334,334,334,408,408,424,22,72,82,82,117,117,117,171,183,183,196,196,39,39,113,113,124,169,169,169,56,56,85,85,85,97,112,130,158,27,27,27,27],"floor_reached":51,"playtime":3062,"items_purged":["Strike_B"],"score":1362,"play_id":"163054b9-643e-4a35-bfdd-0950a4c85952","local_time":"20190405185209","is_ascension_mode":true,"campfire_choices":[{"data":"Zap","floor":6.0,"key":"SMITH"},{"data":"Consume","floor":12.0,"key":"SMITH"},{"data":"Dualcast","floor":15.0,"key":"SMITH"},{"data":"White Noise","floor":24.0,"key":"SMITH"},{"floor":28.0,"key":"REST"},{"data":"Coolheaded","floor":30.0,"key":"SMITH"},{"floor":32.0,"key":"REST"},{"floor":40.0,"key":"REST"},{"floor":42.0,"key":"REST"},{"floor":49,"key":"REST"}],"neow_cost":"NONE","seed_source_timestamp":639351338019343,"circlet_count":0,"master_deck":["AscendersBane","Strike_B","Strike_B","Strike_B","Defend_B","Defend_B","Defend_B","Defend_B","Zap+1","Dualcast+1","Self Repair","Coolheaded+1","Consume+1","Chill","Core Surge","White Noise+1","Ball Lightning","Gash","Cold Snap","Chill","All For One","Go for the Eyes+1","Hologram","Thinking Ahead","Reinforced Body","Barrage+1","Conserve Battery","Blizzard","Gash"],"special_seed":0,"relics":["Cracked Core","NeowsBlessing","Bag of Preparation","Blue Candle","Orichalcum","Vajra","Runic Pyramid","Bag of Marbles","Unceasing Top","Boot","Art of War","Inserter","Emotion Chip","Regal Pillow","Kunai","Frozen Egg 2"],"potions_floor_usage":[47,50,50],"damage_taken":[{"damage":0.0,"enemies":"Cultist","floor":1.0,"turns":1.0},{"damage":0.0,"enemies":"Jaw Worm","floor":3.0,"turns":1.0},{"damage":0.0,"enemies":"2 Louse","floor":4.0,"turns":1.0},{"damage":7.0,"enemies":"Looter","floor":7.0,"turns":3.0},{"damage":28.0,"enemies":"Lagavulin","floor":8.0,"turns":9.0},{"damage":0.0,"enemies":"2 Fungi Beasts","floor":10.0,"turns":3.0},{"damage":14.0,"enemies":"Gremlin Nob","floor":13.0,"turns":6.0},{"damage":23.0,"enemies":"The Guardian","floor":16.0,"turns":16.0},{"damage":0.0,"enemies":"Chosen","floor":18.0,"turns":5.0},{"damage":12.0,"enemies":"Shell Parasite","floor":21.0,"turns":3.0},{"damage":15.0,"enemies":"Book of Stabbing","floor":23.0,"turns":5.0},{"damage":19.0,"enemies":"Snake Plant","floor":27.0,"turns":4.0},{"damage":0.0,"enemies":"Cultist and Chosen","floor":29.0,"turns":6.0},{"damage":51.0,"enemies":"Automaton","floor":33.0,"turns":13.0},{"damage":0.0,"enemies":"3 Shapes","floor":35.0,"turns":6.0},{"damage":63.0,"enemies":"2 Orb Walkers","floor":36.0,"turns":7.0},{"damage":10.0,"enemies":"Giant Head","floor":41.0,"turns":11.0},{"damage":12.0,"enemies":"3 Darklings","floor":44.0,"turns":8.0},{"damage":14.0,"enemies":"Jaw Worm Horde","floor":45.0,"turns":7.0},{"damage":12.0,"enemies":"Transient","floor":46.0,"turns":6.0},{"damage":31,"enemies":"Reptomancer","floor":47,"turns":6},{"damage":57,"enemies":"Time Eater","floor":50,"turns":15},{"damage":18,"enemies":"Donu and Deca","floor":51,"turns":1}],"seed_played":"-7422175272389777396","potions_obtained":[{"floor":1.0,"key":"SkillPotion"},{"floor":7.0,"key":"Block Potion"},{"floor":10.0,"key":"Weak Potion"},{"floor":16.0,"key":"EssenceOfSteel"},{"floor":18.0,"key":"FairyPotion"},{"floor":21.0,"key":"Block Potion"},{"floor":29.0,"key":"FocusPotion"},{"floor":35.0,"key":"SteroidPotion"},{"floor":41.0,"key":"Strength Potion"},{"floor":44.0,"key":"Ancient Potion"}],"is_trial":false,"path_per_floor":["M","?","M","M","?","R","M","E","T","M","?","R","E","?","R","B",null,"M","$","?","M","?","E","R","?","T","M","R","M","R","$","R","B",null,"M","?","?","?","$","R","E","R","T","M","M","M","E","$","R","B","B"],"character_chosen":"DEFECT","items_purchased":["Ball Lightning","Gash","FocusPotion","Bag of Marbles","Art of War","Energy Potion","SpeedPotion","Regen Potion","Gash"],"campfire_rested":5,"item_purchase_floors":[19,19,19,19,31,39,39,48,48],"current_hp_per_floor":[64,64,64,64,64,64,57,36,36,43,43,43,36,36,36,20,58,65,65,65,60,60,52,52,32,32,20,42,49,49,49,71,27,64,71,15,15,15,15,37,34,71,71,66,59,47,16,16,53,18,0],"gold":27,"neow_bonus":"THREE_ENEMY_KILL","is_prod":false,"is_daily":false,"chose_seed":false,"campfire_upgraded":5,"win_rate":0,"timestamp":1554457929,"path_taken":["M","?","M","?","?","R","?","E","T","M","?","R","E","?","R","BOSS","M","$","?","?","?","E","R","?","T","M","R","M","R","$","R","BOSS","M","?","?","?","$","R","E","R","T","M","?","M","E","$","R","BOSS","BOSS"],"build_version":"2019-01-23","purchased_purges":1,"victory":false,"max_hp_per_floor":[71,71,71,71,71,71,71,71,71,71,71,71,71,71,71,71,71,71,71,71,71,71,71,71,76,76,76,76,76,76,76,76,76,76,76,76,76,76,76,76,76,76,76,76,76,76,76,76,76,76,76],"card_choices":[{"not_picked":["Melter","Go for the Eyes"],"picked":"Self Repair","floor":1.0},{"not_picked":["Double Energy","Beam Cell","Recycle"],"picked":"SKIP","floor":3.0},{"not_picked":["Turbo","Gash","Stack"],"picked":"SKIP","floor":4.0},{"not_picked":["Steam","Rip and Tear"],"picked":"Coolheaded","floor":7.0},{"not_picked":["Chaos","Skim","Gash"],"picked":"SKIP","floor":8.0},{"not_picked":["Self Repair","Auto Shields"],"picked":"Consume","floor":10.0},{"not_picked":["Stack","Leap"],"picked":"Chill","floor":13.0},{"not_picked":["Creative AI","Seek"],"picked":"Core Surge","floor":16.0},{"not_picked":["Stack","Chaos"],"picked":"White Noise","floor":18.0},{"not_picked":["Stack","Turbo","Blizzard"],"picked":"SKIP","floor":21.0},{"not_picked":["Thunder Strike","Turbo"],"picked":"Cold Snap","floor":23.0},{"not_picked":["Turbo+1","Rebound","Redo"],"picked":"SKIP","floor":27.0},{"not_picked":["Go for the Eyes","Steam"],"picked":"Chill","floor":29.0},{"not_picked":["Thunder Strike","Rainbow"],"picked":"All For One","floor":33.0},{"not_picked":["Turbo","Chill"],"picked":"Go for the Eyes+1","floor":35.0},{"not_picked":["Streamline","Force Field+1"],"picked":"Hologram","floor":36.0},{"not_picked":["Dramatic Entrance","Mind Blast"],"picked":"Thinking Ahead","floor":37.0},{"not_picked":["Rebound","Leap"],"picked":"Reinforced Body","floor":41.0},{"not_picked":["Lockon","Rebound"],"picked":"Barrage+1","floor":44.0},{"not_picked":["Barrage","Beam Cell","Reinforced Body"],"picked":"SKIP","floor":45.0},{"not_picked":["Coolheaded","Barrage"],"picked":"Conserve Battery","floor":46.0},{"not_picked":["Glacier","Hologram"],"picked":"Blizzard","floor":47}],"player_experience":833779,"relics_obtained":[{"floor":8.0,"key":"Blue Candle"},{"floor":9.0,"key":"Orichalcum"},{"floor":13.0,"key":"Vajra"},{"floor":23.0,"key":"Unceasing Top"},{"floor":26.0,"key":"Boot"},{"floor":36.0,"key":"Emotion Chip"},{"floor":41.0,"key":"Regal Pillow"},{"floor":43.0,"key":"Kunai"},{"floor":47,"key":"Frozen Egg 2"}],"event_choices":[{"damage_healed":0.0,"max_hp_gain":0.0,"max_hp_loss":0.0,"gold_gain":100.0,"event_name":"Wheel of Change","player_choice":"Gold","floor":2.0,"gold_loss":0.0,"damage_taken":0.0},{"damage_healed":0.0,"max_hp_gain":0.0,"max_hp_loss":0.0,"gold_gain":0.0,"event_name":"WeMeetAgain","player_choice":"Gave Potion","floor":5.0,"gold_loss":0.0,"damage_taken":0.0,"relics_obtained":["Bag of Preparation"]},{"damage_healed":0.0,"max_hp_gain":0.0,"max_hp_loss":0.0,"gold_gain":0.0,"event_name":"Golden Wing","player_choice":"Ignored","floor":11.0,"gold_loss":0.0,"damage_taken":0.0},{"damage_healed":0.0,"max_hp_gain":0.0,"max_hp_loss":0.0,"gold_gain":0.0,"event_name":"Liars Game","player_choice":"Ignored","floor":14.0,"gold_loss":0.0,"damage_taken":0.0},{"damage_healed":0.0,"max_hp_gain":0.0,"max_hp_loss":0.0,"gold_gain":50.0,"event_name":"Golden Shrine","player_choice":"Pray","floor":20.0,"gold_loss":0.0,"damage_taken":0.0},{"damage_healed":0.0,"max_hp_gain":5.0,"max_hp_loss":0.0,"gold_gain":0.0,"event_name":"Forgotten Altar","player_choice":"Shed Blood","floor":25.0,"gold_loss":0.0,"damage_taken":25.0},{"damage_healed":0.0,"max_hp_gain":0.0,"max_hp_loss":0.0,"gold_gain":0.0,"event_name":"Mysterious Sphere","player_choice":"Fight","floor":36.0,"gold_loss":0.0,"damage_taken":0.0},{"damage_healed":0.0,"max_hp_gain":0.0,"max_hp_loss":0.0,"gold_gain":0.0,"event_name":"SensoryStone","player_choice":"Memory 1","floor":37.0,"gold_loss":0.0,"damage_taken":0.0},{"damage_healed":0.0,"max_hp_gain":0.0,"max_hp_loss":0.0,"gold_gain":0.0,"event_name":"FaceTrader","player_choice":"Leave","floor":38.0,"gold_loss":0.0,"damage_taken":0.0}],"is_beta":false,"boss_relics":[{"not_picked":["Coffee Dripper","Ectoplasm"],"picked":"Runic Pyramid"},{"not_picked":["Astrolabe","FrozenCore"],"picked":"Inserter"}],"items_purged_floors":[19],"is_endless":false,"potions_floor_spawned":[1,7,10,16,18,21,29,35,41,44],"killed_by":"Donu and Deca","ascension_level":20}