{"gold_per_floor":[116,416,416,416,432,465,2,2,78,78,97,35,51,81,81,155,155,170,170,170,188,207,207,218,218,245,245,2,12,12,26,26,103,103,118,118,118,132,149,184,184,184,184,184],"floor_reached":44,"playtime":2122,"items_purged":[],"score":922,"play_id":"baf9b51d-e2a7-49f3-92e8-246874466368","local_time":"20190422010403","is_ascension_mode":true,"campfire_choices":[{"data":"Zap","floor":8,"key":"SMITH"},{"data":"Reinforced Body","floor":10,"key":"SMITH"},{"data":"Sweeping Beam","floor":15,"key":"SMITH"},{"data":"Self Repair","floor":23,"key":"SMITH"},{"data":"Glacier","floor":25,"key":"SMITH"},{"data":"Echo Form","floor":27,"key":"SMITH"},{"data":"Capacitor","floor":30,"key":"SMITH"},{"floor":32,"key":"REST"},{"floor":41,"key":"REST"}],"neow_cost":"NONE","seed_source_timestamp":231691475759083,"circlet_count":0,"master_deck":["AscendersBane","Strike_B+1","Strike_B","Strike_B","Strike_B+1","Defend_B","Defend_B","Defend_B","Defend_B","Zap+1","Dualcast","Sweeping Beam+1","BootSequence","All For One","Reinforced Body+1","Glacier+1","Echo Form+1","White Noise+1","Self Repair+1","Ball Lightning","Capacitor+1","Core Surge","Barrage","Compile Driver","Cold Snap","Seek","Defragment","Hologram","Ball Lightning","Coolheaded","Purity"],"relics":["FrozenCore","NeowsBlessing","Old Coin","The Courier","Strawberry","Calipers","Bronze Scales","Sundial","StoneCalendar","Sozu","Prayer Wheel","Ice Cream"],"potions_floor_usage":[16,22],"damage_taken":[{"damage":0,"enemies":"Small Slimes","floor":1,"turns":1},{"damage":0,"enemies":"Jaw Worm","floor":5,"turns":1},{"damage":0,"enemies":"Lagavulin","floor":6,"turns":1},{"damage":0,"enemies":"2 Louse","floor":11,"turns":2},{"damage":1,"enemies":"Looter","floor":13,"turns":2},{"damage":22,"enemies":"The Guardian","floor":16,"turns":10},{"damage":0,"enemies":"Chosen","floor":18,"turns":5},{"damage":15,"enemies":"Shell Parasite","floor":21,"turns":6},{"damage":0,"enemies":"Snecko","floor":22,"turns":5},{"damage":15,"enemies":"Centurion and Healer","floor":24,"turns":8},{"damage":21,"enemies":"Snake Plant","floor":29,"turns":4},{"damage":14,"enemies":"Shelled Parasite and Fungi","floor":31,"turns":7},{"damage":4,"enemies":"Automaton","floor":33,"turns":12},{"damage":10,"enemies":"Orb Walker","floor":35,"turns":5},{"damage":0,"enemies":"3 Shapes","floor":38,"turns":6},{"damage":2,"enemies":"Maw","floor":39,"turns":8},{"damage":77,"enemies":"Giant Head","floor":40,"turns":12},{"damage":38,"enemies":"Reptomancer","floor":44,"turns":2}],"seed_played":"2368092009567397428","potions_obtained":[{"floor":5,"key":"Regen Potion"},{"floor":6,"key":"Poison Potion"}],"is_trial":false,"path_per_floor":["M","?","?","T","M","E","$","R","T","R","M","$","M","?","R","B",null,"M","?","?","M","M","R","M","R","T","R","$","M","R","M","R","B",null,"M","?","?","M","M","E","R","?","T","E"],"character_chosen":"DEFECT","items_purchased":["Calipers","Bronze Scales","Reinforced Body","Glacier","Capacitor","Core Surge","Barrage"],"campfire_rested":2,"item_purchase_floors":[7,7,7,12,28,28,28],"current_hp_per_floor":[64,59,38,38,38,45,45,45,45,45,45,45,44,44,44,22,64,64,64,42,27,41,41,46,46,46,46,46,45,45,31,55,61,78,78,78,78,83,83,6,30,30,30,0],"gold":184,"neow_bonus":"THREE_ENEMY_KILL","is_prod":false,"is_daily":false,"chose_seed":false,"campfire_upgraded":7,"win_rate":0,"timestamp":1555862643,"path_taken":["M","?","?","?","M","E","$","R","T","R","M","?","M","?","R","BOSS","M","?","?","M","M","R","M","R","T","R","$","M","R","M","R","BOSS","M","?","?","M","?","E","R","?","T","E"],"build_version":"2019-01-23","purchased_purges":0,"victory":false,"max_hp_per_floor":[71,71,71,71,71,78,78,78,78,78,78,78,78,78,78,78,78,78,78,83,83,83,83,83,83,83,83,83,83,83,83,83,83,83,83,83,83,83,83,83,83,83,83,83],"card_choices":[{"not_picked":["Redo","Undo"],"picked":"Sweeping Beam","floor":1},{"not_picked":["Coolheaded","Hologram"],"picked":"BootSequence","floor":5},{"not_picked":["Aggregate","Sunder"],"picked":"All For One","floor":6},{"not_picked":["Compile Driver","Sunder","Tempest"],"picked":"SKIP","floor":11},{"not_picked":["Compile Driver","Stack"],"picked":"Cold Snap","floor":13},{"not_picked":["Hyperbeam","Thunder Strike"],"picked":"Echo Form","floor":16},{"not_picked":["Sweeping Beam","Redo"],"picked":"White Noise+1","floor":18},{"not_picked":["Force Field","Redo","Lockon+1"],"picked":"SKIP","floor":21},{"not_picked":["Turbo","Beam Cell"],"picked":"Self Repair","floor":22},{"not_picked":["Turbo","Static Discharge"],"picked":"Ball Lightning","floor":24},{"not_picked":["Lockon","Heatsinks"],"picked":"Compile Driver","floor":29},{"not_picked":["Steam","Recycle"],"picked":"Cold Snap","floor":31},{"not_picked":["Multi-Cast","Creative AI"],"picked":"Seek","floor":33},{"not_picked":["Double Energy+1","Loop"],"picked":"Defragment","floor":35},{"not_picked":["Doom and Gloom","Gash"],"picked":"Hologram","floor":38},{"not_picked":["BootSequence+1","Sweeping Beam+1"],"picked":"Ball Lightning","floor":39},{"not_picked":["Turbo+1","Rip and Tear+1"],"picked":"Coolheaded","floor":40},{"not_picked":["Panacea","Finesse"],"picked":"Purity","floor":42}],"player_experience":1036257,"relics_obtained":[{"floor":4,"key":"The Courier"},{"floor":6,"key":"Strawberry"},{"floor":9,"key":"Sundial"},{"floor":40,"key":"Prayer Wheel"},{"floor":43,"key":"Ice Cream"}],"event_choices":[{"damage_healed":0,"gold_gain":0,"player_choice":"Success","damage_taken":5,"relics_obtained":["Old Coin"],"max_hp_gain":0,"max_hp_loss":0,"event_name":"Scrap Ooze","floor":2,"gold_loss":0},{"damage_healed":0,"gold_gain":0,"player_choice":"Entered Light","damage_taken":21,"max_hp_gain":0,"max_hp_loss":0,"event_name":"Shining Light","floor":3,"gold_loss":0,"cards_upgraded":["Strike_B","Strike_B"]},{"damage_healed":0,"gold_gain":30,"player_choice":"Searched \u00272\u0027 times","damage_taken":0,"relics_obtained":["StoneCalendar"],"max_hp_gain":0,"max_hp_loss":0,"event_name":"Dead Adventurer","floor":14,"gold_loss":0},{"damage_healed":0,"gold_gain":0,"player_choice":"Ignored","damage_taken":0,"max_hp_gain":0,"max_hp_loss":0,"event_name":"The Mausoleum","floor":19,"gold_loss":0},{"damage_healed":0,"gold_gain":0,"player_choice":"Shed Blood","damage_taken":27,"max_hp_gain":5,"max_hp_loss":0,"event_name":"Forgotten Altar","floor":20,"gold_loss":0},{"cards_removed":["Cold Snap"],"damage_healed":0,"gold_gain":0,"player_choice":"Removed Attack","damage_taken":0,"max_hp_gain":0,"max_hp_loss":0,"event_name":"Falling","floor":36,"gold_loss":0},{"damage_healed":0,"gold_gain":0,"player_choice":"Ignored","damage_taken":0,"max_hp_gain":0,"max_hp_loss":0,"event_name":"SecretPortal","floor":37,"gold_loss":0},{"damage_healed":0,"gold_gain":0,"player_choice":"Memory 1","damage_taken":0,"max_hp_gain":0,"max_hp_loss":0,"event_name":"SensoryStone","floor":42,"gold_loss":0}],"is_beta":false,"boss_relics":[{"not_picked":["Coffee Dripper","Lizard Tail"],"picked":"Sozu"},{"not_picked":["Velvet Choker","Orrery"],"picked":"FrozenCore"}],"items_purged_floors":[],"is_endless":false,"potions_floor_spawned":[5,6,21,22,24,29,35,39],"killed_by":"Reptomancer","ascension_level":20}