{"gold_per_floor":[114,134,84,159,84,114,114,14,14,14,31,31,60,73,73,175,175,190,90,189,205,85,85],"floor_reached":23,"playtime":1356,"items_purged":["Strike_B","Defend_B","Defend_B","Strike_B"],"score":197,"play_id":"c743e05e-0f17-4142-800a-9021a81ad179","local_time":"20180819190246","is_ascension_mode":false,"campfire_choices":[{"floor":10,"key":"REST"},{"floor":12,"key":"REST"},{"data":"Hologram","floor":15,"key":"SMITH"}],"neow_cost":"NONE","seed_source_timestamp":119619308552525,"circlet_count":0,"master_deck":["Strike_B","Defend_B","Defend_B","Zap","Dualcast","Darkness","Ball Lightning","Hologram+1","Streamline","Seek","Compile Driver","Echo Form","Defragment+1","Go for the Eyes+1"],"relics":["Cracked Core","Peace Pipe","Unceasing Top","The Courier","Anchor","Cursed Key"],"potions_floor_usage":[16,16,16],"damage_taken":[{"damage":5,"enemies":"Small Slimes","floor":1,"turns":3},{"damage":10,"enemies":"Jaw Worm","floor":2,"turns":4},{"damage":29,"enemies":"3 Sentries","floor":6,"turns":6},{"damage":6,"enemies":"2 Louse","floor":11,"turns":2},{"damage":23,"enemies":"Lagavulin","floor":13,"turns":5},{"damage":0,"enemies":"Looter","floor":14,"turns":2},{"damage":22,"enemies":"Slime Boss","floor":16,"turns":7},{"damage":0,"enemies":"Chosen","floor":18,"turns":3},{"damage":27,"enemies":"Spheric Guardian","floor":21,"turns":4},{"damage":61,"enemies":"Slavers","floor":23,"turns":3}],"seed_played":"-8456695390976952798","potions_obtained":[{"floor":6,"key":"SpeedPotion"},{"floor":13,"key":"Strength Potion"},{"floor":14,"key":"AttackPotion"}],"is_trial":false,"path_per_floor":["M","M","?","?","$","E","?","$","T","R","M","R","E","M","R","B",null,"M","$","?","M","$"],"character_chosen":"DEFECT","items_purchased":[],"campfire_rested":2,"item_purchase_floors":[],"current_hp_per_floor":[77,67,67,56,56,27,9,9,9,33,27,51,28,28,28,6,82,82,82,82,55,55,0],"gold":85,"neow_bonus":"TEN_PERCENT_HP_BONUS","is_prod":false,"is_daily":false,"chose_seed":false,"campfire_upgraded":1,"win_rate":0,"timestamp":1534676566,"path_taken":["M","M","?","?","$","E","?","$","T","R","M","R","E","M","R","BOSS","M","$","?","M","$","E"],"build_version":"2018-08-16","purchased_purges":4,"victory":false,"max_hp_per_floor":[82,82,82,82,82,82,82,82,82,82,82,82,82,82,82,82,82,82,82,82,82,82,82],"card_choices":[{"not_picked":["Turbo","Sweeping Beam"],"picked":"Darkness","floor":1},{"not_picked":["Conserve Battery","Hologram"],"picked":"Ball Lightning","floor":2},{"not_picked":["Force Field","Cold Snap"],"picked":"Hologram","floor":6},{"not_picked":["Ball Lightning","Barrage"],"picked":"Streamline","floor":11},{"not_picked":["Creative AI","Cold Snap"],"picked":"Seek","floor":13},{"not_picked":["Storm","Skim"],"picked":"Compile Driver","floor":14},{"not_picked":["Hyperbeam","Buffer"],"picked":"Echo Form","floor":16},{"not_picked":["White Noise","Barrage+1"],"picked":"Defragment+1","floor":18},{"not_picked":["Streamline","Storm+1"],"picked":"Go for the Eyes+1","floor":21}],"player_experience":316167,"relics_obtained":[{"floor":6,"key":"Peace Pipe"},{"floor":9,"key":"The Courier"},{"floor":13,"key":"Anchor"}],"event_choices":[{"event_name":"The Cleric","player_choice":"Card Removal","floor":3,"damage_taken":0},{"event_name":"World of Goop","player_choice":"Gather Gold","floor":4,"damage_taken":0},{"event_name":"Scrap Ooze","player_choice":"success","floor":7,"damage_taken":18},{"event_name":"Nest","player_choice":"Stole From Cult","floor":20,"damage_taken":0}],"is_beta":false,"boss_relics":[{"not_picked":["Runic Pyramid","Pandora\u0027s Box"],"picked":"Cursed Key"}],"items_purged_floors":[5,8,19,22],"is_endless":false,"potions_floor_spawned":[6,13,14],"killed_by":"Slavers","ascension_level":0}