{"gold_per_floor":[117,128,145,70,84,84,111,111,111,111,23,23,39,52,52,154,204,221,221,73,73,88,88,106,125,125,140,173,173,173,190,190,293,293,313,413,413,413,288,288,301,3,29,79,95,95,130,143,143,143],"floor_reached":50,"playtime":2644,"items_purged":["Strike_B","Strike_B","Madness"],"score":472,"play_id":"c3c18bdf-4d28-4315-98af-6261ecb93851","local_time":"20190407013958","is_ascension_mode":false,"campfire_choices":[{"data":"Zap","floor":6.0,"key":"SMITH"},{"data":"Electrodynamics","floor":8.0,"key":"SMITH"},{"data":"Dualcast","floor":12.0,"key":"SMITH"},{"floor":15.0,"key":"REST"},{"data":"Hologram","floor":23.0,"key":"SMITH"},{"floor":29.0,"key":"RECALL"},{"floor":32.0,"key":"REST"},{"data":"Seek","floor":40.0,"key":"SMITH"},{"floor":46.0,"key":"REST"},{"data":"Madness","floor":49.0,"key":"SMITH"}],"neow_cost":"NONE","seed_source_timestamp":7055058762175,"circlet_count":0,"master_deck":["Defend_B+1","Defend_B","Defend_B","Zap+1","Dualcast+1","Gash","Go for the Eyes","Electrodynamics+1","Gash","Self Repair","Beam Cell","Reboot","Hologram","Beam Cell","Hologram+1","Chill+1","Echo Form","Seek+1","Madness+1"],"special_seed":0,"relics":["Cracked Core","NeowsBlessing","Darkstone Periapt","Incense Burner","Tiny House","Bag of Marbles","Bottled Tornado","Red Mask","Nilry\u0027s Codex","Lizard Tail","Torii","DataDisk","Pen Nib","Peace Pipe","Dead Branch"],"potions_floor_usage":[],"damage_taken":[{"damage":0.0,"enemies":"Small Slimes","floor":1.0,"turns":1.0},{"damage":0.0,"enemies":"Cultist","floor":2.0,"turns":1.0},{"damage":0.0,"enemies":"2 Louse","floor":3.0,"turns":1.0},{"damage":20.0,"enemies":"Large Slime","floor":5.0,"turns":6.0},{"damage":45.0,"enemies":"3 Sentries","floor":7.0,"turns":8.0},{"damage":13.0,"enemies":"Exordium Thugs","floor":13.0,"turns":3.0},{"damage":6.0,"enemies":"Exordium Wildlife","floor":14.0,"turns":2.0},{"damage":10.0,"enemies":"Hexaghost","floor":16.0,"turns":6.0},{"damage":5.0,"enemies":"Shell Parasite","floor":18.0,"turns":6.0},{"damage":4.0,"enemies":"Spheric Guardian","floor":22.0,"turns":3.0},{"damage":21.0,"enemies":"Shelled Parasite and Fungi","floor":24.0,"turns":4.0},{"damage":16.0,"enemies":"3 Cultists","floor":25.0,"turns":5.0},{"damage":22.0,"enemies":"Snecko","floor":27.0,"turns":4.0},{"damage":3.0,"enemies":"Masked Bandits","floor":28.0,"turns":3.0},{"damage":26.0,"enemies":"Snake Plant","floor":31.0,"turns":4.0},{"damage":43.0,"enemies":"Collector","floor":33.0,"turns":9.0},{"damage":1.0,"enemies":"3 Shapes","floor":35.0,"turns":3.0},{"damage":5.0,"enemies":"Mind Bloom Boss Battle","floor":36.0,"turns":7.0},{"damage":0.0,"enemies":"Orb Walker","floor":41.0,"turns":3.0},{"damage":53.0,"enemies":"2 Orb Walkers","floor":44.0,"turns":5.0},{"damage":2.0,"enemies":"Spire Growth","floor":45.0,"turns":4.0},{"damage":1.0,"enemies":"Giant Head","floor":47.0,"turns":8.0},{"damage":0.0,"enemies":"Jaw Worm Horde","floor":48.0,"turns":3.0},{"damage":13,"enemies":"Time Eater","floor":50,"turns":3}],"seed_played":"4252696502099636562","potions_obtained":[{"floor":1.0,"key":"Fruit Juice"},{"floor":2.0,"key":"Strength Potion"},{"floor":13.0,"key":"Explosive Potion"},{"floor":14.0,"key":"EntropicBrew"},{"floor":17.0,"key":"FearPotion"},{"floor":18.0,"key":"SteroidPotion"},{"floor":25.0,"key":"SteroidPotion"},{"floor":28.0,"key":"Regen Potion"},{"floor":33.0,"key":"Weak Potion"},{"floor":44.0,"key":"PowerPotion"},{"floor":47.0,"key":"SpeedPotion"}],"is_trial":false,"path_per_floor":["M","M","M","$","M","R","E","R","T","?","$","R","M","M","R","B",null,"M","?","$","T","M","R","M","M","T","M","?","R","?","M","R","B",null,"M","?","?","?","$","R","M","$","T","?","M","R","E","M","R","B"],"character_chosen":"DEFECT","items_purchased":["Gash","Self Repair","Hologram","DataDisk","Pen Nib"],"campfire_rested":3,"item_purchase_floors":[11,11,20,42,42],"current_hp_per_floor":[75,80,80,80,60,60,15,15,15,15,15,15,9,3,27,24,85,85,85,85,85,85,85,71,62,62,47,51,51,35,28,53,17,85,84,85,85,74,74,74,81,81,81,35,40,65,71,78,78,65],"gold":143,"neow_bonus":"THREE_ENEMY_KILL","is_prod":false,"is_daily":false,"chose_seed":false,"campfire_upgraded":6,"win_rate":0,"timestamp":1554572398,"path_taken":["M","M","M","$","M","R","E","R","T","?","$","R","?","M","R","BOSS","M","?","$","?","M","R","?","M","T","M","?","R","?","M","R","BOSS","M","?","?","?","$","R","M","$","T","?","M","R","E","?","R","BOSS"],"build_version":"2019-01-23","purchased_purges":3,"victory":false,"max_hp_per_floor":[75,80,80,80,80,80,80,80,80,80,80,80,80,80,80,80,85,85,85,85,85,85,85,85,85,85,85,85,85,85,85,85,85,85,85,85,85,85,85,85,85,85,85,85,85,85,85,85,85,85],"card_choices":[{"not_picked":["Defragment","Go for the Eyes"],"picked":"Gash","floor":1.0},{"not_picked":["Consume","BootSequence","Conserve Battery"],"picked":"SKIP","floor":2.0},{"not_picked":["Cold Snap","Storm"],"picked":"Go for the Eyes","floor":3.0},{"not_picked":["Redo","Leap","Compile Driver"],"picked":"SKIP","floor":5.0},{"not_picked":["Heatsinks","Redo"],"picked":"Electrodynamics","floor":7.0},{"not_picked":["Consume","Go for the Eyes","Coolheaded"],"picked":"SKIP","floor":13.0},{"not_picked":["Barrage","Compile Driver"],"picked":"Beam Cell","floor":14.0},{"not_picked":["Thunder Strike","Multi-Cast"],"picked":"Reboot","floor":16.0},{"not_picked":["Rebound","Gash"],"picked":"Hologram","floor":17.0},{"not_picked":["Streamline","Scrape+1","Rebound"],"picked":"SKIP","floor":18.0},{"not_picked":["Barrage","Redo","Aggregate"],"picked":"SKIP","floor":22.0},{"not_picked":["Fusion+1","Steam"],"picked":"Chill+1","floor":24.0},{"not_picked":["Steam+1","Recycle","Skim"],"picked":"SKIP","floor":25.0},{"not_picked":["Steam+1","Recycle","Skim"],"picked":"SKIP","floor":25.0},{"not_picked":["Streamline","Genetic Algorithm","Heatsinks+1"],"picked":"SKIP","floor":27.0},{"not_picked":["Barrage+1","Double Energy"],"picked":"Echo Form","floor":31.0},{"not_picked":["Machine Learning","Core Surge"],"picked":"Seek","floor":33.0},{"not_picked":["Stack+1","Sweeping Beam","Melter+1"],"picked":"SKIP","floor":35.0},{"not_picked":["Go for the Eyes+1","Compile Driver+1","FTL+1"],"picked":"SKIP","floor":41.0},{"not_picked":["Go for the Eyes+1","Compile Driver+1","FTL+1"],"picked":"SKIP","floor":41.0},{"not_picked":["Double Energy","Barrage+1","Compile Driver+1"],"picked":"SKIP","floor":45.0},{"not_picked":["Creative AI","Static Discharge","Stack+1"],"picked":"SKIP","floor":47.0},{"not_picked":["Stack+1","Doom and Gloom","Compile Driver+1"],"picked":"SKIP","floor":48.0}],"player_experience":420558,"relics_obtained":[{"floor":7.0,"key":"Darkstone Periapt"},{"floor":9.0,"key":"Incense Burner"},{"floor":21.0,"key":"Bag of Marbles"},{"floor":26.0,"key":"Bottled Tornado"},{"floor":28.0,"key":"Red Mask"},{"floor":30.0,"key":"Nilry\u0027s Codex"},{"floor":36.0,"key":"Torii"},{"floor":44.0,"key":"Peace Pipe"},{"floor":47.0,"key":"Dead Branch"}],"event_choices":[{"cards_removed":["Strike_B"],"damage_healed":0.0,"max_hp_gain":0.0,"max_hp_loss":0.0,"gold_gain":0.0,"event_name":"Purifier","player_choice":"Purged","floor":10.0,"gold_loss":0.0,"damage_taken":0.0},{"damage_healed":0.0,"max_hp_gain":0.0,"max_hp_loss":0.0,"gold_gain":0.0,"cards_transformed":["Defend_B"],"event_name":"Transmorgrifier","player_choice":"Transformed","floor":19.0,"gold_loss":0.0,"damage_taken":0.0,"cards_obtained":["Beam Cell"]},{"damage_healed":0.0,"max_hp_gain":0.0,"max_hp_loss":0.0,"gold_gain":0.0,"event_name":"Masked Bandits","player_choice":"Fought Bandits","floor":28.0,"gold_loss":0.0,"damage_taken":0.0},{"damage_healed":0.0,"max_hp_gain":0.0,"max_hp_loss":0.0,"gold_gain":0.0,"event_name":"Cursed Tome","player_choice":"Obtained Book","floor":30.0,"gold_loss":0.0,"damage_taken":16.0},{"damage_healed":0.0,"max_hp_gain":0.0,"max_hp_loss":0.0,"gold_gain":0.0,"event_name":"MindBloom","player_choice":"Fight","floor":36.0,"gold_loss":0.0,"damage_taken":0.0},{"cards_removed":["Strike_B"],"damage_healed":0.0,"max_hp_gain":0.0,"max_hp_loss":0.0,"gold_gain":0.0,"event_name":"Falling","player_choice":"Removed Attack","floor":37.0,"gold_loss":0.0,"damage_taken":0.0},{"damage_healed":0.0,"max_hp_gain":0.0,"max_hp_loss":0.0,"gold_gain":0.0,"event_name":"Winding Halls","player_choice":"Embrace Madness","floor":38.0,"gold_loss":0.0,"damage_taken":11.0,"cards_obtained":["Madness","Madness"]},{"damage_healed":0.0,"max_hp_gain":0.0,"max_hp_loss":0.0,"gold_gain":0.0,"event_name":"Mysterious Sphere","player_choice":"Fight","floor":44.0,"gold_loss":0.0,"damage_taken":0.0}],"is_beta":false,"boss_relics":[{"not_picked":["Velvet Choker","White Beast Statue"],"picked":"Tiny House"},{"not_picked":["Orrery","Pandora\u0027s Box"],"picked":"Lizard Tail"}],"items_purged_floors":[4,20,39],"is_endless":false,"potions_floor_spawned":[1,2,13,14,18,25,28,33,44,47],"killed_by":"Time Eater","ascension_level":0}