{"gold_per_floor":[113,133,133,144,161,161,196,121,121,141,160,160,173,173,173,271,271,283,140,158,174,186,186,41,41,88,102,1,1],"floor_reached":29,"playtime":813,"items_purged":["Strike_R"],"score":229,"play_id":"cbc02e00-167d-4d41-b3f1-df734c461d13","local_time":"20190213020702","is_ascension_mode":false,"campfire_choices":[{"data":"Immolate","floor":6,"key":"SMITH"},{"data":"Rampage","floor":12,"key":"SMITH"},{"data":"Bash","floor":15,"key":"SMITH"},{"data":"Demon Form","floor":23,"key":"SMITH"},{"data":"Berserk","floor":25,"key":"SMITH"}],"neow_cost":"PERCENT_DAMAGE","seed_source_timestamp":1786789947160939,"circlet_count":0,"master_deck":["Strike_R","Strike_R","Strike_R","Strike_R","Defend_R","Defend_R+1","Defend_R","Defend_R","Bash+1","Immolate+1","Shrug It Off","Flame Barrier","Rampage+1","Shrug It Off+1","Demon Form+1","Berserk+1","Battle Trance"],"relics":["Burning Blood","Mummified Hand","Paper Frog","Orrery","Ancient Tea Set","Blood Vial","Potion Belt"],"potions_floor_usage":[7,16,16,16,29,29,29],"damage_taken":[{"damage":3,"enemies":"Jaw Worm","floor":1,"turns":4},{"damage":1,"enemies":"Cultist","floor":2,"turns":3},{"damage":3,"enemies":"2 Louse","floor":4,"turns":3},{"damage":3,"enemies":"Lots of Slimes","floor":5,"turns":2},{"damage":4,"enemies":"3 Sentries","floor":7,"turns":3},{"damage":0,"enemies":"2 Fungi Beasts","floor":10,"turns":1},{"damage":7,"enemies":"Blue Slaver","floor":11,"turns":3},{"damage":7,"enemies":"Exordium Thugs","floor":13,"turns":4},{"damage":19,"enemies":"Hexaghost","floor":16,"turns":8},{"damage":23,"enemies":"Shell Parasite","floor":18,"turns":5},{"damage":10,"enemies":"Chosen","floor":20,"turns":3},{"damage":0,"enemies":"Centurion and Healer","floor":21,"turns":6},{"damage":17,"enemies":"Snecko","floor":22,"turns":5},{"damage":36,"enemies":"Sentry and Sphere","floor":27,"turns":6},{"damage":23,"enemies":"Gremlin Leader","floor":29,"turns":4}],"seed_played":"-8660931199356177839","potions_obtained":[{"floor":2,"key":"Explosive Potion"},{"floor":7,"key":"Energy Potion"},{"floor":10,"key":"Swift Potion"},{"floor":13,"key":"Block Potion"},{"floor":16,"key":"PowerPotion"},{"floor":18,"key":"SpeedPotion"},{"floor":21,"key":"Dexterity Potion"}],"is_trial":false,"path_per_floor":["M","M","?","M","M","R","E","$","T","M","M","R","M","?","R","B",null,"M","$","M","M","M","R","?","R","T","M","$","E"],"character_chosen":"IRONCLAD","items_purchased":["Ancient Tea Set","AttackPotion","AttackPotion"],"campfire_rested":0,"item_purchase_floors":[19,28,28],"current_hp_per_floor":[59,64,64,67,70,70,72,72,72,78,77,77,76,60,60,47,80,63,63,59,65,54,54,54,54,54,26,26,5],"gold":1,"neow_bonus":"THREE_RARE_CARDS","is_prod":false,"is_daily":false,"chose_seed":false,"campfire_upgraded":5,"win_rate":0,"timestamp":1549991222,"path_taken":["M","M","?","M","?","R","E","$","T","M","M","R","M","?","R","BOSS","M","$","M","M","M","R","?","R","T","?","$","E"],"build_version":"2019-01-23","purchased_purges":1,"victory":false,"max_hp_per_floor":[80,80,80,80,80,80,80,80,80,80,80,80,80,80,80,80,80,80,80,80,80,80,80,80,80,80,80,80,80],"card_choices":[{"not_picked":["Impervious","Limit Break"],"picked":"Immolate","floor":0},{"not_picked":["Body Slam","Fire Breathing","Heavy Blade"],"picked":"SKIP","floor":1},{"not_picked":["Havoc","Clash"],"picked":"Shrug It Off","floor":2},{"not_picked":["Intimidate","Evolve"],"picked":"Flame Barrier","floor":4},{"not_picked":["Inflame","Evolve","Sever Soul"],"picked":"SKIP","floor":5},{"not_picked":["Perfected Strike","Sever Soul","Cleave"],"picked":"SKIP","floor":7},{"not_picked":["True Grit","Sentinel"],"picked":"Rampage","floor":10},{"not_picked":["Reckless Charge","Headbutt","Pommel Strike"],"picked":"SKIP","floor":11},{"not_picked":["Thunderclap","Warcry"],"picked":"Shrug It Off","floor":13},{"not_picked":["Immolate","Reaper"],"picked":"Demon Form","floor":16},{"not_picked":["Feel No Pain+1","Body Slam","Cleave"],"picked":"SKIP","floor":18},{"not_picked":["Cleave","Body Slam"],"picked":"Berserk","floor":20},{"not_picked":["Cleave","Sword Boomerang+1"],"picked":"Battle Trance","floor":21},{"not_picked":["Flex+1","Clothesline","Blood for Blood"],"picked":"SKIP","floor":22},{"not_picked":["Rupture","Anger","Dual Wield+1"],"picked":"SKIP","floor":27}],"player_experience":526375,"relics_obtained":[{"floor":7,"key":"Mummified Hand"},{"floor":9,"key":"Paper Frog"},{"floor":26,"key":"Potion Belt"}],"event_choices":[{"damage_healed":0,"gold_gain":0,"player_choice":"Ignored","damage_taken":0,"max_hp_gain":0,"max_hp_loss":0,"event_name":"NoteForYourself","floor":3,"gold_loss":0},{"damage_healed":0,"gold_gain":0,"player_choice":"Entered Light","damage_taken":16,"max_hp_gain":0,"max_hp_loss":0,"event_name":"Shining Light","floor":14,"gold_loss":0,"cards_upgraded":["Shrug It Off","Defend_R"]},{"damage_healed":0,"gold_gain":0,"player_choice":"Paid Gold","damage_taken":0,"relics_obtained":["Blood Vial"],"max_hp_gain":0,"max_hp_loss":0,"event_name":"WeMeetAgain","floor":24,"gold_loss":145}],"is_beta":false,"boss_relics":[{"not_picked":["Runic Cube","Pandora\u0027s Box"],"picked":"Orrery"}],"items_purged_floors":[8],"is_endless":false,"potions_floor_spawned":[2,7,10,13,16,18,21],"killed_by":"Gremlin Leader","ascension_level":0}