{"gold_per_floor":[110,110,110,129,129,129,158,175,175,175,0,35,35,68,68,68],"floor_reached":16,"playtime":365,"items_purged":[],"score":282,"play_id":"4f7bf72f-51c7-4df6-9b6f-a03ba48559c4","local_time":"20190505012948","is_ascension_mode":true,"campfire_choices":[{"data":"Bash","floor":6.0,"key":"SMITH"},{"data":"Disarm","floor":15.0,"key":"SMITH"}],"neow_cost":"NONE","seed_source_timestamp":5985371227300,"circlet_count":0,"master_deck":["AscendersBane","Strike_R","Strike_R","Strike_R","Strike_R","Defend_R","Defend_R","Defend_R","Defend_R","Bash+1","Feel No Pain","Inflame+1","Thunderclap","Disarm+1","Shrug It Off","Impervious","Corruption"],"special_seed":0,"relics":["Burning Blood","NeowsBlessing","Magic Flower","The Courier","Bird Faced Urn","Centennial Puzzle","Bottled Flame","Oddly Smooth Stone","Torii"],"potions_floor_usage":[16],"damage_taken":[{"damage":0.0,"enemies":"Jaw Worm","floor":1.0,"turns":1.0},{"damage":0.0,"enemies":"Cultist","floor":4.0,"turns":1.0},{"damage":0.0,"enemies":"3 Sentries","floor":7.0,"turns":2.0},{"damage":15.0,"enemies":"Small Slimes","floor":8.0,"turns":4.0},{"damage":27.0,"enemies":"Gremlin Nob","floor":12.0,"turns":4.0},{"damage":27.0,"enemies":"Lagavulin","floor":14.0,"turns":7.0},{"damage":53,"enemies":"Slime Boss","floor":16,"turns":13}],"seed_played":"6737488583141451747","potions_obtained":[{"floor":1.0,"key":"Explosive Potion"},{"floor":4.0,"key":"FearPotion"},{"floor":8.0,"key":"SpeedPotion"}],"is_trial":false,"path_per_floor":["M","$","?","M","?","R","E","M","T","T","$","E","T","E","R","B"],"character_chosen":"IRONCLAD","items_purchased":["Shrug It Off","Centennial Puzzle"],"campfire_rested":0,"item_purchase_floors":[11,11],"current_hp_per_floor":[74,74,74,75,75,75,75,69,69,69,69,54,54,42,42,0],"gold":68,"neow_bonus":"THREE_ENEMY_KILL","is_prod":false,"is_daily":false,"chose_seed":false,"campfire_upgraded":2,"win_rate":0,"timestamp":1557012588,"path_taken":["M","$","?","?","?","R","E","M","T","?","$","E","?","E","R","BOSS"],"build_version":"2019-01-23","purchased_purges":0,"victory":false,"max_hp_per_floor":[75,75,75,75,75,75,75,75,75,75,75,75,75,75,75,75],"card_choices":[{"not_picked":["Twin Strike","Body Slam"],"picked":"Feel No Pain","floor":1.0},{"not_picked":["Second Wind","Flex"],"picked":"Inflame","floor":4.0},{"not_picked":["Bludgeon","Iron Wave"],"picked":"Thunderclap","floor":7.0},{"not_picked":["Iron Wave","Sword Boomerang"],"picked":"Disarm","floor":8.0},{"not_picked":["Bloodletting","Dual Wield"],"picked":"Impervious","floor":12.0},{"not_picked":["Bloodletting","Body Slam"],"picked":"Corruption","floor":14.0}],"player_experience":631262,"relics_obtained":[{"floor":7.0,"key":"Magic Flower"},{"floor":9.0,"key":"The Courier"},{"floor":10.0,"key":"Bird Faced Urn"},{"floor":12.0,"key":"Bottled Flame"},{"floor":13.0,"key":"Oddly Smooth Stone"},{"floor":14.0,"key":"Torii"}],"event_choices":[{"cards_removed":["Strike_R"],"damage_healed":0.0,"max_hp_gain":0.0,"max_hp_loss":0.0,"gold_gain":0.0,"event_name":"Bonfire Elementals","player_choice":"Offered Basic","floor":3.0,"gold_loss":0.0,"damage_taken":0.0},{"damage_healed":0.0,"max_hp_gain":0.0,"max_hp_loss":0.0,"gold_gain":0.0,"event_name":"Living Wall","player_choice":"Grow","floor":5.0,"gold_loss":0.0,"damage_taken":0.0,"cards_upgraded":["Inflame"]}],"is_beta":false,"boss_relics":[],"items_purged_floors":[],"is_endless":false,"potions_floor_spawned":[1,4,8,12],"killed_by":"Slime Boss","ascension_level":20}