{"gold_per_floor":[112,127,140,12,27,58,58,91,91,105,105,105,105,143,143,262,262,275,290,114,137,137,137,62,62,89,89,102,143,143,162,162,281,281,294,294,312,325,325,363,363],"floor_reached":41,"playtime":2163,"items_purged":["Defend_B","Strike_B"],"score":451,"play_id":"76cda9ee-868c-48fe-8e9a-8bca201ed5ea","local_time":"20190406233014","is_ascension_mode":false,"campfire_choices":[{"floor":7,"key":"REST"},{"floor":11,"key":"REST"},{"data":"Consume","floor":13,"key":"SMITH"},{"floor":15,"key":"REST"},{"data":"Dualcast","floor":23,"key":"SMITH"},{"data":"Defragment","floor":25,"key":"SMITH"},{"data":"Loop","floor":30,"key":"SMITH"},{"data":"Storm","floor":32,"key":"SMITH"}],"neow_cost":"TEN_PERCENT_HP_LOSS","seed_source_timestamp":90286767229291,"circlet_count":0,"master_deck":["Defend_B","Defend_B","Dualcast+1","Capacitor","White Noise","Consume+1","Coolheaded","Defragment+1","Biased Cognition","Defragment+1","Loop+1","Storm+1","Coolheaded","Capacitor","Core Surge","Glacier","Go for the Eyes+1","Cold Snap+1","Electrodynamics","Barrage","FTL+1","Cold Snap+1"],"relics":["Cracked Core","Smiling Mask","Symbiotic Virus","Pear","Golden Idol","Odd Mushroom","Velvet Choker","Blood Vial","Dream Catcher","Coffee Dripper","Kunai","Orichalcum"],"potions_floor_usage":[5,5,6,18,37,38],"damage_taken":[{"damage":0,"enemies":"Jaw Worm","floor":1,"turns":4},{"damage":0,"enemies":"Small Slimes","floor":2,"turns":4},{"damage":0,"enemies":"2 Louse","floor":3,"turns":3},{"damage":42,"enemies":"Gremlin Gang","floor":5,"turns":5},{"damage":3,"enemies":"3 Sentries","floor":6,"turns":8},{"damage":36,"enemies":"Gremlin Nob","floor":8,"turns":4},{"damage":14,"enemies":"Large Slime","floor":10,"turns":5},{"damage":17,"enemies":"The Mushroom Lair","floor":14,"turns":5},{"damage":17,"enemies":"The Guardian","floor":16,"turns":10},{"damage":12,"enemies":"3 Byrds","floor":18,"turns":4},{"damage":1,"enemies":"Spheric Guardian","floor":19,"turns":3},{"damage":7,"enemies":"Centurion and Healer","floor":21,"turns":5},{"damage":5,"enemies":"Cultist and Chosen","floor":28,"turns":3},{"damage":4,"enemies":"Gremlin Leader","floor":29,"turns":5},{"damage":1,"enemies":"Snecko","floor":31,"turns":3},{"damage":1,"enemies":"Champ","floor":33,"turns":10},{"damage":0,"enemies":"3 Shapes","floor":35,"turns":5},{"damage":16,"enemies":"3 Darklings","floor":37,"turns":2},{"damage":18,"enemies":"Sphere and 2 Shapes","floor":38,"turns":2},{"damage":34,"enemies":"Nemesis","floor":40,"turns":5},{"damage":14,"enemies":"Jaw Worm Horde","floor":41,"turns":1}],"seed_played":"3280628222605200489","potions_obtained":[{"floor":2,"key":"LiquidBronze"},{"floor":3,"key":"Poison Potion"},{"floor":5,"key":"Explosive Potion"},{"floor":16,"key":"Poison Potion"},{"floor":18,"key":"SkillPotion"},{"floor":28,"key":"Swift Potion"},{"floor":38,"key":"SpeedPotion"}],"is_trial":false,"path_per_floor":["M","M","M","$","M","E","R","E","T","M","R","?","R","?","R","B",null,"M","M","$","M","?","R","?","R","T","?","M","E","R","M","R","B",null,"M","?","M","M","?","E","M"],"character_chosen":"DEFECT","items_purchased":["Coolheaded","Storm","Explosive Potion"],"campfire_rested":3,"item_purchase_floors":[4,20,20],"current_hp_per_floor":[68,68,68,68,26,23,43,7,17,3,26,26,26,9,30,13,72,60,59,59,52,52,52,52,52,52,52,49,47,47,48,48,49,72,72,72,56,40,40,8,0],"gold":363,"neow_bonus":"TRANSFORM_TWO_CARDS","is_prod":false,"is_daily":false,"chose_seed":false,"campfire_upgraded":5,"win_rate":0,"timestamp":1554586214,"path_taken":["M","M","M","$","M","E","R","E","T","M","R","?","R","?","R","BOSS","M","M","$","M","?","R","?","R","T","?","M","E","R","M","R","BOSS","M","?","M","?","?","E","M"],"build_version":"2019-01-23","purchased_purges":2,"victory":false,"max_hp_per_floor":[68,68,68,68,68,68,68,68,78,78,78,72,72,72,72,72,72,72,72,72,72,72,72,72,72,72,72,72,72,72,72,72,72,72,72,72,72,72,72,72,72],"card_choices":[{"not_picked":["Conserve Battery","Steam","Beam Cell"],"picked":"SKIP","floor":1},{"not_picked":["Gash","Scrape","Conserve Battery"],"picked":"SKIP","floor":2},{"not_picked":["Barrage","Sweeping Beam"],"picked":"Consume","floor":3},{"not_picked":["Recycle","Turbo","Thunder Strike"],"picked":"SKIP","floor":5},{"not_picked":["Stack","Compile Driver","Rebound"],"picked":"SKIP","floor":6},{"not_picked":["Go for the Eyes","Hologram"],"picked":"Defragment","floor":8},{"not_picked":["Gash","Turbo","Blizzard"],"picked":"SKIP","floor":10},{"not_picked":["Rainbow","Fission"],"picked":"Biased Cognition","floor":16},{"not_picked":["Streamline","Hello World+1"],"picked":"Defragment+1","floor":18},{"not_picked":["Sweeping Beam","Gash+1"],"picked":"Loop","floor":19},{"not_picked":["Core Surge","Sunder"],"picked":"Coolheaded","floor":21},{"not_picked":["Sunder","Steam+1"],"picked":"Go for the Eyes+1","floor":28},{"not_picked":["Doom and Gloom","Turbo","Ball Lightning+1"],"picked":"SKIP","floor":29},{"not_picked":["Melter","Stack"],"picked":"Cold Snap+1","floor":31},{"not_picked":["All For One","Multi-Cast"],"picked":"Electrodynamics","floor":33},{"not_picked":["Cold Snap","Loop"],"picked":"Barrage","floor":35},{"not_picked":["Sunder+1","Scrape"],"picked":"FTL+1","floor":37},{"not_picked":["Sweeping Beam+1","Genetic Algorithm"],"picked":"Cold Snap+1","floor":38},{"not_picked":["Cold Snap+1","Double Energy","Go for the Eyes+1"],"picked":"SKIP","floor":40}],"player_experience":439529,"relics_obtained":[{"floor":6,"key":"Smiling Mask"},{"floor":8,"key":"Symbiotic Virus"},{"floor":9,"key":"Pear"},{"floor":14,"key":"Odd Mushroom"},{"floor":26,"key":"Blood Vial"},{"floor":29,"key":"Dream Catcher"},{"floor":40,"key":"Orichalcum"}],"event_choices":[{"damage_healed":0,"gold_gain":0,"player_choice":"Lose Max HP","damage_taken":0,"relics_obtained":["Golden Idol"],"max_hp_gain":0,"max_hp_loss":6,"event_name":"Golden Idol","floor":12,"gold_loss":0},{"damage_healed":0,"gold_gain":0,"player_choice":"Fought Mushrooms","damage_taken":0,"max_hp_gain":0,"max_hp_loss":0,"event_name":"Mushrooms","floor":14,"gold_loss":0},{"damage_healed":0,"gold_gain":0,"cards_transformed":["Defend_B","Strike_B"],"player_choice":"Became Test Subject","damage_taken":0,"max_hp_gain":0,"max_hp_loss":0,"event_name":"Drug Dealer","floor":22,"gold_loss":0,"cards_obtained":["Capacitor","Core Surge"]},{"cards_removed":["Zap"],"damage_healed":0,"gold_gain":0,"player_choice":"Gave Gold","damage_taken":0,"max_hp_gain":0,"max_hp_loss":0,"event_name":"Beggar","floor":24,"gold_loss":75},{"damage_healed":0,"gold_gain":0,"player_choice":"Read","damage_taken":0,"max_hp_gain":0,"max_hp_loss":0,"event_name":"The Library","floor":27,"gold_loss":0,"cards_obtained":["Glacier"]},{"damage_healed":0,"gold_gain":0,"player_choice":"Gave Potion","damage_taken":0,"relics_obtained":["Kunai"],"max_hp_gain":0,"max_hp_loss":0,"event_name":"WeMeetAgain","floor":36,"gold_loss":0},{"damage_healed":0,"gold_gain":0,"player_choice":"Ignored","damage_taken":0,"max_hp_gain":0,"max_hp_loss":0,"event_name":"Tomb of Lord Red Mask","floor":39,"gold_loss":0}],"is_beta":false,"boss_relics":[{"not_picked":["White Beast Statue","Nuclear Battery"],"picked":"Velvet Choker"},{"not_picked":["Inserter","Lizard Tail"],"picked":"Coffee Dripper"}],"items_purged_floors":[4,20],"is_endless":false,"potions_floor_spawned":[2,3,5,16,18,28,33,35,38],"killed_by":"Jaw Worm Horde","ascension_level":0}