{"gold_per_floor":[113,263,263,263,111,151,226,261,284,284,327,327,2,27,27,121,121,142,18,31,77,101,101,137,137,137,137,153,172,172,203,203,203],"floor_reached":33,"playtime":1519,"items_purged":["Doubt","Strike_R"],"score":723,"play_id":"d2bfdc34-02ff-42f5-8e52-bbe2c50ed6a4","local_time":"20190420200521","is_ascension_mode":true,"campfire_choices":[{"data":"Bash","floor":10,"key":"SMITH"},{"data":"Carnage","floor":12,"key":"SMITH"},{"data":"Cleave","floor":15,"key":"SMITH"},{"floor":23,"key":"REST"},{"floor":30,"key":"REST"},{"floor":32,"key":"REST"}],"neow_cost":"NONE","seed_source_timestamp":127971081118463,"circlet_count":0,"master_deck":["AscendersBane","Strike_R","Strike_R+1","Defend_R","Defend_R","Defend_R","Defend_R","Bash+1","Shrug It Off+1","Carnage+1","Twin Strike","Offering","Shrug It Off","Cleave+1","Exhume","Clothesline","Shrug It Off","Seeing Red","Clumsy","Battle Trance","Hemokinesis","Juggernaut","Double Tap","Shrug It Off","Flame Barrier+1"],"relics":["Burning Blood","NeowsBlessing","Golden Idol","Singing Bowl","Matryoshka","Regal Pillow","Bronze Scales","Question Card","Membership Card","Cursed Key","Ancient Tea Set","Oddly Smooth Stone","Strawberry","Blue Candle","Vajra"],"potions_floor_usage":[11,29,31,33],"damage_taken":[{"damage":0,"enemies":"Cultist","floor":1,"turns":1},{"damage":0,"enemies":"3 Sentries","floor":6,"turns":2},{"damage":0,"enemies":"Gremlin Nob","floor":8,"turns":1},{"damage":29,"enemies":"Lagavulin","floor":11,"turns":5},{"damage":0,"enemies":"Small Slimes","floor":14,"turns":2},{"damage":40,"enemies":"The Guardian","floor":16,"turns":10},{"damage":19,"enemies":"Spheric Guardian","floor":18,"turns":4},{"damage":16,"enemies":"Shell Parasite","floor":20,"turns":5},{"damage":9,"enemies":"3 Cultists","floor":22,"turns":5},{"damage":33,"enemies":"Book of Stabbing","floor":24,"turns":4},{"damage":22,"enemies":"Sentry and Sphere","floor":28,"turns":5},{"damage":11,"enemies":"Cultist and Chosen","floor":29,"turns":3},{"damage":31,"enemies":"Slavers","floor":31,"turns":5},{"damage":98,"enemies":"Champ","floor":33,"turns":12}],"seed_played":"-6850602294236384092","potions_obtained":[{"floor":1,"key":"BloodPotion"},{"floor":16,"key":"SneckoOil"},{"floor":18,"key":"SteroidPotion"},{"floor":29,"key":"Poison Potion"}],"is_trial":false,"path_per_floor":["M","?","?","?","$","E","?","E","T","R","E","R","$","M","R","B",null,"M","$","M","T","M","R","E","?","T","?","M","M","R","E","R","B"],"character_chosen":"IRONCLAD","items_purchased":["Carnage","Membership Card","Shrug It Off","Fire Potion","Clothesline","Shrug It Off","Ancient Tea Set"],"campfire_rested":3,"item_purchase_floors":[5,13,13,13,19,19,19],"current_hp_per_floor":[74,74,51,51,51,57,46,54,54,54,38,38,38,44,44,10,55,44,44,34,41,40,79,52,52,52,52,36,33,72,47,83,0],"gold":203,"neow_bonus":"THREE_ENEMY_KILL","is_prod":false,"is_daily":false,"chose_seed":false,"campfire_upgraded":3,"win_rate":0,"timestamp":1555758321,"path_taken":["M","?","?","?","$","E","?","E","T","R","E","R","?","M","R","BOSS","M","?","M","?","M","R","E","?","T","?","M","M","R","E","R","BOSS"],"build_version":"2019-01-23","purchased_purges":2,"victory":false,"max_hp_per_floor":[75,75,75,68,68,68,68,70,70,70,70,70,70,70,70,70,70,72,72,72,79,81,81,81,81,81,81,81,83,83,83,83,83],"card_choices":[{"not_picked":["Blood for Blood","Metallicize"],"picked":"Shrug It Off","floor":1},{"not_picked":["Body Slam","Sword Boomerang"],"picked":"Twin Strike","floor":6},{"not_picked":["Exhume","Havoc","Corruption"],"picked":"Singing Bowl","floor":8},{"not_picked":["Clash","Iron Wave"],"picked":"Offering","floor":11},{"not_picked":["Warcry","Infernal Blade","Iron Wave"],"picked":"Cleave","floor":14},{"not_picked":["Brutality","Bludgeon","Fiend Fire"],"picked":"Exhume","floor":16},{"not_picked":["Anger","Dropkick","Clash","Fire Breathing"],"picked":"Singing Bowl","floor":18},{"not_picked":["True Grit","Heavy Blade","Twin Strike"],"picked":"Seeing Red","floor":20},{"not_picked":["Pummel","Combust","Body Slam","Perfected Strike"],"picked":"Singing Bowl","floor":22},{"not_picked":["Rampage","Clash","Intimidate"],"picked":"Battle Trance","floor":24},{"not_picked":["Dual Wield","Clothesline","Flex+1"],"picked":"Shrug It Off","floor":28},{"not_picked":["Thunderclap","Cleave","Rampage","Sentinel"],"picked":"Singing Bowl","floor":29},{"not_picked":["Ghostly Armor","Anger","Havoc"],"picked":"Flame Barrier+1","floor":31}],"player_experience":1008385,"relics_obtained":[{"floor":6,"key":"Singing Bowl"},{"floor":8,"key":"Matryoshka"},{"floor":9,"key":"Regal Pillow"},{"floor":9,"key":"Bronze Scales"},{"floor":11,"key":"Question Card"},{"floor":21,"key":"Oddly Smooth Stone"},{"floor":21,"key":"Strawberry"},{"floor":24,"key":"Blue Candle"},{"floor":31,"key":"Vajra"}],"event_choices":[{"damage_healed":0,"gold_gain":150,"player_choice":"AGREE","damage_taken":0,"max_hp_gain":0,"max_hp_loss":0,"event_name":"Liars Game","floor":2,"gold_loss":0,"cards_obtained":["Doubt"]},{"damage_healed":0,"gold_gain":0,"player_choice":"Entered Light","damage_taken":23,"max_hp_gain":0,"max_hp_loss":0,"event_name":"Shining Light","floor":3,"gold_loss":0,"cards_upgraded":["Strike_R","Shrug It Off"]},{"damage_healed":0,"gold_gain":0,"player_choice":"Lose Max HP","damage_taken":0,"relics_obtained":["Golden Idol"],"max_hp_gain":0,"max_hp_loss":7,"event_name":"Golden Idol","floor":4,"gold_loss":0},{"damage_healed":0,"gold_gain":75,"player_choice":"Gather Gold","damage_taken":11,"max_hp_gain":0,"max_hp_loss":0,"event_name":"World of Goop","floor":7,"gold_loss":0},{"damage_healed":0,"gold_gain":0,"cards_transformed":["Strike_R","Strike_R"],"player_choice":"Became Test Subject","damage_taken":0,"max_hp_gain":0,"max_hp_loss":0,"event_name":"Drug Dealer","floor":25,"gold_loss":0,"cards_obtained":["Hemokinesis","Juggernaut"]},{"damage_healed":0,"gold_gain":0,"player_choice":"Read","damage_taken":0,"max_hp_gain":0,"max_hp_loss":0,"event_name":"The Library","floor":27,"gold_loss":0,"cards_obtained":["Double Tap"]}],"is_beta":false,"boss_relics":[{"not_picked":["Runic Dome","Mark of Pain"],"picked":"Cursed Key"}],"items_purged_floors":[5,13],"is_endless":false,"potions_floor_spawned":[1,16,18,24,29],"killed_by":"Champ","ascension_level":20}