{"gold_per_floor":[114,289,299,317,39,66,79,79,106,6,24,38,38,56,56,156,156,174,174,174,2,18,18,44,62,62,94,107,107,121,138,138,138],"floor_reached":33,"playtime":2532,"items_purged":["Doubt","Strike_R","Strike_R"],"score":345,"play_id":"acab5948-0fa7-4bfa-8434-020fa145202f","local_time":"20181009225724","is_ascension_mode":true,"campfire_choices":[{"data":"Twin Strike","floor":8,"key":"SMITH"},{"floor":15,"key":"REST"},{"data":"Anger","floor":23,"key":"SMITH"},{"data":"Flex","floor":29,"key":"SMITH"},{"floor":32,"key":"REST"}],"neow_cost":"NONE","seed_source_timestamp":873811134599981,"circlet_count":0,"master_deck":["Strike_R","Strike_R","Defend_R+1","Defend_R+1","Defend_R","Defend_R","Bash","Cleave","Dual Wield","Thunderclap","Twin Strike+1","Anger+1","Pummel","Cleave","Seeing Red+1","Twin Strike+1","Cleave","Pommel Strike+1","Flex+1","Cleave","Rage+1","Warcry+1","Whirlwind+1","Infernal Blade+1"],"relics":["Burning Blood","HandDrill","Blood Vial","Bag of Preparation","Sozu","Art of War","Frozen Egg 2","Potion Belt"],"potions_floor_usage":[24,33,33],"damage_taken":[{"damage":11,"enemies":"Small Slimes","floor":1,"turns":4},{"damage":13,"enemies":"Jaw Worm","floor":3,"turns":4},{"damage":14,"enemies":"2 Louse","floor":4,"turns":2},{"damage":29,"enemies":"Gremlin Nob","floor":6,"turns":5},{"damage":12,"enemies":"Looter","floor":7,"turns":3},{"damage":7,"enemies":"3 Louse","floor":11,"turns":2},{"damage":10,"enemies":"Lots of Slimes","floor":12,"turns":3},{"damage":0,"enemies":"Gremlin Gang","floor":14,"turns":2},{"damage":29,"enemies":"Slime Boss","floor":16,"turns":9},{"damage":16,"enemies":"Spheric Guardian","floor":18,"turns":4},{"damage":4,"enemies":"Chosen","floor":22,"turns":3},{"damage":30,"enemies":"Book of Stabbing","floor":24,"turns":5},{"damage":11,"enemies":"Snake Plant","floor":25,"turns":3},{"damage":15,"enemies":"Slavers","floor":27,"turns":3},{"damage":6,"enemies":"Cultist and Chosen","floor":28,"turns":5},{"damage":12,"enemies":"Chosen and Byrds","floor":30,"turns":5},{"damage":12,"enemies":"Shelled Parasite and Fungi","floor":31,"turns":4},{"damage":86,"enemies":"Champ","floor":33,"turns":10}],"seed_played":"526237899448092286","potions_obtained":[{"floor":1,"key":"Swift Potion"},{"floor":4,"key":"Energy Potion"},{"floor":14,"key":"Fruit Juice"}],"is_trial":false,"path_per_floor":["M","?","M","M","$","E","M","R","T","$","M","M","?","M","R","B",null,"M","?","?","$","M","R","E","M","T","E","M","R","M","M","R"],"character_chosen":"IRONCLAD","items_purchased":["HandDrill","Cleave"],"campfire_rested":2,"item_purchase_floors":[5,21],"current_hp_per_floor":[75,75,68,60,60,37,33,33,33,33,34,32,16,24,48,27,80,70,70,70,70,74,74,52,49,49,42,44,44,40,36,60,0],"gold":138,"neow_bonus":"REMOVE_CARD","is_prod":false,"is_daily":false,"chose_seed":false,"campfire_upgraded":3,"win_rate":0,"timestamp":1539118644,"path_taken":["M","?","M","M","$","E","M","R","T","$","M","M","?","?","R","BOSS","M","?","?","$","M","R","E","M","T","E","M","R","M","M","R","BOSS"],"build_version":"2018-10-04v2","purchased_purges":3,"victory":false,"max_hp_per_floor":[80,80,80,80,80,80,80,80,80,80,80,80,80,80,80,80,80,80,80,80,80,80,80,80,80,80,80,80,80,80,80,80,85],"card_choices":[{"not_picked":["Fire Breathing","Thunderclap"],"picked":"Cleave","floor":1},{"not_picked":["True Grit","Evolve"],"picked":"Dual Wield","floor":3},{"not_picked":["Clash","Combust"],"picked":"Thunderclap","floor":4},{"not_picked":["Headbutt","Battle Trance"],"picked":"Twin Strike","floor":6},{"not_picked":["Clothesline","Sentinel"],"picked":"Anger","floor":7},{"not_picked":["Battle Trance","Clash"],"picked":"Pummel","floor":11},{"not_picked":["Shrug It Off","Thunderclap"],"picked":"Cleave","floor":12},{"not_picked":["Sword Boomerang","Offering","Havoc"],"picked":"SKIP","floor":14},{"not_picked":["Headbutt+1","Clash"],"picked":"Seeing Red","floor":18},{"not_picked":["Clash","Perfected Strike"],"picked":"Pommel Strike+1","floor":22},{"not_picked":["Rupture","Exhume"],"picked":"Flex","floor":24},{"not_picked":["Armaments","Pommel Strike"],"picked":"Cleave","floor":25},{"not_picked":["Rupture+1","Shockwave+1"],"picked":"Rage+1","floor":27},{"not_picked":["True Grit","Carnage"],"picked":"Warcry+1","floor":28},{"not_picked":["Sentinel","Clash"],"picked":"Whirlwind+1","floor":30},{"not_picked":["Pommel Strike+1","Perfected Strike"],"picked":"Infernal Blade+1","floor":31}],"player_experience":162097,"relics_obtained":[{"floor":6,"key":"Blood Vial"},{"floor":9,"key":"Bag of Preparation"},{"floor":24,"key":"Art of War"},{"floor":26,"key":"Frozen Egg 2"},{"floor":27,"key":"Potion Belt"}],"event_choices":[{"event_name":"Liars Game","player_choice":"agreed","floor":2,"damage_taken":0},{"event_name":"Shining Light","player_choice":"Entered Light","floor":13,"damage_taken":0},{"event_name":"Duplicator","player_choice":"One dupe","floor":19,"damage_taken":0},{"event_name":"Accursed Blacksmith","player_choice":"Forge","floor":20,"damage_taken":0}],"is_beta":false,"boss_relics":[{"not_picked":["Runic Cube","Orrery"],"picked":"Sozu"}],"items_purged_floors":[5,10,21],"is_endless":false,"potions_floor_spawned":[1,4,14,25,28,31],"killed_by":"Champ","ascension_level":2}