{"gold_per_floor":[119,52,65,65,77,77,109,128,205,217,217,230,230,269,269,360,360,375,375,375,396,410,410,745,745,745,766,766,766],"floor_reached":29,"playtime":1547,"items_purged":[],"score":510,"play_id":"549e112c-58fc-45a6-8249-74ed93022795","local_time":"20190503104447","is_ascension_mode":true,"campfire_choices":[{"data":"Bouncing Flask","floor":6,"key":"SMITH"},{"floor":13,"key":"REST"},{"floor":15,"key":"REST"},{"floor":23,"key":"REST"},{"data":"Well Laid Plans","floor":25,"key":"SMITH"},{"floor":28,"key":"REST"}],"neow_cost":"NONE","seed_source_timestamp":365088757566300,"circlet_count":0,"master_deck":["AscendersBane","Defend_G","Defend_G","Defend_G","Defend_G","Defend_G","Strike_G+1","Strike_G","Strike_G+1","Survivor","Neutralize+1","PiercingWail","Poisoned Stab+1","Bouncing Flask+1","Well Laid Plans+1","Dodge and Roll","Deadly Poison","Leg Sweep","Cloak And Dagger","Deflect+1","Backflip+1","Footwork","Deflect"],"relics":["Ring of the Snake","Bronze Scales","Pocketwatch","Matryoshka","Golden Idol","Pen Nib","Empty Cage","Nilry\u0027s Codex","Old Coin","Singing Bowl","Whetstone"],"potions_floor_usage":[7,10,12,24,29],"damage_taken":[{"damage":2,"enemies":"Small Slimes","floor":1,"turns":3},{"damage":2,"enemies":"Jaw Worm","floor":3,"turns":4},{"damage":2,"enemies":"2 Louse","floor":5,"turns":2},{"damage":7,"enemies":"Lagavulin","floor":7,"turns":5},{"damage":10,"enemies":"Exordium Wildlife","floor":8,"turns":5},{"damage":11,"enemies":"Exordium Thugs","floor":10,"turns":4},{"damage":1,"enemies":"Looter","floor":12,"turns":3},{"damage":21,"enemies":"Gremlin Nob","floor":14,"turns":4},{"damage":2,"enemies":"Hexaghost","floor":16,"turns":8},{"damage":1,"enemies":"Shell Parasite","floor":18,"turns":6},{"damage":0,"enemies":"3 Byrds","floor":21,"turns":2},{"damage":4,"enemies":"Snake Plant","floor":22,"turns":5},{"damage":12,"enemies":"Book of Stabbing","floor":24,"turns":6},{"damage":1,"enemies":"Centurion and Healer","floor":27,"turns":9},{"damage":55,"enemies":"Slavers","floor":29,"turns":7}],"seed_played":"3997290887340552359","potions_obtained":[{"floor":3,"key":"LiquidBronze"},{"floor":5,"key":"Weak Potion"},{"floor":10,"key":"EssenceOfSteel"},{"floor":14,"key":"Ancient Potion"},{"floor":18,"key":"AttackPotion"}],"is_trial":false,"path_per_floor":["M","?","M","?","M","R","E","M","T","M","?","M","R","E","R","B",null,"M","?","?","M","M","R","E","R","T","M","R","E"],"character_chosen":"THE_SILENT","items_purchased":[],"campfire_rested":4,"item_purchase_floors":[],"current_hp_per_floor":[57,57,55,35,33,33,26,16,16,5,5,4,22,1,19,17,49,48,48,27,27,23,41,29,29,29,30,48,0],"gold":766,"neow_bonus":"RANDOM_COMMON_RELIC","is_prod":false,"is_daily":false,"chose_seed":false,"campfire_upgraded":2,"win_rate":0,"timestamp":1556847887,"path_taken":["M","?","M","?","M","R","E","M","T","M","?","?","R","E","R","BOSS","M","?","?","M","M","R","E","R","T","M","R","E"],"build_version":"2019-01-23","purchased_purges":0,"victory":false,"max_hp_per_floor":[66,66,66,66,66,66,66,66,66,66,60,60,60,60,60,60,60,60,60,60,60,60,60,60,60,60,62,62,62],"card_choices":[{"not_picked":["Acrobatics","Slice"],"picked":"PiercingWail","floor":1},{"not_picked":["Outmaneuver","Finisher"],"picked":"Poisoned Stab","floor":3},{"not_picked":["Accuracy","Dodge and Roll"],"picked":"Bouncing Flask","floor":5},{"not_picked":["Phantasmal Killer","Skewer"],"picked":"Well Laid Plans","floor":7},{"not_picked":["Dagger Spray","Sucker Punch"],"picked":"Dodge and Roll","floor":8},{"not_picked":["Accuracy","Dagger Spray"],"picked":"Deadly Poison","floor":10},{"not_picked":["Flying Knee","Dodge and Roll"],"picked":"Leg Sweep","floor":12},{"not_picked":["Quick Slash","Storm of Steel"],"picked":"Cloak And Dagger","floor":14},{"not_picked":["Skewer","Dodge and Roll"],"picked":"Deflect+1","floor":18},{"not_picked":["Flying Knee","Sucker Punch"],"picked":"Backflip+1","floor":21},{"not_picked":["Heel Hook","Bane+1"],"picked":"Footwork","floor":22},{"not_picked":["Caltrops","Underhanded Strike+1"],"picked":"Deflect","floor":24},{"not_picked":["Dagger Spray","Outmaneuver","Sucker Punch"],"picked":"Singing Bowl","floor":27}],"player_experience":1192497,"relics_obtained":[{"floor":7,"key":"Pocketwatch"},{"floor":9,"key":"Matryoshka"},{"floor":14,"key":"Pen Nib"},{"floor":20,"key":"Nilry\u0027s Codex"},{"floor":24,"key":"Old Coin"},{"floor":26,"key":"Singing Bowl"},{"floor":26,"key":"Whetstone"}],"event_choices":[{"damage_healed":0,"gold_gain":0,"player_choice":"Left Gold","damage_taken":0,"max_hp_gain":0,"max_hp_loss":0,"event_name":"World of Goop","floor":2,"gold_loss":67},{"damage_healed":0,"gold_gain":0,"player_choice":"Entered Light","damage_taken":20,"max_hp_gain":0,"max_hp_loss":0,"event_name":"Shining Light","floor":4,"gold_loss":0,"cards_upgraded":["Strike_G","Neutralize"]},{"damage_healed":0,"gold_gain":0,"player_choice":"Lose Max HP","damage_taken":0,"relics_obtained":["Golden Idol"],"max_hp_gain":0,"max_hp_loss":6,"event_name":"Golden Idol","floor":11,"gold_loss":0},{"damage_healed":0,"gold_gain":0,"player_choice":"Ignored","damage_taken":0,"max_hp_gain":0,"max_hp_loss":0,"event_name":"Vampires","floor":19,"gold_loss":0},{"damage_healed":0,"gold_gain":0,"player_choice":"Obtained Book","damage_taken":21,"max_hp_gain":0,"max_hp_loss":0,"event_name":"Cursed Tome","floor":20,"gold_loss":0}],"is_beta":false,"boss_relics":[{"not_picked":["Coffee Dripper","Tiny House"],"picked":"Empty Cage"}],"items_purged_floors":[],"is_endless":false,"potions_floor_spawned":[3,5,10,14,18,22],"killed_by":"Slavers","ascension_level":20}