{"gold_per_floor":[118,132,145,145,1,1,29,43,43,61,89,89,35,51,51,150,150,170,185,185,200,212,247,247,278,331,53,53,53,11,21,21,124,124,136,36,46,60,18,18,43,43,43,43,53,53,53,53,53,53],"floor_reached":50,"playtime":3198,"items_purged":["Strike_G","Defend_G","Poisoned Stab"],"score":780,"play_id":"b4be196b-15f7-4987-a37a-1be63e1c5578","local_time":"20190331152506","is_ascension_mode":true,"campfire_choices":[{"data":"Dagger Spray","floor":6,"key":"SMITH"},{"data":"Well Laid Plans","floor":12,"key":"SMITH"},{"data":"Crippling Poison","floor":15,"key":"SMITH"},{"floor":24,"key":"REST"},{"floor":29,"key":"REST"},{"floor":32,"key":"REST"},{"data":"Blur","floor":40,"key":"SMITH"},{"floor":42,"key":"REST"},{"floor":49,"key":"REST"}],"neow_cost":"NONE","seed_source_timestamp":575918558331388,"circlet_count":0,"master_deck":["AscendersBane","Defend_G+1","Defend_G+1","Defend_G+1","Defend_G+1","Survivor+1","Neutralize+1","Dagger Spray+1","Dodge and Roll+1","Well Laid Plans+1","Deadly Poison+1","Dodge and Roll+1","Backflip+1","Crippling Poison+1","Acrobatics+1","Wraith Form v2+1","Unload+1","Deadly Poison+1","Catalyst+1","Backflip+1","Bane+1","Bane+1","Deflect+1","Deflect+1","Deflect+1","Blur+1"],"relics":["Ring of the Snake","NeowsBlessing","Gremlin Horn","Meat on the Bone","The Courier","Astrolabe","Darkstone Periapt","Bottled Flame","Dream Catcher","Whetstone","Velvet Choker","Ornamental Fan","Shuriken","Mark of the Bloom"],"potions_floor_usage":[11,11,16,16,23,25,25,33,50,50],"damage_taken":[{"damage":0,"enemies":"Small Slimes","floor":1,"turns":1},{"damage":0,"enemies":"Cultist","floor":2,"turns":1},{"damage":0,"enemies":"Jaw Worm","floor":3,"turns":1},{"damage":12,"enemies":"3 Sentries","floor":7,"turns":8},{"damage":0,"enemies":"3 Louse","floor":8,"turns":1},{"damage":2,"enemies":"Looter","floor":10,"turns":4},{"damage":8,"enemies":"Lagavulin","floor":11,"turns":8},{"damage":6,"enemies":"Gremlin Gang","floor":14,"turns":3},{"damage":19,"enemies":"The Guardian","floor":16,"turns":12},{"damage":20,"enemies":"3 Byrds","floor":18,"turns":4},{"damage":4,"enemies":"Spheric Guardian","floor":19,"turns":6},{"damage":16,"enemies":"Snecko","floor":21,"turns":5},{"damage":6,"enemies":"Chosen and Byrds","floor":22,"turns":5},{"damage":40,"enemies":"Slavers","floor":23,"turns":6},{"damage":27,"enemies":"Book of Stabbing","floor":25,"turns":4},{"damage":30,"enemies":"Centurion and Healer","floor":31,"turns":5},{"damage":16,"enemies":"Collector","floor":33,"turns":9},{"damage":4,"enemies":"Orb Walker","floor":35,"turns":3},{"damage":11,"enemies":"3 Shapes","floor":37,"turns":5},{"damage":6,"enemies":"Maw","floor":38,"turns":7},{"damage":8,"enemies":"Nemesis","floor":41,"turns":7},{"damage":8,"enemies":"Sphere and 2 Shapes","floor":45,"turns":5},{"damage":68,"enemies":"Donu and Deca","floor":50,"turns":9}],"seed_played":"-5403452600110860543","potions_obtained":[{"floor":2,"key":"SpeedPotion"},{"floor":8,"key":"Swift Potion"},{"floor":10,"key":"SpeedPotion"},{"floor":11,"key":"Dexterity Potion"},{"floor":18,"key":"AttackPotion"},{"floor":21,"key":"LiquidBronze"},{"floor":22,"key":"SkillPotion"},{"floor":33,"key":"FearPotion"},{"floor":38,"key":"GhostInAJar"}],"is_trial":false,"path_per_floor":["M","M","M","?","$","R","E","M","T","M","E","R","$","M","R","B",null,"M","M","?","M","M","E","R","E","T","$","?","R","$","M","R","B",null,"M","$","M","M","$","R","E","R","T","$","M","?","?","?","R","B"],"character_chosen":"THE_SILENT","items_purchased":["Well Laid Plans","Crippling Poison","Bane","Whetstone","Explosive Potion","Deflect","SpeedPotion"],"campfire_rested":5,"item_purchase_floors":[5,13,27,27,27,30,39],"current_hp_per_floor":[63,63,63,63,63,63,51,51,51,49,41,41,41,47,47,40,63,43,39,39,35,41,13,34,19,19,19,19,40,40,22,43,39,62,58,58,47,41,41,41,45,66,66,66,58,58,58,58,58,0],"gold":53,"neow_bonus":"THREE_ENEMY_KILL","is_prod":false,"is_daily":false,"chose_seed":false,"campfire_upgraded":4,"win_rate":0,"timestamp":1554038706,"path_taken":["M","M","M","?","?","R","E","M","T","M","E","R","$","?","R","BOSS","M","M","?","?","M","E","R","E","T","$","?","R","$","M","R","BOSS","M","?","M","M","$","R","E","R","T","$","M","?","?","?","R","BOSS"],"build_version":"2019-01-23","purchased_purges":3,"victory":false,"max_hp_per_floor":[70,70,70,70,70,70,70,70,70,70,70,70,70,70,70,70,70,70,70,70,70,70,70,70,70,70,70,70,70,70,70,70,70,70,70,70,70,70,70,70,70,70,70,70,70,66,66,66,66,66],"card_choices":[{"not_picked":["Prepared","Tactician","Predator"],"picked":"SKIP","floor":1},{"not_picked":["Deflect","Masterful Stab"],"picked":"Dagger Spray","floor":2},{"not_picked":["Prepared","PiercingWail"],"picked":"Dodge and Roll","floor":3},{"not_picked":["Quick Slash","Distraction"],"picked":"Poisoned Stab","floor":7},{"not_picked":["PiercingWail","Backflip"],"picked":"Deadly Poison","floor":8},{"not_picked":["Blade Dance","Poisoned Stab"],"picked":"Dodge and Roll","floor":10},{"not_picked":["Distraction","Deflect"],"picked":"Backflip","floor":11},{"not_picked":["Dagger Throw","Choke","PiercingWail"],"picked":"SKIP","floor":14},{"not_picked":["Finisher","Dagger Spray","Flying Knee"],"picked":"SKIP","floor":18},{"not_picked":["Poisoned Stab+1","Choke"],"picked":"Deadly Poison+1","floor":19},{"not_picked":["Acrobatics","Blade Dance"],"picked":"Catalyst+1","floor":21},{"not_picked":["Flying Knee+1","Slice"],"picked":"Backflip+1","floor":22},{"not_picked":["Underhanded Strike","Slice"],"picked":"Bane","floor":23},{"not_picked":["Envenom","Leg Sweep","Backflip"],"picked":"SKIP","floor":25},{"not_picked":["Predator","Quick Slash+1","Cloak And Dagger"],"picked":"SKIP","floor":31},{"not_picked":["Dagger Spray","Envenom"],"picked":"Deflect+1","floor":32},{"not_picked":["Bane+1","Outmaneuver"],"picked":"Deflect+1","floor":35},{"not_picked":["PiercingWail","Concentrate+1"],"picked":"Blur","floor":37},{"not_picked":["Adrenaline","Bane+1","Flying Knee"],"picked":"SKIP","floor":38},{"not_picked":["Acrobatics+1","Concentrate+1","Dagger Throw+1"],"picked":"SKIP","floor":41},{"not_picked":["Setup","Blade Dance","All Out Attack"],"picked":"SKIP","floor":45}],"player_experience":399116,"relics_obtained":[{"floor":7,"key":"Gremlin Horn"},{"floor":9,"key":"Meat on the Bone"},{"floor":11,"key":"The Courier"},{"floor":23,"key":"Darkstone Periapt"},{"floor":25,"key":"Bottled Flame"},{"floor":26,"key":"Dream Catcher"},{"floor":41,"key":"Ornamental Fan"},{"floor":43,"key":"Shuriken"}],"event_choices":[{"cards_removed":["Strike_G"],"damage_healed":0,"gold_gain":0,"player_choice":"Offered Basic","damage_taken":0,"max_hp_gain":0,"max_hp_loss":0,"event_name":"Bonfire Elementals","floor":4,"gold_loss":0},{"damage_healed":0,"gold_gain":0,"player_choice":"Forge","damage_taken":0,"max_hp_gain":0,"max_hp_loss":0,"event_name":"Accursed Blacksmith","floor":20,"gold_loss":0,"cards_upgraded":["Deadly Poison"]},{"damage_healed":0,"gold_gain":0,"player_choice":"Upgraded","damage_taken":0,"max_hp_gain":0,"max_hp_loss":0,"event_name":"Upgrade Shrine","floor":28,"gold_loss":0,"cards_upgraded":["Bane"]},{"damage_healed":0,"gold_gain":0,"player_choice":"Max HP","damage_taken":0,"max_hp_gain":0,"max_hp_loss":4,"event_name":"Winding Halls","floor":46,"gold_loss":0},{"damage_healed":0,"gold_gain":0,"player_choice":"Memory 1","damage_taken":0,"max_hp_gain":0,"max_hp_loss":0,"event_name":"SensoryStone","floor":47,"gold_loss":0},{"damage_healed":0,"gold_gain":0,"player_choice":"Upgrade","damage_taken":0,"relics_obtained":["Mark of the Bloom"],"max_hp_gain":0,"max_hp_loss":0,"event_name":"MindBloom","floor":48,"gold_loss":0,"cards_upgraded":["Defend_G","Defend_G","Defend_G","Defend_G","Survivor","Dodge and Roll","Dodge and Roll","Backflip","Deflect"]}],"is_beta":false,"boss_relics":[{"not_picked":["Pandora\u0027s Box","Runic Pyramid"],"picked":"Astrolabe"},{"not_picked":["Coffee Dripper","Black Star"],"picked":"Velvet Choker"}],"items_purged_floors":[5,27,36],"is_endless":false,"potions_floor_spawned":[2,8,10,11,18,21,22,33,38],"killed_by":"Donu and Deca","ascension_level":10}