{"gold_per_floor":[111,111,121,140,26,26,26,26,26,44,55,71,24,42,42,147,147,147],"floor_reached":18,"playtime":708,"items_purged":[],"score":185,"play_id":"1863c245-3043-400f-aba6-be31b3ea8601","local_time":"20181024182119","is_ascension_mode":true,"campfire_choices":[{"data":"Static Discharge","floor":6,"key":"SMITH"},{"data":"Go for the Eyes","floor":8,"key":"SMITH"},{"data":"Blizzard","floor":15,"key":"SMITH"}],"neow_cost":"NONE","seed_source_timestamp":333398087762704,"circlet_count":0,"master_deck":["Strike_B","Strike_B","Strike_B","Strike_B","Defend_B","Defend_B","Defend_B","Defend_B","Zap","Dualcast","Chill","Go for the Eyes+1","Reinforced Body","Static Discharge+1","Blizzard+1","Stack","Cold Snap","Leap","Leap","Coolheaded","Biased Cognition"],"relics":["Cracked Core","Kunai","Runic Pyramid"],"potions_floor_usage":[16],"damage_taken":[{"damage":4,"enemies":"2 Louse","floor":1,"turns":3},{"damage":0,"enemies":"Cultist","floor":3,"turns":3},{"damage":1,"enemies":"Small Slimes","floor":4,"turns":4},{"damage":17,"enemies":"Exordium Wildlife","floor":10,"turns":4},{"damage":8,"enemies":"Red Slaver","floor":11,"turns":5},{"damage":1,"enemies":"2 Fungi Beasts","floor":12,"turns":4},{"damage":2,"enemies":"Blue Slaver","floor":14,"turns":4},{"damage":42,"enemies":"The Guardian","floor":16,"turns":16},{"damage":6,"enemies":"Shell Parasite","floor":18,"turns":6}],"seed_played":"-1485340937784337244","potions_obtained":[{"floor":11,"key":"Weak Potion"},{"floor":12,"key":"Ancient Potion"},{"floor":16,"key":"Weak Potion"}],"is_trial":false,"path_per_floor":["M","?","M","M","$","R","?","R","T","M","M","M","$","M","R","B",null],"character_chosen":"DEFECT","items_purchased":["Static Discharge","Blizzard","Leap"],"campfire_rested":0,"item_purchase_floors":[5,5,13],"current_hp_per_floor":[71,75,75,74,74,74,74,74,74,57,49,48,48,46,46,4,75,69],"gold":147,"neow_bonus":"THREE_CARDS","is_prod":false,"is_daily":false,"chose_seed":false,"campfire_upgraded":3,"win_rate":0,"timestamp":1540398079,"path_taken":["M","?","?","M","$","R","?","R","T","M","M","M","$","M","R","BOSS","M"],"build_version":"2018-10-18","purchased_purges":0,"victory":false,"max_hp_per_floor":[75,75,75,75,75,75,75,75,75,75,75,75,75,75,75,75,75,75],"card_choices":[{"not_picked":["Streamline","Rebound"],"picked":"Chill","floor":0},{"not_picked":["Sweeping Beam","Compile Driver"],"picked":"Go for the Eyes","floor":1},{"not_picked":["Rebound","Coolheaded"],"picked":"Reinforced Body","floor":3},{"not_picked":["Compile Driver","Fission","Tempest"],"picked":"SKIP","floor":4},{"not_picked":["Blizzard","Streamline"],"picked":"Stack","floor":10},{"not_picked":["Self Repair","Consume"],"picked":"Cold Snap","floor":11},{"not_picked":["Sweeping Beam","Gash"],"picked":"Leap","floor":12},{"not_picked":["Streamline","Lockon"],"picked":"Coolheaded","floor":14},{"not_picked":["All For One","Reboot"],"picked":"Biased Cognition","floor":16}],"player_experience":244668,"relics_obtained":[{"floor":9,"key":"Kunai"}],"event_choices":[{"damage_healed":4,"gold_gain":0,"player_choice":"Full Heal","damage_taken":0,"max_hp_gain":0,"max_hp_loss":0,"event_name":"Wheel of Change","floor":2,"gold_loss":0},{"damage_healed":0,"gold_gain":0,"player_choice":"Leave","damage_taken":0,"max_hp_gain":0,"max_hp_loss":0,"event_name":"The Cleric","floor":7,"gold_loss":0}],"is_beta":false,"boss_relics":[{"not_picked":["Philosopher\u0027s Stone","Runic Dome"],"picked":"Runic Pyramid"}],"items_purged_floors":[],"is_endless":false,"potions_floor_spawned":[11,12,16],"killed_by":"Shell Parasite","ascension_level":4}