{"gold_per_floor":[111,36,46,61,81,81,81,81,81,114,127,127,127,27,27,125,125,138,63,63,18,18,18,18,46,71,82,82,82,82,93,93,195,195,212,434,434,447,233,233,233],"floor_reached":41,"playtime":1176,"items_purged":["Strike_B","Parasite","Writhe"],"score":385,"play_id":"a2e39942-a617-4d93-ba14-8cca9f23dc7a","local_time":"20190423020855","is_ascension_mode":false,"campfire_choices":[{"data":"Zap","floor":6,"key":"SMITH"},{"data":"Capacitor","floor":8,"key":"SMITH"},{"data":"Coolheaded","floor":13,"key":"SMITH"},{"data":"Dualcast","floor":15,"key":"SMITH"},{"data":"Thunder Strike","floor":23,"key":"SMITH"},{"data":"BootSequence","floor":29,"key":"SMITH"},{"floor":32,"key":"REST"},{"data":"Zap","floor":40,"key":"SMITH"}],"neow_cost":"NONE","seed_source_timestamp":15456096985417,"circlet_count":0,"master_deck":["Strike_B","Strike_B","Defend_B","Defend_B","Defend_B","Defend_B+1","Zap+1","Dualcast+1","FTL","Ball Lightning","Capacitor+1","Redo+1","Coolheaded+1","Thunder Strike+1","White Noise+1","Gash","Necronomicurse","Cold Snap+1","Parasite","BootSequence+1","Clumsy","Streamline","Thunder Strike","Leap+1","Zap+1","Chill","Self Repair","Redo"],"relics":["Cracked Core","Bronze Scales","WingedGreaves","Bird Faced Urn","Cursed Key","Necronomicon","Red Mask","DataDisk","Mummified Hand","Ancient Tea Set","Sozu"],"potions_floor_usage":[11,16,27,33,41],"damage_taken":[{"damage":0,"enemies":"Cultist","floor":1,"turns":3},{"damage":0,"enemies":"Small Slimes","floor":3,"turns":3},{"damage":7,"enemies":"2 Louse","floor":4,"turns":2},{"damage":6,"enemies":"2 Fungi Beasts","floor":5,"turns":3},{"damage":23,"enemies":"Lagavulin","floor":10,"turns":5},{"damage":0,"enemies":"3 Louse","floor":11,"turns":1},{"damage":8,"enemies":"The Guardian","floor":16,"turns":8},{"damage":2,"enemies":"Chosen","floor":18,"turns":3},{"damage":9,"enemies":"Masked Bandits","floor":25,"turns":3},{"damage":11,"enemies":"Spheric Guardian","floor":27,"turns":4},{"damage":8,"enemies":"Snake Plant","floor":31,"turns":4},{"damage":70,"enemies":"Collector","floor":33,"turns":8},{"damage":18,"enemies":"Orb Walker","floor":35,"turns":4},{"damage":19,"enemies":"3 Shapes","floor":38,"turns":4},{"damage":59,"enemies":"Writhing Mass","floor":41,"turns":4}],"seed_played":"-2837933752794791943","potions_obtained":[{"floor":1,"key":"Swift Potion"},{"floor":3,"key":"SneckoOil"},{"floor":5,"key":"Explosive Potion"},{"floor":11,"key":"AttackPotion"},{"floor":25,"key":"Regen Potion"}],"is_trial":false,"path_per_floor":["M","$","M","M","M","R","?","R","T","E","M","?","R","$","R","B",null,"M","?","?","$","?","R","$","?","T","M","?","R","T","M","R","B",null,"M","?","?","M","$","R","M"],"character_chosen":"DEFECT","items_purchased":["Gash","Self Repair","Redo"],"campfire_rested":1,"item_purchase_floors":[21,39,39],"current_hp_per_floor":[75,75,75,68,62,62,47,47,47,24,24,42,42,42,42,36,72,72,72,72,72,56,56,56,51,51,53,53,53,53,49,70,4,72,56,56,56,41,41,41,0],"gold":233,"neow_bonus":"RANDOM_COMMON_RELIC","is_prod":false,"is_daily":false,"chose_seed":false,"campfire_upgraded":7,"win_rate":0,"timestamp":1555956535,"path_taken":["M","$","M","?","M","R","?","R","T","E","M","?","R","$","R","BOSS","M","?","?","$","?","R","$","?","T","?","?","R","?","M","R","BOSS","M","?","?","?","$","R","M"],"build_version":"2019-01-23","purchased_purges":3,"victory":false,"max_hp_per_floor":[75,75,75,75,75,75,75,75,75,75,75,75,75,72,72,72,72,72,72,72,72,72,72,72,72,72,72,72,72,72,72,72,72,72,72,72,72,72,72,72,72],"card_choices":[{"not_picked":["Redo","Barrage"],"picked":"FTL","floor":1},{"not_picked":["BootSequence","Conserve Battery"],"picked":"Ball Lightning","floor":3},{"not_picked":["Steam","White Noise"],"picked":"Capacitor","floor":4},{"not_picked":["Leap","Compile Driver"],"picked":"Redo","floor":5},{"not_picked":["Hyperbeam","Compile Driver","Redo"],"picked":"SKIP","floor":10},{"not_picked":["Leap","Steam"],"picked":"Coolheaded","floor":11},{"not_picked":["Rainbow","Buffer"],"picked":"Thunder Strike","floor":16},{"not_picked":["Leap","Skim"],"picked":"White Noise+1","floor":18},{"not_picked":["Leap","Compile Driver+1"],"picked":"Cold Snap+1","floor":25},{"not_picked":["Hello World","Steam Power"],"picked":"BootSequence","floor":27},{"not_picked":["Chill","Cold Snap+1"],"picked":"Streamline","floor":31},{"not_picked":["Fission","Amplify"],"picked":"Thunder Strike","floor":33},{"not_picked":["Conserve Battery+1","Aggregate+1"],"picked":"Leap+1","floor":35},{"not_picked":["Barrage","Undo+1"],"picked":"Chill","floor":38}],"player_experience":466409,"relics_obtained":[{"floor":9,"key":"WingedGreaves"},{"floor":10,"key":"Bird Faced Urn"},{"floor":22,"key":"Necronomicon"},{"floor":25,"key":"Red Mask"},{"floor":26,"key":"DataDisk"},{"floor":30,"key":"Ancient Tea Set"}],"event_choices":[{"damage_healed":0,"gold_gain":0,"player_choice":"Entered Light","damage_taken":15,"max_hp_gain":0,"max_hp_loss":0,"event_name":"Shining Light","floor":7,"gold_loss":0,"cards_upgraded":["Defend_B","Redo"]},{"damage_healed":18,"gold_gain":0,"player_choice":"Healed and dodged fight","damage_taken":0,"max_hp_gain":0,"max_hp_loss":0,"event_name":"Mushrooms","floor":12,"gold_loss":0,"cards_obtained":["Parasite"]},{"cards_removed":["Strike_B"],"damage_healed":0,"gold_gain":0,"player_choice":"Gave Gold","damage_taken":0,"max_hp_gain":0,"max_hp_loss":0,"event_name":"Beggar","floor":19,"gold_loss":75},{"damage_healed":0,"gold_gain":0,"player_choice":"Ignored","damage_taken":0,"max_hp_gain":0,"max_hp_loss":0,"event_name":"Vampires","floor":20,"gold_loss":0},{"damage_healed":0,"gold_gain":0,"player_choice":"Obtained Book","damage_taken":16,"max_hp_gain":0,"max_hp_loss":0,"event_name":"Cursed Tome","floor":22,"gold_loss":0},{"damage_healed":0,"gold_gain":0,"player_choice":"Fought Bandits","damage_taken":0,"max_hp_gain":0,"max_hp_loss":0,"event_name":"Masked Bandits","floor":25,"gold_loss":0},{"damage_healed":0,"gold_gain":0,"player_choice":"Opened","damage_taken":0,"relics_obtained":["Mummified Hand"],"max_hp_gain":0,"max_hp_loss":0,"event_name":"The Mausoleum","floor":28,"gold_loss":0,"cards_obtained":["Writhe"]},{"damage_healed":0,"gold_gain":222,"player_choice":"Wore Mask","damage_taken":0,"max_hp_gain":0,"max_hp_loss":0,"event_name":"Tomb of Lord Red Mask","floor":36,"gold_loss":0},{"damage_healed":0,"gold_gain":0,"player_choice":"1 cards matched","damage_taken":0,"max_hp_gain":0,"max_hp_loss":0,"event_name":"Match and Keep!","floor":37,"gold_loss":0,"cards_obtained":["Zap"]}],"is_beta":false,"boss_relics":[{"not_picked":["Runic Dome","Busted Crown"],"picked":"Cursed Key"},{"not_picked":["Pandora\u0027s Box","Tiny House"],"picked":"Sozu"}],"items_purged_floors":[2,14,39],"is_endless":false,"potions_floor_spawned":[1,3,5,11,25,35],"killed_by":"Writhing Mass","ascension_level":0}