{"gold_per_floor":[215,215,229,229,7,37,52,64,64,80,80,94,94,108,108,211,211,230,230,230,247,36,36,55,68,92,92,92,92,108,125,125,230,230,244,244,244,257,274,274,3,17,43,43,63,63,63,74,74,74],"floor_reached":51,"playtime":2424,"items_purged":["Defend_B","Rebound"],"score":1015,"play_id":"9e07068e-5d82-453f-a060-f7fae29dc937","local_time":"20190104012633","is_ascension_mode":true,"campfire_choices":[{"data":"Zap","floor":11.0,"key":"SMITH"},{"floor":15.0,"key":"REST"},{"data":"Apotheosis","floor":23.0,"key":"SMITH"},{"data":"Go for the Eyes","floor":32.0,"key":"SMITH"},{"data":"Blind","floor":40.0,"key":"SMITH"},{"floor":49.0,"key":"REST"}],"neow_cost":"NONE","seed_source_timestamp":175586862711428,"circlet_count":0,"master_deck":["Defend_B","Defend_B","Zap+1","Dualcast","Ball Lightning","Ball Lightning","Streamline","Conserve Battery","BootSequence","Glacier","Consume","Conserve Battery","Cold Snap","Electrodynamics","Hologram","Necronomicurse","Ghostly","Ghostly","Ghostly","Ghostly","Ghostly","Apotheosis+1","Stack","Sweeping Beam","Doom and Gloom+1","Melter","Go for the Eyes+1","Machine Learning","Leap+1","Blind+1","Defragment","Defragment","Capacitor+1"],"special_seed":0,"relics":["Cracked Core","Membership Card","Vajra","Sundial","Torii","White Beast Statue","Necronomicon","Bronze Scales","Dream Catcher","Velvet Choker","Bag of Marbles","Ancient Tea Set","Juzu Bracelet","Singing Bowl"],"potions_floor_usage":[50,50,50],"damage_taken":[{"damage":6.0,"enemies":"2 Louse","floor":1.0,"turns":3.0},{"damage":0.0,"enemies":"Cultist","floor":3.0,"turns":2.0},{"damage":30.0,"enemies":"3 Sentries","floor":6.0,"turns":4.0},{"damage":0.0,"enemies":"Small Slimes","floor":7.0,"turns":2.0},{"damage":5.0,"enemies":"2 Fungi Beasts","floor":8.0,"turns":3.0},{"damage":0.0,"enemies":"Blue Slaver","floor":10.0,"turns":4.0},{"damage":6.0,"enemies":"Looter","floor":12.0,"turns":3.0},{"damage":0.0,"enemies":"2 Fungi Beasts","floor":14.0,"turns":3.0},{"damage":0.0,"enemies":"Slime Boss","floor":16.0,"turns":9.0},{"damage":0.0,"enemies":"Chosen","floor":18.0,"turns":4.0},{"damage":0.0,"enemies":"2 Thieves","floor":21.0,"turns":4.0},{"damage":0.0,"enemies":"Sentry and Sphere","floor":24.0,"turns":4.0},{"damage":0.0,"enemies":"Cultist and Chosen","floor":25.0,"turns":4.0},{"damage":3.0,"enemies":"Colosseum Slavers","floor":28.0,"turns":4.0},{"damage":1.0,"enemies":"Centurion and Healer","floor":30.0,"turns":2.0},{"damage":0.0,"enemies":"Snecko","floor":31.0,"turns":5.0},{"damage":2.0,"enemies":"Champ","floor":33.0,"turns":10.0},{"damage":10.0,"enemies":"3 Darklings","floor":35.0,"turns":4.0},{"damage":0.0,"enemies":"3 Shapes","floor":38.0,"turns":3.0},{"damage":4.0,"enemies":"Writhing Mass","floor":39.0,"turns":7.0},{"damage":1.0,"enemies":"Transient","floor":42.0,"turns":5.0},{"damage":4.0,"enemies":"Maw","floor":45.0,"turns":6.0},{"damage":5.0,"enemies":"4 Shapes","floor":48.0,"turns":5.0},{"damage":1,"enemies":"Awakened One","floor":50,"turns":13}],"seed_played":"5706996150350205548","potions_obtained":[{"floor":3.0,"key":"SneckoOil"},{"floor":7.0,"key":"Weak Potion"},{"floor":12.0,"key":"SkillPotion"},{"floor":16.0,"key":"AttackPotion"},{"floor":18.0,"key":"SpeedPotion"},{"floor":24.0,"key":"Block Potion"},{"floor":33.0,"key":"Block Potion"},{"floor":35.0,"key":"SteroidPotion"},{"floor":38.0,"key":"EssenceOfSteel"},{"floor":39.0,"key":"Strength Potion"},{"floor":42.0,"key":"Dexterity Potion"},{"floor":45.0,"key":"Weak Potion"}],"is_trial":false,"path_per_floor":["M","?","M","?","$","E","M","M","T","M","R","M","?","M","R","B",null,"M","?","?","M","$","R","M","M","T","?","?","?","M","M","R","B",null,"M","?","?","M","M","R","$","M","T","?","M","T","?","M","R","B",null],"character_chosen":"DEFECT","items_purchased":["Membership Card","Conserve Battery","Apotheosis","Bronze Scales","Stack","Defragment","FocusPotion","Bag of Marbles","Ancient Tea Set"],"campfire_rested":2,"item_purchase_floors":[5,5,22,22,22,41,41,41,41],"current_hp_per_floor":[62,62,62,62,62,32,32,27,27,27,27,21,18,18,40,40,66,66,50,37,37,37,37,37,37,37,37,34,34,33,33,33,31,36,26,26,26,26,22,22,22,21,21,21,17,17,17,12,25,24],"gold":74,"neow_bonus":"HUNDRED_GOLD","is_prod":false,"is_daily":false,"chose_seed":false,"campfire_upgraded":4,"win_rate":0,"timestamp":1546532793,"path_taken":["M","?","?","?","$","E","M","M","T","M","R","?","?","M","R","BOSS","M","?","?","M","$","R","M","M","T","?","?","?","M","?","R","BOSS","M","?","?","M","M","R","$","M","T","?","M","?","?","M","R","BOSS"],"build_version":"2018-12-20","purchased_purges":2,"victory":true,"max_hp_per_floor":[75,75,75,75,75,75,75,75,75,75,75,75,75,75,75,75,75,75,75,37,37,37,37,37,37,37,37,37,37,37,37,37,37,37,37,37,37,37,37,37,37,37,37,37,37,37,37,37,39,39],"card_choices":[{"not_picked":["Leap","Go for the Eyes"],"picked":"Ball Lightning","floor":1.0},{"not_picked":["Hologram","Barrage"],"picked":"Streamline","floor":3.0},{"not_picked":["Heatsinks","Sunder"],"picked":"BootSequence","floor":6.0},{"not_picked":["White Noise","Heatsinks"],"picked":"Glacier","floor":7.0},{"not_picked":["Darkness","Beam Cell","Turbo"],"picked":"SKIP","floor":8.0},{"not_picked":["Steam","Chill"],"picked":"Consume","floor":10.0},{"not_picked":["Hello World","Reprogram"],"picked":"Conserve Battery","floor":12.0},{"not_picked":["Turbo","Redo"],"picked":"Cold Snap","floor":14.0},{"not_picked":["Reboot","Biased Cognition"],"picked":"Electrodynamics","floor":16.0},{"not_picked":["Storm","Gash"],"picked":"Hologram","floor":18.0},{"not_picked":["Beam Cell+1","Undo+1","Gash"],"picked":"SKIP","floor":21.0},{"not_picked":["Gash","Scrape+1"],"picked":"Sweeping Beam","floor":24.0},{"not_picked":["Turbo","Steam"],"picked":"Doom and Gloom+1","floor":25.0},{"not_picked":["Darkness","Gash","Ball Lightning"],"picked":"SKIP","floor":30.0},{"not_picked":["Darkness+1","All For One"],"picked":"Go for the Eyes","floor":31.0},{"not_picked":["All For One","Amplify"],"picked":"Machine Learning","floor":33.0},{"not_picked":["Hologram","Gash"],"picked":"Leap+1","floor":35.0},{"not_picked":["Flash of Steel","PanicButton"],"picked":"Blind","floor":36.0},{"not_picked":["Thunder Strike","Skim","Stack"],"picked":"SKIP","floor":38.0},{"not_picked":["Turbo","Streamline+1","Biased Cognition"],"picked":"SKIP","floor":39.0},{"not_picked":["Compile Driver+1","Hologram+1","Cold Snap"],"picked":"SKIP","floor":42.0},{"not_picked":["Leap","Stack+1","Gash+1"],"picked":"SKIP","floor":45.0},{"not_picked":["Static Discharge+1","Buffer"],"picked":"Capacitor+1","floor":48.0},{"not_picked":["Cold Snap","Sweeping Beam+1","Genetic Algorithm"],"picked":"Singing Bowl","floor":49.0}],"player_experience":324672,"relics_obtained":[{"floor":6.0,"key":"Vajra"},{"floor":9.0,"key":"Sundial"},{"floor":19.0,"key":"Necronomicon"},{"floor":26.0,"key":"Dream Catcher"},{"floor":43.0,"key":"Juzu Bracelet"},{"floor":46.0,"key":"Singing Bowl"}],"event_choices":[{"damage_healed":0.0,"max_hp_gain":0.0,"max_hp_loss":0.0,"gold_gain":0.0,"cards_transformed":["Strike_B"],"event_name":"Transmorgrifier","player_choice":"Transformed","floor":2.0,"gold_loss":0.0,"damage_taken":0.0,"cards_obtained":["Ball Lightning"]},{"cards_removed":["Strike_B"],"damage_healed":0.0,"max_hp_gain":0.0,"max_hp_loss":0.0,"gold_gain":0.0,"event_name":"Purifier","player_choice":"Purged","floor":4.0,"gold_loss":0.0,"damage_taken":0.0},{"damage_healed":0.0,"max_hp_gain":0.0,"max_hp_loss":0.0,"gold_gain":0.0,"event_name":"Scrap Ooze","player_choice":"Success","floor":13.0,"gold_loss":0.0,"damage_taken":3.0,"relics_obtained":["Torii"]},{"damage_healed":0.0,"max_hp_gain":0.0,"max_hp_loss":0.0,"gold_gain":0.0,"event_name":"Cursed Tome","player_choice":"Obtained Book","floor":19.0,"gold_loss":0.0,"damage_taken":16.0},{"damage_healed":0.0,"max_hp_gain":0.0,"max_hp_loss":38.0,"gold_gain":0.0,"event_name":"Ghosts","player_choice":"Became a Ghost","floor":20.0,"gold_loss":0.0,"damage_taken":0.0,"cards_obtained":["Ghostly","Ghostly","Ghostly","Ghostly","Ghostly"]},{"damage_healed":0.0,"max_hp_gain":0.0,"max_hp_loss":0.0,"gold_gain":0.0,"cards_transformed":["Strike_B","Strike_B"],"event_name":"Drug Dealer","player_choice":"Became Test Subject","floor":27.0,"gold_loss":0.0,"damage_taken":0.0,"cards_obtained":["Melter","Rebound"]},{"damage_healed":0.0,"max_hp_gain":0.0,"max_hp_loss":0.0,"gold_gain":0.0,"event_name":"Colosseum","player_choice":"Fight","floor":28.0,"gold_loss":0.0,"damage_taken":0.0},{"damage_healed":0.0,"max_hp_gain":0.0,"max_hp_loss":0.0,"gold_gain":0.0,"event_name":"Colosseum","player_choice":"Fled From Nobs","floor":28.0,"gold_loss":0.0,"damage_taken":0.0},{"damage_healed":0.0,"max_hp_gain":0.0,"max_hp_loss":0.0,"gold_gain":0.0,"event_name":"FaceTrader","player_choice":"Leave","floor":29.0,"gold_loss":0.0,"damage_taken":0.0},{"damage_healed":0.0,"max_hp_gain":0.0,"max_hp_loss":0.0,"gold_gain":0.0,"event_name":"SensoryStone","player_choice":"Memory 1","floor":36.0,"gold_loss":0.0,"damage_taken":0.0},{"cards_removed":["Defend_B"],"damage_healed":0.0,"max_hp_gain":0.0,"max_hp_loss":0.0,"gold_gain":0.0,"event_name":"Bonfire Elementals","player_choice":"Offered Basic","floor":37.0,"gold_loss":0.0,"damage_taken":0.0},{"damage_healed":0.0,"max_hp_gain":0.0,"max_hp_loss":0.0,"gold_gain":0.0,"event_name":"Match and Keep!","player_choice":"0 cards matched","floor":44.0,"gold_loss":0.0,"damage_taken":0.0,"cards_obtained":[]},{"damage_healed":0.0,"max_hp_gain":0.0,"max_hp_loss":0.0,"gold_gain":0.0,"event_name":"Duplicator","player_choice":"Copied","floor":47.0,"gold_loss":0.0,"damage_taken":0.0,"cards_obtained":["Defragment"]}],"is_beta":false,"boss_relics":[{"not_picked":["Pandora\u0027s Box","Tiny House"],"picked":"White Beast Statue"},{"not_picked":["Empty Cage","Fusion Hammer"],"picked":"Velvet Choker"}],"items_purged_floors":[22,41],"is_endless":false,"potions_floor_spawned":[3,7,12,16,18,21,24,25,28,30,31,33,35,38,39,42,45,48],"ascension_level":7}