{"gold_per_floor":[117,117,117,117,117,161,236,236,263,282,317,338,379,395,395,521,521,541,541,57,72,72,111,111,150,176,199,199,230,230,269,269,398,398,414,433,433,447,463,506,506,524,524,563,577,577,577,591,591,591],"floor_reached":51,"playtime":3813,"items_purged":["Injury"],"score":934,"play_id":"f52d24d2-07f7-4030-a700-dddbfe316028","local_time":"20180803235132","is_ascension_mode":true,"campfire_choices":[{"data":"Anger","floor":8.0,"key":"SMITH"},{"data":"Armaments","floor":15.0,"key":"SMITH"},{"floor":24.0,"key":"REST"},{"floor":28.0,"key":"REST"},{"data":"Offering","floor":32.0,"key":"SMITH"},{"floor":47,"key":"REST"},{"floor":49,"key":"REST"}],"neow_cost":"NONE","seed_source_timestamp":0,"circlet_count":0,"master_deck":["Strike_R+1","Strike_R","Defend_R","Defend_R+1","Defend_R","Defend_R","Bash+1","Anger+1","Inflame","Battle Trance","Armaments+1","Perfected Strike","Anger","Apotheosis+1","Shockwave","Offering+1","Shrug It Off","Reaper","Double Tap","Battle Trance","Shrug It Off","Shrug It Off+1","Inflame+1"],"special_seed":0,"relics":["Burning Blood","NeowsBlessing","Golden Idol","Bronze Scales","Omamori","Art of War","Dodecahedron","Empty Cage","Sling","Blue Candle","Meat on the Bone","Mummified Hand","Happy Flower","Ancient Tea Set","Paper Frog","Fusion Hammer","Gremlin Horn","Shuriken","Oddly Smooth Stone"],"potions_floor_usage":[50],"damage_taken":[{"damage":0.0,"enemies":"2 Louse","floor":1.0,"turns":1.0},{"damage":0.0,"enemies":"Gremlin Nob","floor":6.0,"turns":1.0},{"damage":0.0,"enemies":"Cultist","floor":10.0,"turns":1.0},{"damage":22.0,"enemies":"Lagavulin","floor":11.0,"turns":5.0},{"damage":0.0,"enemies":"Small Slimes","floor":12.0,"turns":2.0},{"damage":10.0,"enemies":"Gremlin Nob","floor":13.0,"turns":3.0},{"damage":8.0,"enemies":"Blue Slaver","floor":14.0,"turns":3.0},{"damage":42.0,"enemies":"Slime Boss","floor":16.0,"turns":10.0},{"damage":4.0,"enemies":"Chosen","floor":18.0,"turns":4.0},{"damage":11.0,"enemies":"3 Byrds","floor":21.0,"turns":4.0},{"damage":62.0,"enemies":"Slavers","floor":23.0,"turns":5.0},{"damage":24.0,"enemies":"Gremlin Leader","floor":25.0,"turns":5.0},{"damage":16.0,"enemies":"Centurion and Healer","floor":27.0,"turns":4.0},{"damage":16.0,"enemies":"Book of Stabbing","floor":29.0,"turns":4.0},{"damage":12.0,"enemies":"Gremlin Leader","floor":31.0,"turns":5.0},{"damage":87.0,"enemies":"Automaton","floor":33.0,"turns":9.0},{"damage":21.0,"enemies":"Flame Bruiser 1 Orb","floor":35.0,"turns":4.0},{"damage":13.0,"enemies":"3 Darklings","floor":36.0,"turns":3.0},{"damage":16.0,"enemies":"Flame Bruiser 2 Orb","floor":38.0,"turns":4.0},{"damage":20.0,"enemies":"Sphere and 2 Shapes","floor":39.0,"turns":4.0},{"damage":14.0,"enemies":"2 Orb Walkers","floor":40.0,"turns":3.0},{"damage":13.0,"enemies":"Maw","floor":42.0,"turns":6.0},{"damage":39.0,"enemies":"Nemesis","floor":44.0,"turns":7.0},{"damage":5.0,"enemies":"Flame Bruiser 2 Orb","floor":45.0,"turns":3.0},{"damage":5,"enemies":"Transient","floor":48,"turns":5},{"damage":68,"enemies":"Donu and Deca","floor":50,"turns":8}],"seed_played":"145539134634896382","potions_obtained":[{"floor":1.0,"key":"Poison Potion"},{"floor":13.0,"key":"EssenceOfSteel"},{"floor":16.0,"key":"SteroidPotion"},{"floor":23.0,"key":"Explosive Potion"},{"floor":29.0,"key":"SkillPotion"},{"floor":31.0,"key":"Ancient Potion"},{"floor":33.0,"key":"Regen Potion"},{"floor":35.0,"key":"SteroidPotion"},{"floor":36.0,"key":"Block Potion"},{"floor":42.0,"key":"EssenceOfSteel"},{"floor":45.0,"key":"Fire Potion"}],"is_trial":false,"path_per_floor":["M","?","?","?","?","E","?","R","T","M","E","M","E","M","R","B",null,"M","?","$","M","?","E","R","E","T","M","R","E","?","E","R","B",null,"M","M","?","M","M","E","?","M","T","E","M","$","R","M","R","B"],"character_chosen":"IRONCLAD","items_purchased":["Apotheosis","Sling"],"campfire_rested":4,"item_purchase_floors":[20,20],"current_hp_per_floor":[80,80,64,64,64,70,59,59,59,65,49,55,51,49,49,13,80,80,80,80,75,75,19,43,37,37,39,63,53,53,79,79,23,80,65,78,80,70,73,80,80,73,73,53,75,75,80,80,80,39],"gold":591,"neow_bonus":"THREE_ENEMY_KILL","is_prod":false,"is_daily":false,"chose_seed":false,"campfire_upgraded":3,"win_rate":0,"timestamp":1533358292,"path_taken":["M","?","?","?","?","E","?","R","T","M","E","M","E","M","R","BOSS","M","?","$","M","?","E","R","E","T","M","R","E","?","E","R","BOSS","M","M","?","M","M","E","?","M","T","E","M","$","R","M","R","BOSS"],"build_version":"2018-08-02","purchased_purges":1,"victory":true,"max_hp_per_floor":[80,80,80,80,80,80,80,80,80,80,80,80,80,80,80,80,80,80,80,80,80,80,80,80,80,80,80,80,80,80,80,80,80,80,80,80,80,80,80,80,80,80,80,80,80,80,80,80,80,80],"card_choices":[{"not_picked":["Flame Barrier","Cleave","Blood for Blood"],"picked":"SKIP","floor":1.0},{"not_picked":["Pommel Strike","Whirlwind"],"picked":"Anger","floor":6.0},{"not_picked":["Dropkick","Headbutt"],"picked":"Inflame","floor":10.0},{"not_picked":["Pommel Strike","Thunderclap"],"picked":"Battle Trance","floor":11.0},{"not_picked":["Dual Wield","Uppercut"],"picked":"Armaments","floor":12.0},{"not_picked":["Cleave","Dual Wield"],"picked":"Perfected Strike","floor":13.0},{"not_picked":["Entrench","Searing Blow","Perfected Strike"],"picked":"SKIP","floor":14.0},{"not_picked":["Cleave","Pommel Strike+1"],"picked":"Anger","floor":18.0},{"not_picked":["Armaments","Cleave"],"picked":"Shockwave","floor":21.0},{"not_picked":["Perfected Strike+1","Sentinel"],"picked":"Offering","floor":23.0},{"not_picked":["Headbutt","Iron Wave","Warcry+1"],"picked":"SKIP","floor":25.0},{"not_picked":["Heavy Blade+1","Inflame"],"picked":"Shrug It Off","floor":27.0},{"not_picked":["Perfected Strike","Armaments"],"picked":"Reaper","floor":29.0},{"not_picked":["Clash","Headbutt","Body Slam+1"],"picked":"SKIP","floor":31.0},{"not_picked":["Berserk","Impervious"],"picked":"Double Tap","floor":33.0},{"not_picked":["Armaments","Havoc+1"],"picked":"Battle Trance","floor":35.0},{"not_picked":["Headbutt","Sever Soul","Uppercut+1"],"picked":"SKIP","floor":36.0},{"not_picked":["Warcry","Power Through+1"],"picked":"Shrug It Off","floor":38.0},{"not_picked":["Rampage+1","Havoc+1"],"picked":"Shrug It Off+1","floor":39.0},{"not_picked":["Sword Boomerang","True Grit+1"],"picked":"Inflame+1","floor":40.0},{"not_picked":["Twin Strike+1","Anger","Pommel Strike+1"],"picked":"SKIP","floor":42.0},{"not_picked":["Body Slam+1","Combust+1","Sword Boomerang+1"],"picked":"SKIP","floor":44.0},{"not_picked":["Metallicize","Cleave","Rampage"],"picked":"SKIP","floor":45.0},{"not_picked":["Berserk","Reckless Charge+1","Warcry"],"picked":"SKIP","floor":48}],"player_experience":154039,"relics_obtained":[{"floor":6.0,"key":"Bronze Scales"},{"floor":9.0,"key":"Omamori"},{"floor":11.0,"key":"Art of War"},{"floor":13.0,"key":"Dodecahedron"},{"floor":23.0,"key":"Meat on the Bone"},{"floor":25.0,"key":"Mummified Hand"},{"floor":26.0,"key":"Happy Flower"},{"floor":29.0,"key":"Ancient Tea Set"},{"floor":31.0,"key":"Paper Frog"},{"floor":40.0,"key":"Gremlin Horn"},{"floor":43.0,"key":"Shuriken"},{"floor":44.0,"key":"Oddly Smooth Stone"}],"event_choices":[{"event_name":"The Woman in Blue","player_choice":"Bought 0 Potions","floor":2.0,"damage_taken":0.0},{"event_name":"Shining Light","player_choice":"Entered Light","floor":3.0,"damage_taken":0.0},{"event_name":"Golden Idol","player_choice":"Take Wound","floor":4.0,"damage_taken":0.0},{"event_name":"Living Wall","player_choice":"Grow","floor":5.0,"damage_taken":0.0},{"event_name":"World of Goop","player_choice":"Gather Gold","floor":7.0,"damage_taken":0.0},{"event_name":"Ghosts","player_choice":"Ignored","floor":19.0,"damage_taken":0.0},{"event_name":"WeMeetAgain","player_choice":"Potion","floor":22.0,"damage_taken":0.0},{"event_name":"Upgrade Shrine","player_choice":"Upgraded","floor":30.0,"damage_taken":0.0},{"event_name":"Winding Halls","player_choice":"Writhe","floor":37.0,"damage_taken":0.0},{"event_name":"Falling","player_choice":"Removed Attack","floor":41.0,"damage_taken":0.0}],"is_beta":false,"boss_relics":[{"not_picked":["Black Star","Philosopher\u0027s Stone"],"picked":"Empty Cage"},{"not_picked":["Black Blood","Runic Pyramid"],"picked":"Fusion Hammer"}],"items_purged_floors":[20],"is_endless":false,"potions_floor_spawned":[1,13,16,23,29,31,33,35,36,42,45],"ascension_level":4}