{"gold_per_floor":[117,134,150,150,167,198,218,218,218,218,218],"floor_reached":11,"playtime":1910,"items_purged":[],"score":94,"play_id":"f12ac57d-aabf-4ab9-9edd-137f028b7569","local_time":"20181123103020","is_ascension_mode":true,"campfire_choices":[{"data":"Dodge and Roll","floor":8,"key":"SMITH"}],"neow_cost":"NONE","seed_source_timestamp":0,"circlet_count":0,"master_deck":["Defend_G","Defend_G","Defend_G","Defend_G+1","Defend_G","Strike_G","Strike_G","Strike_G","Strike_G","Strike_G","Survivor","Neutralize","Dagger Throw","Dodge and Roll+1","PiercingWail+1","Dagger Throw","Dodge and Roll","Endless Agony"],"special_seed":0,"relics":["Ring of the Snake","Bottled Lightning","Ninja Scroll"],"potions_floor_usage":[7],"damage_taken":[{"damage":6.0,"enemies":"Jaw Worm","floor":1.0,"turns":7.0},{"damage":0.0,"enemies":"Small Slimes","floor":2.0,"turns":3.0},{"damage":1.0,"enemies":"2 Louse","floor":3.0,"turns":3.0},{"damage":0.0,"enemies":"2 Fungi Beasts","floor":5.0,"turns":4.0},{"damage":8.0,"enemies":"3 Sentries","floor":6.0,"turns":7.0},{"damage":7,"enemies":"Looter","floor":7,"turns":4},{"damage":53,"enemies":"Gremlin Nob","floor":11,"turns":5}],"seed_played":"-5919900734337530191","potions_obtained":[{"floor":0.0,"key":"Explosive Potion"},{"floor":0.0,"key":"GamblersBrew"},{"floor":0.0,"key":"Fire Potion"},{"floor":5.0,"key":"Ancient Potion"},{"floor":6.0,"key":"GamblersBrew"}],"is_trial":false,"path_per_floor":["M","M","M","?","M","E","M","R","T","?","E"],"character_chosen":"THE_SILENT","items_purchased":[],"campfire_rested":0,"item_purchase_floors":[],"current_hp_per_floor":[64,64,63,68,68,60,53,53,53,38,0],"gold":218,"neow_bonus":"THREE_SMALL_POTIONS","is_prod":false,"is_daily":false,"chose_seed":false,"campfire_upgraded":1,"win_rate":0,"timestamp":1542990620,"path_taken":["M","M","M","?","M","E","M","R","T","?","E"],"build_version":"2018-11-15","purchased_purges":0,"victory":false,"max_hp_per_floor":[70,70,70,75,75,75,75,75,75,75,75],"card_choices":[{"not_picked":["Skewer","Infinite Blades"],"picked":"Dagger Throw","floor":1.0},{"not_picked":["Flechettes","Quick Slash"],"picked":"Dodge and Roll","floor":2.0},{"not_picked":["Outmaneuver","Flying Knee"],"picked":"PiercingWail","floor":3.0},{"not_picked":["Quick Slash","Accuracy"],"picked":"Dagger Throw","floor":5.0},{"not_picked":["Flying Knee","Deflect"],"picked":"Dodge and Roll","floor":6.0},{"not_picked":["All Out Attack","Dodge and Roll"],"picked":"Endless Agony","floor":7}],"player_experience":245169,"relics_obtained":[{"floor":6.0,"key":"Bottled Lightning"},{"floor":9,"key":"Ninja Scroll"}],"event_choices":[{"damage_healed":0.0,"max_hp_gain":5.0,"max_hp_loss":0.0,"gold_gain":0.0,"event_name":"Big Fish","player_choice":"Donut","floor":4.0,"gold_loss":0.0,"damage_taken":0.0},{"damage_healed":0,"gold_gain":0,"player_choice":"Entered Light","damage_taken":15,"max_hp_gain":0,"max_hp_loss":0,"event_name":"Shining Light","floor":10,"gold_loss":0,"cards_upgraded":["PiercingWail","Defend_G"]}],"is_beta":false,"boss_relics":[],"items_purged_floors":[],"is_endless":false,"potions_floor_spawned":[5,6],"killed_by":"Gremlin Nob","ascension_level":5}