{"gold_per_floor":[360,24,41,61,75,104,17,17,17,17,47,47,67,67,67,67],"floor_reached":16,"playtime":715,"items_purged":["Doubt"],"score":220,"play_id":"368999c2-bc22-414c-a0c1-847e08104ad1","local_time":"20190502211104","is_ascension_mode":true,"campfire_choices":[{"data":"Neutralize","floor":8,"key":"SMITH"},{"floor":10,"key":"REST"},{"data":"Dagger Spray","floor":12,"key":"SMITH"},{"data":"Well Laid Plans","floor":15,"key":"SMITH"}],"neow_cost":"CURSE","seed_source_timestamp":317096849103600,"circlet_count":0,"master_deck":["AscendersBane","Defend_G","Defend_G","Defend_G","Defend_G","Defend_G","Strike_G","Strike_G","Strike_G","Strike_G","Survivor","Neutralize+1","Dagger Spray+1","Backflip","Glass Knife","Dagger Throw","Dagger Spray","Blur","PiercingWail","Footwork","Footwork","Well Laid Plans+1"],"relics":["Ring of the Snake","Bottled Lightning","Mercury Hourglass","Darkstone Periapt"],"potions_floor_usage":[5,5,6,16],"damage_taken":[{"damage":29,"enemies":"Cultist","floor":1,"turns":7},{"damage":3,"enemies":"Small Slimes","floor":3,"turns":4},{"damage":0,"enemies":"2 Louse","floor":4,"turns":3},{"damage":0,"enemies":"Large Slime","floor":5,"turns":4},{"damage":14,"enemies":"3 Sentries","floor":6,"turns":7},{"damage":24,"enemies":"Gremlin Nob","floor":11,"turns":4},{"damage":0,"enemies":"Red Slaver","floor":13,"turns":5},{"damage":15,"enemies":"Slime Boss","floor":16,"turns":9}],"seed_played":"1581186182880944113","potions_obtained":[{"floor":3,"key":"EssenceOfSteel"},{"floor":5,"key":"Swift Potion"},{"floor":11,"key":"Block Potion"},{"floor":13,"key":"SmokeBomb"}],"is_trial":false,"path_per_floor":["M","$","M","M","M","E","$","R","T","R","E","R","M","?","R","B"],"character_chosen":"THE_SILENT","items_purchased":["Backflip","Glass Knife","Explosive Potion","Footwork"],"campfire_rested":1,"item_purchase_floors":[2,2,2,7],"current_hp_per_floor":[30,30,27,27,27,13,13,13,13,32,8,8,8,8,8,0],"gold":67,"neow_bonus":"TWO_FIFTY_GOLD","is_prod":false,"is_daily":false,"chose_seed":false,"campfire_upgraded":3,"win_rate":0,"timestamp":1556799064,"path_taken":["M","$","M","M","?","E","?","R","T","R","E","R","M","?","R","BOSS"],"build_version":"2019-01-23","purchased_purges":1,"victory":false,"max_hp_per_floor":[66,66,66,66,66,66,66,66,66,66,66,66,66,66,66,66],"card_choices":[{"not_picked":["Slice","Acrobatics"],"picked":"Dagger Spray","floor":1},{"not_picked":["Backflip","Escape Plan"],"picked":"Dagger Throw","floor":3},{"not_picked":["Concentrate","Reflex"],"picked":"Dagger Spray","floor":4},{"not_picked":["Outmaneuver","Quick Slash"],"picked":"Blur","floor":5},{"not_picked":["Deflect","Dagger Spray"],"picked":"PiercingWail","floor":6},{"not_picked":["Flechettes","Terror"],"picked":"Footwork","floor":11},{"not_picked":["Riddle With Holes","Setup"],"picked":"Well Laid Plans","floor":13}],"player_experience":1185461,"relics_obtained":[{"floor":6,"key":"Bottled Lightning"},{"floor":9,"key":"Mercury Hourglass"},{"floor":11,"key":"Darkstone Periapt"}],"event_choices":[{"cards_removed":["Strike_G"],"damage_healed":0,"gold_gain":0,"player_choice":"Purged","damage_taken":0,"max_hp_gain":0,"max_hp_loss":0,"event_name":"Purifier","floor":14,"gold_loss":0}],"is_beta":false,"boss_relics":[],"items_purged_floors":[2],"is_endless":false,"potions_floor_spawned":[3,5,11,13],"killed_by":"Slime Boss","ascension_level":20}