{"gold_per_floor":[18,34,51,51,65,16,16,16,16,16,76,76,89,106,106,211,211,231,250,175,450,465,491,507,507,507,534,534,550,550,50,50,154,154,164,264,264,174,190,190,190,204,204,235,235,268,24,57,57,57],"floor_reached":51,"playtime":1869,"items_purged":[],"score":900,"play_id":"e1cd4462-1e93-4caa-86fb-6d90c0e5171d","local_time":"20190509153143","is_ascension_mode":true,"campfire_choices":[{"data":"Heavy Blade","floor":7,"key":"SMITH"},{"data":"Shockwave","floor":10,"key":"SMITH"},{"data":"Limit Break","floor":12,"key":"SMITH"},{"data":"Spot Weakness","floor":15,"key":"SMITH"},{"floor":25,"key":"REST"},{"floor":28,"key":"REST"},{"data":"Flame Barrier","floor":30,"key":"SMITH"},{"data":"Dual Wield","floor":32,"key":"SMITH"},{"data":"Shrug It Off","floor":40,"key":"SMITH"},{"data":"Pommel Strike","floor":41,"key":"SMITH"},{"data":"Flame Barrier","floor":49,"key":"SMITH"}],"neow_cost":"NO_GOLD","seed_source_timestamp":166961575005300,"circlet_count":0,"master_deck":["Strike_R","Strike_R+1","Defend_R","Defend_R+1","Defend_R","Defend_R","Bash+1","Flame Barrier+1","Heavy Blade+1","Immolate","Shockwave+1","Shrug It Off+1","Limit Break+1","Pommel Strike+1","Spot Weakness+1","Thunderclap+1","Regret","Flex+1","Infernal Blade","Headbutt+1","Dual Wield+1","Reaper","Armaments+1","Flash of Steel","Twin Strike+1","Flame Barrier+1"],"relics":["Burning Blood","Unceasing Top","Ginger","Busted Crown","Bottled Lightning","Mercury Hourglass","WingedGreaves","Lee\u0027s Waffle","Sundial","Runic Cube","Du-Vu Doll","Pantograph","Whetstone","Frozen Egg 2","Paper Frog","Bag of Marbles"],"potions_floor_usage":[23,33,35,36,44,50,50],"damage_taken":[{"damage":3,"enemies":"Jaw Worm","floor":1,"turns":4},{"damage":4,"enemies":"Small Slimes","floor":2,"turns":5},{"damage":1,"enemies":"2 Louse","floor":3,"turns":2},{"damage":9,"enemies":"Blue Slaver","floor":5,"turns":4},{"damage":7,"enemies":"Large Slime","floor":13,"turns":6},{"damage":4,"enemies":"Red Slaver","floor":14,"turns":3},{"damage":37,"enemies":"Hexaghost","floor":16,"turns":7},{"damage":5,"enemies":"2 Thieves","floor":18,"turns":4},{"damage":0,"enemies":"Shell Parasite","floor":19,"turns":2},{"damage":7,"enemies":"3 Cultists","floor":22,"turns":4},{"damage":47,"enemies":"Slavers","floor":23,"turns":4},{"damage":36,"enemies":"Shelled Parasite and Fungi","floor":24,"turns":6},{"damage":27,"enemies":"Book of Stabbing","floor":27,"turns":6},{"damage":13,"enemies":"Snake Plant","floor":29,"turns":4},{"damage":95,"enemies":"Automaton","floor":33,"turns":8},{"damage":15,"enemies":"Orb Walker","floor":35,"turns":3},{"damage":17,"enemies":"Mind Bloom Boss Battle","floor":36,"turns":5},{"damage":10,"enemies":"3 Shapes","floor":39,"turns":2},{"damage":11,"enemies":"Jaw Worm Horde","floor":42,"turns":2},{"damage":39,"enemies":"Nemesis","floor":44,"turns":7},{"damage":58,"enemies":"Reptomancer","floor":46,"turns":5},{"damage":22,"enemies":"Nemesis","floor":48,"turns":7},{"damage":96,"enemies":"Awakened One","floor":50,"turns":9}],"seed_played":"5586222154114157105","potions_obtained":[{"floor":1,"key":"SpeedPotion"},{"floor":13,"key":"Swift Potion"},{"floor":16,"key":"Ancient Potion"},{"floor":22,"key":"SkillPotion"},{"floor":24,"key":"SteroidPotion"},{"floor":29,"key":"Regen Potion"},{"floor":35,"key":"Fire Potion"},{"floor":36,"key":"SkillPotion"},{"floor":46,"key":"Explosive Potion"},{"floor":48,"key":"EssenceOfSteel"}],"is_trial":false,"path_per_floor":["M","M","M","?","M","$","R","?","T","R","?","R","M","M","R","B",null,"M","M","?","?","M","E","M","R","T","E","R","M","R","$","R","B",null,"M","?","?","?","M","R","R","M","T","E","?","E","$","E","R","B",null],"character_chosen":"IRONCLAD","items_purchased":["Shrug It Off","Lee\u0027s Waffle","Sundial","Dual Wield","Paper Frog"],"campfire_rested":2,"item_purchase_floors":[6,31,31,31,47],"current_hp_per_floor":[96,96,96,89,86,86,86,86,86,86,86,86,85,87,87,56,96,96,96,96,96,95,54,24,52,52,31,59,52,52,103,103,23,103,103,92,82,82,78,78,78,73,73,41,113,100,100,84,84,43],"gold":57,"neow_bonus":"TWENTY_PERCENT_HP_BONUS","is_prod":false,"is_daily":false,"chose_seed":false,"campfire_upgraded":9,"win_rate":0,"timestamp":1557433903,"path_taken":["M","M","M","?","M","$","R","?","T","R","?","R","M","M","R","BOSS","M","M","?","?","M","E","M","R","T","E","R","M","R","$","R","BOSS","M","?","?","?","?","R","R","M","T","E","?","E","?","E","R","BOSS"],"build_version":"2019-01-23","purchased_purges":0,"victory":true,"max_hp_per_floor":[96,96,96,96,96,96,96,96,96,96,96,96,96,96,96,96,96,96,96,96,96,96,96,96,96,96,96,96,96,96,103,103,103,103,103,103,103,103,103,103,103,103,103,103,113,113,113,113,113,113],"card_choices":[{"not_picked":["Bloodletting","Sword Boomerang"],"picked":"Flame Barrier","floor":1},{"not_picked":["Anger","Perfected Strike"],"picked":"Heavy Blade","floor":2},{"not_picked":["Iron Wave","Flame Barrier"],"picked":"Immolate","floor":3},{"not_picked":["Thunderclap","Iron Wave"],"picked":"Shockwave","floor":5},{"not_picked":["True Grit","Clothesline"],"picked":"Pommel Strike","floor":13},{"not_picked":["Iron Wave","Entrench"],"picked":"Spot Weakness","floor":14},{"not_picked":[],"picked":"Thunderclap+1","floor":18},{"not_picked":["Cleave"],"picked":"SKIP","floor":19},{"not_picked":[],"picked":"Flex+1","floor":22},{"not_picked":["Cleave"],"picked":"SKIP","floor":23},{"not_picked":["Body Slam"],"picked":"SKIP","floor":24},{"not_picked":[],"picked":"Infernal Blade","floor":27},{"not_picked":[],"picked":"Headbutt+1","floor":29},{"not_picked":[],"picked":"Reaper","floor":33},{"not_picked":[],"picked":"Armaments+1","floor":35},{"not_picked":[],"picked":"Master of Strategy","floor":37},{"not_picked":[],"picked":"Flash of Steel","floor":37},{"not_picked":["Headbutt"],"picked":"SKIP","floor":39},{"not_picked":[],"picked":"Twin Strike+1","floor":42},{"not_picked":["Sever Soul+1"],"picked":"SKIP","floor":44},{"not_picked":["Warcry"],"picked":"SKIP","floor":46},{"not_picked":[],"picked":"Flame Barrier","floor":48}],"player_experience":22641,"relics_obtained":[{"floor":9,"key":"Ginger"},{"floor":23,"key":"Bottled Lightning"},{"floor":26,"key":"Mercury Hourglass"},{"floor":27,"key":"WingedGreaves"},{"floor":36,"key":"Du-Vu Doll"},{"floor":43,"key":"Pantograph"},{"floor":44,"key":"Whetstone"},{"floor":46,"key":"Frozen Egg 2"},{"floor":48,"key":"Bag of Marbles"}],"event_choices":[{"damage_healed":0,"gold_gain":0,"player_choice":"Success","damage_taken":7,"relics_obtained":["Unceasing Top"],"max_hp_gain":0,"max_hp_loss":0,"event_name":"Scrap Ooze","floor":4,"gold_loss":0},{"damage_healed":0,"gold_gain":0,"cards_transformed":["Strike_R"],"player_choice":"Change","damage_taken":0,"max_hp_gain":0,"max_hp_loss":0,"event_name":"Living Wall","floor":8,"gold_loss":0,"cards_obtained":["Limit Break"]},{"damage_healed":0,"gold_gain":60,"player_choice":"Gained Gold","damage_taken":0,"max_hp_gain":0,"max_hp_loss":0,"event_name":"Golden Wing","floor":11,"gold_loss":0},{"cards_removed":["Strike_R"],"damage_healed":0,"gold_gain":0,"player_choice":"Gave Gold","damage_taken":0,"max_hp_gain":0,"max_hp_loss":0,"event_name":"Beggar","floor":20,"gold_loss":75},{"damage_healed":0,"gold_gain":275,"player_choice":"Desecrate","damage_taken":0,"max_hp_gain":0,"max_hp_loss":0,"event_name":"Golden Shrine","floor":21,"gold_loss":0,"cards_obtained":["Regret"]},{"damage_healed":0,"gold_gain":0,"player_choice":"Fight","damage_taken":0,"max_hp_gain":0,"max_hp_loss":0,"event_name":"MindBloom","floor":36,"gold_loss":0},{"damage_healed":0,"gold_gain":0,"player_choice":"Memory 3","damage_taken":10,"max_hp_gain":0,"max_hp_loss":0,"event_name":"SensoryStone","floor":37,"gold_loss":0},{"cards_removed":["Strike_R"],"damage_healed":0,"gold_gain":0,"player_choice":"Upgrade and Remove","damage_taken":0,"max_hp_gain":0,"max_hp_loss":0,"event_name":"Designer","floor":38,"gold_loss":90,"cards_upgraded":["Defend_R"]},{"cards_removed":["Master of Strategy"],"damage_healed":62,"gold_gain":0,"player_choice":"Offered Rare","damage_taken":0,"max_hp_gain":10,"max_hp_loss":0,"event_name":"Bonfire Elementals","floor":45,"gold_loss":0}],"is_beta":false,"boss_relics":[{"not_picked":["Ectoplasm","Fusion Hammer"],"picked":"Busted Crown"},{"not_picked":["White Beast Statue","Empty Cage"],"picked":"Runic Cube"}],"items_purged_floors":[],"is_endless":false,"potions_floor_spawned":[1,13,16,22,24,27,29,35,36,46,48],"ascension_level":1}