{"gold_per_floor":[211,211,211,227,241,241,269,269,294,323,398,412,412,37,37,132,132,150,69,119,129,129,129,129,404,404,431,119,132,143,143,143,143],"floor_reached":33,"playtime":1237,"items_purged":["Regret"],"score":445,"play_id":"f8b26d1a-1b64-4175-82e1-abd1bf58ef8a","local_time":"20190311192543","is_ascension_mode":true,"campfire_choices":[{"data":"Zap","floor":6.0,"key":"SMITH"},{"floor":8.0,"key":"REST"},{"data":"White Noise","floor":15,"key":"SMITH"},{"floor":24,"key":"REST"},{"data":"Mayhem","floor":32,"key":"SMITH"}],"neow_cost":"NONE","seed_source_timestamp":0,"circlet_count":0,"master_deck":["AscendersBane","Strike_B","Strike_B","Strike_B","Strike_B","Defend_B","Defend_B","Defend_B","Defend_B","Zap+1","Dualcast","Sunder+1","Self Repair","Seek","White Noise+1","Capacitor","Skim","Loop","Electrodynamics","Beam Cell","Defragment","Ball Lightning","Loop+1","Self Repair","Mayhem+1","Chaos","Beam Cell","Ghostly","Ghostly","Ghostly","Ghostly","Ghostly"],"special_seed":0,"relics":["Cracked Core","Dream Catcher","Mummified Hand","Smiling Mask","Bird Faced Urn","Unceasing Top","Nuclear Battery","Pear","Omamori"],"potions_floor_usage":[12,16,30,30],"damage_taken":[{"damage":1.0,"enemies":"Cultist","floor":1.0,"turns":3.0},{"damage":5.0,"enemies":"Small Slimes","floor":4.0,"turns":2.0},{"damage":7.0,"enemies":"Jaw Worm","floor":5.0,"turns":3.0},{"damage":24.0,"enemies":"Gremlin Nob","floor":7.0,"turns":4.0},{"damage":20.0,"enemies":"3 Sentries","floor":10.0,"turns":5.0},{"damage":20,"enemies":"Gremlin Gang","floor":12,"turns":3},{"damage":41,"enemies":"Hexaghost","floor":16,"turns":9},{"damage":17,"enemies":"2 Thieves","floor":18,"turns":4},{"damage":25,"enemies":"Spheric Guardian","floor":21,"turns":4},{"damage":39,"enemies":"Gremlin Leader","floor":27,"turns":6},{"damage":33,"enemies":"Snake Plant","floor":29,"turns":4},{"damage":38,"enemies":"Chosen and Byrds","floor":30,"turns":5},{"damage":65,"enemies":"Champ","floor":33,"turns":8}],"seed_played":"-7265686069404679133","potions_obtained":[{"floor":1.0,"key":"Poison Potion"},{"floor":10.0,"key":"SneckoOil"},{"floor":12,"key":"Fire Potion"},{"floor":16,"key":"LiquidBronze"},{"floor":27,"key":"Swift Potion"}],"is_trial":false,"path_per_floor":["M","?","?","M","M","R","E","R","T","E","?","M","?","$","R","B",null,"M","$","?","M","?","?","R","?","T","E","$","M","M","?","R","B"],"character_chosen":"DEFECT","items_purchased":["Loop","Unceasing Top","Defragment","Self Repair","Mayhem"],"campfire_rested":2,"item_purchase_floors":[14,14,19,28,28],"current_hp_per_floor":[67,55,55,50,43,43,26,48,48,35,24,17,42,42,42,16,60,60,60,60,54,54,40,64,64,74,54,54,53,45,45,45,0],"gold":143,"neow_bonus":"HUNDRED_GOLD","is_prod":false,"is_daily":false,"chose_seed":false,"campfire_upgraded":3,"win_rate":0,"timestamp":1552350343,"path_taken":["M","?","?","M","M","R","E","R","T","E","?","M","?","$","R","BOSS","M","$","?","?","?","?","R","?","T","E","$","?","M","?","R","BOSS"],"build_version":"2019-01-23","purchased_purges":1,"victory":false,"max_hp_per_floor":[75,75,75,75,75,75,75,75,75,75,75,75,75,75,75,75,75,75,75,75,75,75,80,80,80,90,90,90,90,90,45,45,45],"card_choices":[{"not_picked":["Genetic Algorithm","Stack"],"picked":"Sunder","floor":1.0},{"not_picked":["Cold Snap","Steam","Streamline"],"picked":"SKIP","floor":4.0},{"not_picked":["Hologram","Redo"],"picked":"Self Repair","floor":5.0},{"not_picked":["Coolheaded","FTL"],"picked":"Seek","floor":7.0},{"not_picked":["Beam Cell","Stack"],"picked":"White Noise","floor":8.0},{"not_picked":["Hello World","Blizzard"],"picked":"Capacitor","floor":10.0},{"not_picked":["Turbo","Sweeping Beam"],"picked":"Skim","floor":12},{"not_picked":["Multi-Cast","Biased Cognition"],"picked":"Electrodynamics","floor":16},{"not_picked":["Sweeping Beam+1","Redo"],"picked":"Beam Cell","floor":18},{"not_picked":["Scrape","Consume"],"picked":"Ball Lightning","floor":21},{"not_picked":["Skim","White Noise"],"picked":"Loop+1","floor":27},{"not_picked":["Turbo","Melter"],"picked":"Chaos","floor":29},{"not_picked":["Recycle","Compile Driver"],"picked":"Beam Cell","floor":30}],"player_experience":1126107,"relics_obtained":[{"floor":7.0,"key":"Mummified Hand"},{"floor":9.0,"key":"Smiling Mask"},{"floor":10.0,"key":"Bird Faced Urn"},{"floor":26,"key":"Pear"},{"floor":27,"key":"Omamori"}],"event_choices":[{"damage_healed":0.0,"max_hp_gain":0.0,"max_hp_loss":0.0,"gold_gain":0.0,"event_name":"Scrap Ooze","player_choice":"Success","floor":2.0,"gold_loss":0.0,"damage_taken":12.0,"relics_obtained":["Dream Catcher"]},{"damage_healed":0.0,"max_hp_gain":0.0,"max_hp_loss":0.0,"gold_gain":0.0,"event_name":"Living Wall","player_choice":"Grow","floor":3.0,"gold_loss":0.0,"damage_taken":0.0,"cards_upgraded":["Sunder"]},{"damage_healed":0.0,"max_hp_gain":0.0,"max_hp_loss":0.0,"gold_gain":75.0,"event_name":"World of Goop","player_choice":"Gather Gold","floor":11.0,"gold_loss":0.0,"damage_taken":11.0},{"damage_healed":25,"gold_gain":0,"player_choice":"Banana","damage_taken":0,"max_hp_gain":0,"max_hp_loss":0,"event_name":"Big Fish","floor":13,"gold_loss":0},{"damage_healed":0,"gold_gain":100,"player_choice":"Bet on Murderer","damage_taken":0,"max_hp_gain":0,"max_hp_loss":0,"event_name":"The Joust","floor":20,"gold_loss":50},{"damage_healed":0,"gold_gain":0,"player_choice":"Ignored","damage_taken":0,"max_hp_gain":0,"max_hp_loss":0,"event_name":"Beggar","floor":22,"gold_loss":0},{"damage_healed":0,"gold_gain":0,"player_choice":"Shed Blood","damage_taken":19,"max_hp_gain":5,"max_hp_loss":0,"event_name":"Forgotten Altar","floor":23,"gold_loss":0},{"damage_healed":0,"gold_gain":275,"player_choice":"Desecrate","damage_taken":0,"max_hp_gain":0,"max_hp_loss":0,"event_name":"Golden Shrine","floor":25,"gold_loss":0,"cards_obtained":["Regret"]},{"damage_healed":0,"gold_gain":0,"player_choice":"Became a Ghost","damage_taken":0,"max_hp_gain":0,"max_hp_loss":45,"event_name":"Ghosts","floor":31,"gold_loss":0,"cards_obtained":["Ghostly","Ghostly","Ghostly","Ghostly","Ghostly"]}],"is_beta":false,"boss_relics":[{"not_picked":["White Beast Statue","Calling Bell"],"picked":"Nuclear Battery"}],"items_purged_floors":[28],"is_endless":false,"potions_floor_spawned":[1,10,12,16,27],"killed_by":"Champ","ascension_level":11}