{"gold_per_floor":[218,228,247,19,19,19,32,46,46,59,84,41,41,55,55,131,131,82,82,95,20,37,37,55,86,98,110,139,151,198,229,241,331,343,371,383,410,437,33,33,59,59,112,137,137,7,107,118,118,118,118,118,118,10,43,43],"floor_reached":57,"playtime":6280,"items_purged":["Strike_G","Strike_G+1"],"score":2783,"play_id":"d9beaa1f-0b2f-4f3c-ba64-b58a05ce78b9","local_time":"20190501232523","is_ascension_mode":true,"campfire_choices":[{"data":"Neutralize","floor":6,"key":"SMITH"},{"data":"Leg Sweep","floor":13,"key":"SMITH"},{"data":"Adrenaline","floor":15,"key":"SMITH"},{"data":"Footwork","floor":23,"key":"SMITH"},{"data":"Crippling Poison","floor":27,"key":"SMITH"},{"floor":29,"key":"REST"},{"data":"Well Laid Plans","floor":32,"key":"SMITH"},{"floor":40,"key":"REST"},{"floor":42,"key":"REST"},{"floor":45,"key":"RECALL"},{"floor":49,"key":"REST"},{"floor":53,"key":"REST"}],"neow_cost":"NONE","seed_source_timestamp":233177282856900,"circlet_count":0,"master_deck":["AscendersBane","Defend_G+1","Defend_G+1","Defend_G+1","Defend_G+1","Defend_G+1","Strike_G+1","Strike_G+1","Survivor","Neutralize+1","Dodge and Roll","Leg Sweep+1","Riddle With Holes","Poisoned Stab","PiercingWail","Footwork+1","Poisoned Stab","Blur","Dagger Throw","Dagger Spray","Escape Plan","Adrenaline+1","After Image","Deadly Poison+1","Backflip","Well Laid Plans+1","Crippling Poison+1","Adrenaline","PiercingWail","Malaise","Night Terror","Caltrops","Backflip","Noxious Fumes","Escape Plan","PiercingWail","PiercingWail","Caltrops"],"relics":["Ring of the Snake","StoneCalendar","Gambling Chip","Black Star","The Courier","MawBank","Gremlin Horn","Pen Nib","Ginger","Fusion Hammer","ClockworkSouvenir","PreservedInsect","Regal Pillow","Strawberry","Bag of Preparation","Ancient Tea Set","Oddly Smooth Stone","Nunchaku","Happy Flower","Letter Opener"],"potions_floor_usage":[5,25,25,25,25,25,25,25,30,33,50,56],"damage_taken":[{"damage":1,"enemies":"Small Slimes","floor":1,"turns":5},{"damage":3,"enemies":"Cultist","floor":2,"turns":5},{"damage":0,"enemies":"Jaw Worm","floor":3,"turns":7},{"damage":9,"enemies":"3 Louse","floor":7,"turns":6},{"damage":0,"enemies":"Blue Slaver","floor":8,"turns":6},{"damage":0,"enemies":"Red Slaver","floor":10,"turns":5},{"damage":3,"enemies":"Lagavulin","floor":11,"turns":7},{"damage":4,"enemies":"Exordium Thugs","floor":14,"turns":7},{"damage":24,"enemies":"The Guardian","floor":16,"turns":16},{"damage":9,"enemies":"2 Thieves","floor":18,"turns":5},{"damage":0,"enemies":"Chosen","floor":20,"turns":5},{"damage":9,"enemies":"Shelled Parasite and Fungi","floor":22,"turns":10},{"damage":3,"enemies":"Sentry and Sphere","floor":24,"turns":10},{"damage":0,"enemies":"Slavers","floor":25,"turns":8},{"damage":0,"enemies":"Centurion and Healer","floor":28,"turns":7},{"damage":3,"enemies":"Gremlin Leader","floor":30,"turns":6},{"damage":0,"enemies":"Snake Plant","floor":31,"turns":6},{"damage":36,"enemies":"Collector","floor":33,"turns":12},{"damage":15,"enemies":"3 Darklings","floor":35,"turns":7},{"damage":0,"enemies":"3 Shapes","floor":37,"turns":7},{"damage":0,"enemies":"3 Darklings","floor":38,"turns":5},{"damage":0,"enemies":"Nemesis","floor":41,"turns":7},{"damage":5,"enemies":"Reptomancer","floor":44,"turns":8},{"damage":0,"enemies":"Mind Bloom Boss Battle","floor":47,"turns":8},{"damage":0,"enemies":"Writhing Mass","floor":48,"turns":8},{"damage":26,"enemies":"Awakened One","floor":50,"turns":27},{"damage":20,"enemies":"Donu and Deca","floor":51,"turns":15},{"damage":6,"enemies":"Shield and Spear","floor":55,"turns":8},{"damage":35,"enemies":"The Heart","floor":56,"turns":13}],"seed_played":"-7616406410132100298","potions_obtained":[{"floor":2,"key":"SneckoOil"},{"floor":3,"key":"Fruit Juice"},{"floor":5,"key":"EntropicBrew"},{"floor":5,"key":"Weak Potion"},{"floor":18,"key":"GhostInAJar"},{"floor":30,"key":"Poison Potion"},{"floor":31,"key":"Weak Potion"},{"floor":33,"key":"Swift Potion"},{"floor":47,"key":"SkillPotion"}],"is_trial":false,"path_per_floor":["M","M","M","$","?","R","M","M","T","M","E","$","R","M","R","B",null,"M","?","M","?","M","R","M","E","T","R","M","R","E","M","R","B",null,"M","?","M","M","$","R","E","R","T","E","R","$","?","M","R","B","B",null,"R","$","E","B",null],"character_chosen":"THE_SILENT","items_purchased":["Poisoned Stab","PiercingWail","Footwork","Escape Plan","ClockworkSouvenir","PreservedInsect","SkillPotion","Oddly Smooth Stone","GamblersBrew","PiercingWail"],"campfire_rested":5,"item_purchase_floors":[4,4,4,12,39,39,39,46,54,54],"current_hp_per_floor":[58,55,55,55,60,60,51,51,51,51,48,48,48,44,44,20,58,49,49,49,49,40,40,37,37,37,37,37,58,55,55,55,19,58,43,33,33,33,33,54,61,78,78,73,73,73,73,73,78,52,32,67,78,78,72,37],"gold":43,"neow_bonus":"HUNDRED_GOLD","is_prod":false,"is_daily":false,"chose_seed":false,"campfire_upgraded":6,"win_rate":0,"timestamp":1556720723,"path_taken":["M","M","M","$","?","R","?","?","T","M","E","?","R","M","R","BOSS","M","?","M","?","M","R","M","E","T","R","M","R","E","M","R","BOSS","M","?","?","M","$","R","E","R","T","E","R","$","?","M","R","BOSS","BOSS","R","$","E","BOSS"],"build_version":"2019-01-23","purchased_purges":2,"victory":true,"max_hp_per_floor":[66,66,66,66,71,71,71,71,71,71,71,71,71,71,71,71,71,71,71,71,71,71,71,71,71,71,71,71,71,71,71,71,71,71,71,71,71,71,71,71,78,78,78,78,78,78,78,78,78,78,78,78,78,78,78,78],"card_choices":[{"not_picked":["Slice","Eviscerate"],"picked":"Dodge and Roll","floor":1},{"not_picked":["Backflip","Deflect"],"picked":"Leg Sweep","floor":2},{"not_picked":["Outmaneuver","Deflect"],"picked":"Riddle With Holes","floor":3},{"not_picked":["Endless Agony","Infinite Blades"],"picked":"Poisoned Stab","floor":7},{"not_picked":["Finisher","Prepared"],"picked":"Blur","floor":8},{"not_picked":["Cloak And Dagger","Underhanded Strike"],"picked":"Dagger Throw","floor":10},{"not_picked":["Flying Knee","Outmaneuver"],"picked":"Dagger Spray","floor":11},{"not_picked":["Bane","Crippling Poison"],"picked":"Adrenaline","floor":14},{"not_picked":["Wraith Form v2","Venomology"],"picked":"After Image","floor":16},{"not_picked":["Skewer","Reflex"],"picked":"Deadly Poison+1","floor":18},{"not_picked":["Deflect","Skewer"],"picked":"Backflip","floor":20},{"not_picked":["Distraction","Underhanded Strike"],"picked":"Well Laid Plans","floor":22},{"not_picked":["Heel Hook","Prepared+1"],"picked":"Crippling Poison","floor":24},{"not_picked":["Flying Knee","Dodge and Roll"],"picked":"Adrenaline","floor":25},{"not_picked":["Deadly Poison","Heel Hook"],"picked":"PiercingWail","floor":28},{"not_picked":["Bane","Leg Sweep","Outmaneuver"],"picked":"SKIP","floor":30},{"not_picked":["Backflip","Blade Dance"],"picked":"Malaise","floor":31},{"not_picked":["A Thousand Cuts","Envenom"],"picked":"Night Terror","floor":33},{"not_picked":["Dagger Throw","Slice+1"],"picked":"Caltrops","floor":35},{"not_picked":["Dodge and Roll","Dash"],"picked":"Backflip","floor":37},{"not_picked":["Slice","Doppelganger"],"picked":"Noxious Fumes","floor":38},{"not_picked":["Predator+1","Dodge and Roll"],"picked":"Escape Plan","floor":41},{"not_picked":["Sucker Punch","Crippling Poison","Outmaneuver"],"picked":"SKIP","floor":44},{"not_picked":["Dagger Throw+1","Acrobatics+1"],"picked":"PiercingWail","floor":47},{"not_picked":["Acrobatics","Setup+1","Poisoned Stab"],"picked":"SKIP","floor":48},{"not_picked":["Dodge and Roll","All Out Attack"],"picked":"Caltrops","floor":55}],"player_experience":1175526,"relics_obtained":[{"floor":9,"key":"StoneCalendar"},{"floor":11,"key":"Gambling Chip"},{"floor":25,"key":"The Courier"},{"floor":25,"key":"MawBank"},{"floor":26,"key":"Gremlin Horn"},{"floor":30,"key":"Pen Nib"},{"floor":30,"key":"Ginger"},{"floor":41,"key":"Regal Pillow"},{"floor":41,"key":"Strawberry"},{"floor":44,"key":"Bag of Preparation"},{"floor":44,"key":"Ancient Tea Set"},{"floor":47,"key":"Nunchaku"},{"floor":55,"key":"Happy Flower"},{"floor":55,"key":"Letter Opener"}],"event_choices":[{"damage_healed":0,"gold_gain":0,"player_choice":"Got Potions","damage_taken":0,"max_hp_gain":0,"max_hp_loss":0,"event_name":"Lab","floor":5,"gold_loss":0},{"damage_healed":0,"gold_gain":0,"player_choice":"Simplicity","damage_taken":0,"max_hp_gain":0,"max_hp_loss":0,"event_name":"Back to Basics","floor":19,"gold_loss":0,"cards_upgraded":["Defend_G","Defend_G","Defend_G","Defend_G","Defend_G","Strike_G","Strike_G","Strike_G","Strike_G"]},{"cards_removed":["Strike_G"],"damage_healed":0,"gold_gain":0,"player_choice":"Gave Gold","damage_taken":0,"max_hp_gain":0,"max_hp_loss":0,"event_name":"Beggar","floor":21,"gold_loss":75},{"damage_healed":0,"gold_gain":0,"player_choice":"Damaged","damage_taken":10,"max_hp_gain":0,"max_hp_loss":0,"event_name":"Wheel of Change","floor":36,"gold_loss":0},{"damage_healed":0,"gold_gain":0,"player_choice":"Fight","damage_taken":0,"max_hp_gain":0,"max_hp_loss":0,"event_name":"MindBloom","floor":47,"gold_loss":0}],"is_beta":false,"boss_relics":[{"not_picked":["Ring of the Serpent","Eternal Feather"],"picked":"Black Star"},{"not_picked":["Busted Crown","Runic Pyramid"],"picked":"Fusion Hammer"}],"items_purged_floors":[4,39],"is_endless":false,"potions_floor_spawned":[2,3,8,14,18,30,31,33,37,47,48,55],"ascension_level":20}