{"gold_per_floor":[109,109,124,44,0,0,30,30,30,50,83,83,117,128,128,128],"floor_reached":16,"playtime":510,"items_purged":[],"score":207,"play_id":"74c92dae-341d-457e-b857-e91d25d1cbba","local_time":"20190208201631","is_ascension_mode":true,"campfire_choices":[{"data":"Uppercut","floor":6,"key":"SMITH"},{"floor":12,"key":"REST"},{"data":"Fiend Fire","floor":15,"key":"SMITH"}],"neow_cost":"NONE","seed_source_timestamp":1420462132443494,"circlet_count":0,"master_deck":["AscendersBane","Strike_R","Strike_R","Strike_R","Strike_R","Defend_R","Defend_R","Defend_R","Defend_R","Bash","Trip","Shockwave","Uppercut+1","Feel No Pain","Ghostly Armor+1","Fiend Fire+1","Feel No Pain","Infernal Blade+1"],"relics":["Burning Blood","Vajra","Toxic Egg 2","Gremlin Horn","Paper Frog"],"potions_floor_usage":[7],"damage_taken":[{"damage":4,"enemies":"Small Slimes","floor":1,"turns":4},{"damage":3,"enemies":"2 Louse","floor":3,"turns":4},{"damage":32,"enemies":"Lagavulin","floor":7,"turns":6},{"damage":1,"enemies":"Cultist","floor":10,"turns":3},{"damage":28,"enemies":"Gremlin Nob","floor":11,"turns":5},{"damage":30,"enemies":"Lagavulin","floor":13,"turns":5},{"damage":0,"enemies":"Blue Slaver","floor":14,"turns":2},{"damage":41,"enemies":"Hexaghost","floor":16,"turns":9}],"seed_played":"316792381949485175","potions_obtained":[{"floor":3,"key":"Energy Potion"},{"floor":14,"key":"FearPotion"}],"is_trial":false,"path_per_floor":["M","?","M","$","?","R","E","?","T","M","E","R","E","M","R","B"],"character_chosen":"IRONCLAD","items_purchased":["Uppercut"],"campfire_rested":1,"item_purchase_floors":[4],"current_hp_per_floor":[70,75,78,78,78,78,52,52,52,57,35,59,35,41,41,0],"gold":128,"neow_bonus":"RANDOM_COLORLESS","is_prod":false,"is_daily":false,"chose_seed":false,"campfire_upgraded":2,"win_rate":0,"timestamp":1549624591,"path_taken":["M","?","M","$","?","R","E","?","T","?","E","R","E","M","R","BOSS"],"build_version":"2019-01-23","purchased_purges":0,"victory":false,"max_hp_per_floor":[75,80,80,80,80,80,80,80,80,80,80,80,80,80,80,80],"card_choices":[{"not_picked":["Shrug It Off","Sword Boomerang"],"picked":"Shockwave","floor":1},{"not_picked":["Sentinel","True Grit","Anger"],"picked":"SKIP","floor":3},{"not_picked":["Warcry","Combust"],"picked":"Feel No Pain","floor":7},{"not_picked":["Iron Wave","Warcry+1"],"picked":"Ghostly Armor+1","floor":10},{"not_picked":["Cleave","Disarm+1"],"picked":"Fiend Fire","floor":11},{"not_picked":["True Grit+1","Evolve"],"picked":"Feel No Pain","floor":13},{"not_picked":["Clash","Bloodletting+1"],"picked":"Infernal Blade+1","floor":14}],"player_experience":497522,"relics_obtained":[{"floor":7,"key":"Vajra"},{"floor":9,"key":"Toxic Egg 2"},{"floor":11,"key":"Gremlin Horn"},{"floor":13,"key":"Paper Frog"}],"event_choices":[{"damage_healed":0,"gold_gain":0,"player_choice":"Donut","damage_taken":0,"max_hp_gain":5,"max_hp_loss":0,"event_name":"Big Fish","floor":2,"gold_loss":0},{"damage_healed":0,"gold_gain":0,"player_choice":"Left Gold","damage_taken":0,"max_hp_gain":0,"max_hp_loss":0,"event_name":"World of Goop","floor":5,"gold_loss":44},{"cards_removed":["Strike_R"],"damage_healed":0,"gold_gain":0,"player_choice":"Purged","damage_taken":0,"max_hp_gain":0,"max_hp_loss":0,"event_name":"Purifier","floor":8,"gold_loss":0}],"is_beta":false,"boss_relics":[],"items_purged_floors":[],"is_endless":false,"potions_floor_spawned":[3,14],"killed_by":"Hexaghost","ascension_level":15}