{"gold_per_floor":[115,115,40,55,20,20,45,63,63,73,84,184,218,229,229,325,325,325,325,325,235,235,235,235,235,235,235,235,235,235,199,199,199,199,199,122,122,122,122,122,122,122,122,122,122,122,122,122,122,122,122,122,41,41,41],"floor_reached":55,"playtime":4076,"items_purged":["Pain"],"score":927,"play_id":"c14da49a-0e52-4ac4-9295-80efd77eb809","local_time":"20181202122200","is_ascension_mode":true,"campfire_choices":[{"data":"Noxious Fumes","floor":6,"key":"SMITH"},{"floor":15,"key":"REST"},{"data":"A Thousand Cuts","floor":23,"key":"SMITH"},{"data":"Neutralize","floor":25,"key":"SMITH"},{"data":"Sucker Punch","floor":28,"key":"SMITH"},{"data":"Accuracy","floor":32,"key":"SMITH"},{"data":"Accuracy","floor":40,"key":"SMITH"},{"data":"Cloak And Dagger","floor":42,"key":"SMITH"},{"floor":49,"key":"RECALL"},{"data":"Finisher","floor":52,"key":"SMITH"}],"neow_cost":"NONE","seed_source_timestamp":1528948572701931,"circlet_count":0,"master_deck":["Defend_G","Defend_G","Defend_G","Defend_G","Defend_G","Strike_G","Strike_G","Strike_G","Strike_G","Survivor","Neutralize+1","Cloak And Dagger+1","Backflip","Noxious Fumes+1","Sucker Punch+1","Dash+1","Blade Dance","Heel Hook","Escape Plan","A Thousand Cuts+1","Cloak And Dagger+1","Prepared","Infinite Blades","Expertise+1","Prepared","Accuracy+1","Adrenaline","Infinite Blades","Accuracy+1","Acrobatics+1","Finisher+1","PiercingWail","Escape Plan","Blade Dance+1","Accuracy"],"relics":["Eternal Feather","WarpedTongs","Kunai","Smiling Mask","Ectoplasm","Tingsha","Art of War","Ninja Scroll","Pantograph","Sozu","MawBank","Oddly Smooth Stone","Centennial Puzzle","Bird Faced Urn"],"potions_floor_usage":[13,19,24,30,54,54,55],"damage_taken":[{"damage":0,"enemies":"Small Slimes","floor":1,"turns":3},{"damage":0,"enemies":"Cultist","floor":4,"turns":3},{"damage":49,"enemies":"Gremlin Nob","floor":7,"turns":6},{"damage":0,"enemies":"2 Louse","floor":8,"turns":3},{"damage":0,"enemies":"Lots of Slimes","floor":10,"turns":6},{"damage":4,"enemies":"2 Fungi Beasts","floor":11,"turns":4},{"damage":2,"enemies":"Lagavulin","floor":13,"turns":6},{"damage":0,"enemies":"Looter","floor":14,"turns":3},{"damage":18,"enemies":"Hexaghost","floor":16,"turns":12},{"damage":0,"enemies":"Chosen","floor":18,"turns":5},{"damage":5,"enemies":"Spheric Guardian","floor":19,"turns":6},{"damage":0,"enemies":"Cultist and Chosen","floor":22,"turns":9},{"damage":0,"enemies":"Gremlin Leader","floor":24,"turns":6},{"damage":2,"enemies":"Snecko","floor":27,"turns":4},{"damage":32,"enemies":"Slavers","floor":29,"turns":4},{"damage":1,"enemies":"3 Cultists","floor":30,"turns":3},{"damage":9,"enemies":"Champ","floor":33,"turns":10},{"damage":10,"enemies":"3 Shapes","floor":35,"turns":4},{"damage":6,"enemies":"3 Darklings","floor":37,"turns":4},{"damage":0,"enemies":"Transient","floor":39,"turns":5},{"damage":8,"enemies":"Giant Head","floor":41,"turns":6},{"damage":9,"enemies":"Writhing Mass","floor":44,"turns":6},{"damage":26,"enemies":"Nemesis","floor":45,"turns":5},{"damage":8,"enemies":"Spire Growth","floor":47,"turns":3},{"damage":0,"enemies":"3 Darklings","floor":48,"turns":4},{"damage":19,"enemies":"Awakened One","floor":50,"turns":10},{"damage":32,"enemies":"Shield and Spear","floor":54,"turns":7},{"damage":93,"enemies":"The Heart","floor":55,"turns":8}],"seed_played":"6440066925974532862","potions_obtained":[{"floor":11,"key":"Strength Potion"},{"floor":13,"key":"Swift Potion"},{"floor":14,"key":"Poison Potion"},{"floor":16,"key":"Swift Potion"},{"floor":22,"key":"GhostInAJar"},{"floor":24,"key":"FearPotion"},{"floor":30,"key":"Explosive Potion"}],"is_trial":false,"path_per_floor":["M","?","$","M","$","R","E","M","T","M","M","?","E","M","R","B",null,"M","M","?","?","M","R","E","R","T","M","R","E","M","$","R","B",null,"M","$","M","?","M","R","E","R","T","M","E","?","M","M","R","B",null,"R","$","E","B"],"character_chosen":"THE_SILENT","items_purchased":["Noxious Fumes","Accuracy","Accuracy","Accuracy"],"campfire_rested":1,"item_purchase_floors":[5,31,36,53],"current_hp_per_floor":[70,70,70,70,70,70,21,21,21,21,17,17,15,15,48,30,70,70,65,65,65,65,70,70,70,70,68,70,38,37,37,52,61,70,60,60,54,54,54,66,58,66,66,57,31,31,23,23,41,47,66,66,66,34,0],"gold":41,"neow_bonus":"BOSS_RELIC","is_prod":false,"is_daily":false,"chose_seed":false,"campfire_upgraded":8,"win_rate":0,"timestamp":1543771320,"path_taken":["M","?","$","?","$","R","E","M","T","M","M","?","E","?","R","BOSS","M","M","?","?","?","R","E","R","T","M","R","E","M","$","R","BOSS","M","$","M","?","M","R","E","R","T","M","E","?","M","?","R","BOSS","R","$","E","BOSS"],"build_version":"2018-11-15","purchased_purges":1,"victory":false,"max_hp_per_floor":[70,70,70,70,70,70,70,70,70,70,70,70,70,70,70,70,70,70,70,70,70,70,70,70,70,70,70,70,70,70,70,70,70,70,70,70,70,66,66,66,66,66,66,66,66,66,66,66,66,66,66,66,66,66,66],"card_choices":[{"not_picked":["Quick Slash","Catalyst"],"picked":"Cloak And Dagger","floor":1},{"not_picked":["Sucker Punch","Noxious Fumes"],"picked":"Backflip","floor":4},{"not_picked":["Deflect","Poisoned Stab"],"picked":"Sucker Punch","floor":7},{"not_picked":["Quick Slash","Deflect"],"picked":"Dash","floor":8},{"not_picked":["Deadly Poison","Sucker Punch"],"picked":"Blade Dance","floor":10},{"not_picked":["PiercingWail","Acrobatics"],"picked":"Heel Hook","floor":11},{"not_picked":["Backflip","Flechettes"],"picked":"Escape Plan","floor":13},{"not_picked":["Flechettes","Poisoned Stab","Sucker Punch"],"picked":"SKIP","floor":14},{"not_picked":["Wraith Form v2","Unload"],"picked":"A Thousand Cuts","floor":16},{"not_picked":["Blade Dance","Quick Slash"],"picked":"Cloak And Dagger+1","floor":18},{"not_picked":["Deadly Poison","Bouncing Flask"],"picked":"Prepared","floor":19},{"not_picked":["Backflip","Blade Dance"],"picked":"Infinite Blades","floor":22},{"not_picked":["Bullet Time","Slice"],"picked":"Expertise+1","floor":24},{"not_picked":["Flechettes","Outmaneuver","Tactician"],"picked":"SKIP","floor":27},{"not_picked":["Blur","Catalyst"],"picked":"Prepared","floor":29},{"not_picked":["Skewer","Endless Agony","Poisoned Stab"],"picked":"SKIP","floor":30},{"not_picked":["Wraith Form v2","Phantasmal Killer"],"picked":"Adrenaline","floor":33},{"not_picked":["Slice","Quick Slash"],"picked":"Infinite Blades","floor":35},{"not_picked":["Leg Sweep+1","Noxious Fumes"],"picked":"Acrobatics+1","floor":37},{"not_picked":["Crippling Poison","Deadly Poison+1"],"picked":"Finisher","floor":39},{"not_picked":["Deflect","Underhanded Strike","Poisoned Stab+1"],"picked":"SKIP","floor":41},{"not_picked":["Slice+1","Poisoned Stab","Dagger Spray"],"picked":"SKIP","floor":44},{"not_picked":["Dodge and Roll","Deflect+1"],"picked":"PiercingWail","floor":45},{"not_picked":["Slice","Dagger Throw"],"picked":"Escape Plan","floor":47},{"not_picked":["Dagger Throw+1","Dodge and Roll"],"picked":"Blade Dance+1","floor":48},{"not_picked":["Reflex","Unload","Blur+1"],"picked":"SKIP","floor":54}],"player_experience":85748,"relics_obtained":[{"floor":7,"key":"Kunai"},{"floor":13,"key":"Smiling Mask"},{"floor":24,"key":"Art of War"},{"floor":26,"key":"Ninja Scroll"},{"floor":29,"key":"Pantograph"},{"floor":41,"key":"MawBank"},{"floor":43,"key":"Oddly Smooth Stone"},{"floor":45,"key":"Centennial Puzzle"},{"floor":54,"key":"Bird Faced Urn"}],"event_choices":[{"damage_healed":0,"gold_gain":0,"player_choice":"Rummage","damage_taken":0,"relics_obtained":["WarpedTongs"],"max_hp_gain":0,"max_hp_loss":0,"event_name":"Accursed Blacksmith","floor":2,"gold_loss":0,"cards_obtained":["Pain"]},{"damage_healed":0,"gold_gain":100,"player_choice":"Pray","damage_taken":0,"max_hp_gain":0,"max_hp_loss":0,"event_name":"Golden Shrine","floor":12,"gold_loss":0},{"damage_healed":0,"gold_gain":0,"player_choice":"Stole Relic","damage_taken":0,"relics_obtained":["Tingsha"],"max_hp_gain":0,"max_hp_loss":0,"event_name":"Addict","floor":20,"gold_loss":0,"cards_obtained":["Shame"]},{"cards_removed":["Shame"],"damage_healed":0,"gold_gain":0,"player_choice":"Upgrade and Remove","damage_taken":0,"max_hp_gain":0,"max_hp_loss":0,"event_name":"Designer","floor":21,"gold_loss":90,"cards_upgraded":["Dash"]},{"damage_healed":0,"gold_gain":0,"player_choice":"Max HP","damage_taken":0,"max_hp_gain":0,"max_hp_loss":4,"event_name":"Winding Halls","floor":38,"gold_loss":0},{"cards_removed":["Strike_G"],"damage_healed":0,"gold_gain":0,"player_choice":"Purged","damage_taken":0,"max_hp_gain":0,"max_hp_loss":0,"event_name":"Purifier","floor":46,"gold_loss":0}],"is_beta":false,"boss_relics":[{"not_picked":["Calling Bell","Velvet Choker"],"picked":"Ectoplasm"},{"not_picked":["White Beast Statue","Runic Dome"],"picked":"Sozu"}],"items_purged_floors":[3],"is_endless":false,"potions_floor_spawned":[11,13,14,16,22,24,30,35,39,41,47,48],"killed_by":"The Heart","ascension_level":3}