{"gold_per_floor":[114,114,129,129,139,172,172,172],"floor_reached":8,"playtime":287,"items_purged":[],"score":95,"play_id":"0c43da02-d010-4477-8cfe-90174ee2aead","local_time":"20190401184347","is_ascension_mode":true,"campfire_choices":[{"floor":7,"key":"REST"}],"neow_cost":"NONE","seed_source_timestamp":61934561532590,"circlet_count":0,"master_deck":["AscendersBane","Strike_B","Strike_B","Defend_B","Defend_B","Defend_B","Defend_B","Zap","Dualcast","Sweeping Beam","Gash","Fission","Conserve Battery","Hologram"],"special_seed":0,"relics":["Cracked Core","Juzu Bracelet"],"potions_floor_usage":[],"damage_taken":[{"damage":7.0,"enemies":"Small Slimes","floor":1.0,"turns":3.0},{"damage":0.0,"enemies":"2 Louse","floor":3.0,"turns":1.0},{"damage":1.0,"enemies":"Cultist","floor":5.0,"turns":4.0},{"damage":50,"enemies":"3 Sentries","floor":6,"turns":11},{"damage":30,"enemies":"Gremlin Nob","floor":8,"turns":3}],"seed_played":"3810254672067657382","potions_obtained":[{"floor":1.0,"key":"GamblersBrew"},{"floor":3.0,"key":"Explosive Potion"}],"is_trial":false,"path_per_floor":["M","?","M","?","M","E","R","E"],"character_chosen":"DEFECT","items_purchased":[],"campfire_rested":1,"item_purchase_floors":[],"current_hp_per_floor":[64,57,57,57,56,6,29,0],"gold":172,"neow_bonus":"TEN_PERCENT_HP_BONUS","is_prod":false,"is_daily":false,"chose_seed":false,"campfire_upgraded":0,"win_rate":0,"timestamp":1554169427,"path_taken":["M","?","M","?","M","E","R","E"],"build_version":"2019-01-23","purchased_purges":0,"victory":false,"max_hp_per_floor":[78,78,78,78,78,78,78,78],"card_choices":[{"not_picked":["Auto Shields","Blizzard"],"picked":"Sweeping Beam","floor":1.0},{"not_picked":["Redo","Leap"],"picked":"Gash","floor":3.0},{"not_picked":["Go for the Eyes","Steam"],"picked":"Conserve Battery","floor":5.0},{"not_picked":["Self Repair","Recycle"],"picked":"Hologram","floor":6}],"player_experience":590989,"relics_obtained":[{"floor":6,"key":"Juzu Bracelet"}],"event_choices":[{"cards_removed":["Strike_B"],"damage_healed":0.0,"max_hp_gain":0.0,"max_hp_loss":0.0,"gold_gain":0.0,"event_name":"Golden Wing","player_choice":"Card Removal","floor":2.0,"gold_loss":0.0,"damage_taken":7.0},{"damage_healed":0.0,"max_hp_gain":0.0,"max_hp_loss":0.0,"gold_gain":0.0,"cards_transformed":["Strike_B"],"event_name":"Living Wall","player_choice":"Change","floor":4.0,"gold_loss":0.0,"damage_taken":0.0,"cards_obtained":["Fission"]}],"is_beta":false,"boss_relics":[],"items_purged_floors":[],"is_endless":false,"potions_floor_spawned":[1,3],"killed_by":"Gremlin Nob","ascension_level":14}