{"gold_per_floor":[112,130,145,44,144,144,169,185,208,208,228,240,273,290,290,364,364,383,383,383,411,383,383,403,403,426,341,359,359,373,4,4,80,80,96,146,146,146,160,160],"floor_reached":40,"playtime":2690,"items_purged":["Envenom"],"score":825,"play_id":"381ba277-c5eb-4309-bb5f-3faa4ac3d920","local_time":"20190507000146","is_ascension_mode":true,"campfire_choices":[{"data":"Noxious Fumes","floor":6,"key":"SMITH"},{"data":"Neutralize","floor":10,"key":"SMITH"},{"data":"Dodge and Roll","floor":15,"key":"SMITH"},{"floor":23,"key":"REST"},{"data":"Leg Sweep","floor":25,"key":"SMITH"},{"data":"Envenom","floor":29,"key":"SMITH"},{"floor":32,"key":"REST"}],"neow_cost":"NONE","seed_source_timestamp":48262622661900,"circlet_count":0,"master_deck":["AscendersBane","Survivor","Neutralize+1","Backflip","Dodge and Roll+1","Poisoned Stab","Noxious Fumes+1","Dagger Spray","PiercingWail","Deflect","Flying Knee","After Image","Tactician","Envenom+1","Flechettes","PiercingWail","Backstab","Riddle With Holes","Endless Agony","Burst","Leg Sweep+1","PiercingWail","Dodge and Roll","Blur+1","Dodge and Roll+1","Noxious Fumes","Footwork","PiercingWail+1","Good Instincts+1","Malaise+1","Cloak And Dagger+1"],"relics":["Ring of the Snake","NeowsBlessing","Bag of Marbles","Snake Skull","Juzu Bracelet","Pandora\u0027s Box","Red Mask","Potion Belt","Toxic Egg 2","Lizard Tail"],"potions_floor_usage":[8,13,14,24,24,33,33,33,38],"damage_taken":[{"damage":0,"enemies":"Jaw Worm","floor":1,"turns":1},{"damage":0,"enemies":"Cultist","floor":2,"turns":1},{"damage":0,"enemies":"Small Slimes","floor":3,"turns":1},{"damage":9,"enemies":"3 Sentries","floor":7,"turns":6},{"damage":2,"enemies":"Exordium Thugs","floor":8,"turns":4},{"damage":0,"enemies":"Large Slime","floor":11,"turns":6},{"damage":0,"enemies":"2 Fungi Beasts","floor":12,"turns":2},{"damage":19,"enemies":"Gremlin Nob","floor":13,"turns":4},{"damage":0,"enemies":"Red Slaver","floor":14,"turns":1},{"damage":26,"enemies":"Hexaghost","floor":16,"turns":11},{"damage":1,"enemies":"3 Byrds","floor":18,"turns":6},{"damage":25,"enemies":"Masked Bandits","floor":21,"turns":5},{"damage":1,"enemies":"2 Thieves","floor":22,"turns":4},{"damage":0,"enemies":"Snake Plant","floor":24,"turns":3},{"damage":3,"enemies":"Cultist and Chosen","floor":28,"turns":7},{"damage":0,"enemies":"Snecko","floor":30,"turns":5},{"damage":7,"enemies":"Champ","floor":33,"turns":18},{"damage":29,"enemies":"Orb Walker","floor":35,"turns":6},{"damage":1,"enemies":"3 Darklings","floor":38,"turns":2},{"damage":64,"enemies":"Transient","floor":39,"turns":6},{"damage":17,"enemies":"Giant Head","floor":40,"turns":4}],"seed_played":"5766043024335354256","potions_obtained":[{"floor":1,"key":"GhostInAJar"},{"floor":11,"key":"Energy Potion"},{"floor":12,"key":"EssenceOfSteel"},{"floor":13,"key":"Ancient Potion"},{"floor":22,"key":"Weak Potion"},{"floor":24,"key":"Swift Potion"},{"floor":30,"key":"SpeedPotion"},{"floor":33,"key":"SmokeBomb"},{"floor":35,"key":"LiquidBronze"},{"floor":39,"key":"FearPotion"}],"is_trial":false,"path_per_floor":["M","M","M","$","?","R","E","M","T","R","M","M","E","M","R","B",null,"M","?","?","?","M","R","M","R","T","?","M","R","M","$","R","B",null,"M","?","?","M","M","E"],"character_chosen":"THE_SILENT","items_purchased":["Noxious Fumes","Dagger Spray","Footwork","PiercingWail+1","Good Instincts+1","SpeedPotion"],"campfire_rested":2,"item_purchase_floors":[4,4,31,31,31,31],"current_hp_per_floor":[59,59,59,59,59,59,50,48,48,48,48,48,29,29,29,3,50,49,49,43,18,17,36,36,36,36,36,33,33,33,33,52,45,61,32,32,32,31,3,0],"gold":160,"neow_bonus":"THREE_ENEMY_KILL","is_prod":false,"is_daily":false,"chose_seed":false,"campfire_upgraded":5,"win_rate":0,"timestamp":1557154906,"path_taken":["M","M","M","$","?","R","E","M","T","R","?","M","E","M","R","BOSS","M","?","?","?","M","R","M","R","T","?","M","R","M","$","R","BOSS","M","?","?","M","M","E"],"build_version":"2019-01-23","purchased_purges":1,"victory":false,"max_hp_per_floor":[66,66,66,66,66,66,66,66,66,66,66,66,66,66,66,66,66,66,66,66,66,66,66,66,66,66,66,66,66,66,66,66,66,66,66,66,63,63,63,63],"card_choices":[{"not_picked":["Setup","Acrobatics"],"picked":"Backflip","floor":1},{"not_picked":["Prepared","Eviscerate"],"picked":"Dodge and Roll","floor":2},{"not_picked":["Bullet Time","Cloak And Dagger"],"picked":"Poisoned Stab","floor":3},{"not_picked":["Deadly Poison","Outmaneuver"],"picked":"PiercingWail","floor":7},{"not_picked":["Choke","Acrobatics","Outmaneuver"],"picked":"SKIP","floor":8},{"not_picked":["Prepared","Accuracy"],"picked":"Deflect","floor":11},{"not_picked":["Deflect","Expertise"],"picked":"Flying Knee","floor":12},{"not_picked":["Prepared","Outmaneuver","Tactician"],"picked":"SKIP","floor":13},{"not_picked":["Slice","Quick Slash","Blade Dance"],"picked":"SKIP","floor":14},{"not_picked":["Night Terror","Unload"],"picked":"After Image","floor":16},{"not_picked":["Acrobatics","Blade Dance","Flying Knee"],"picked":"SKIP","floor":18},{"not_picked":["Cloak And Dagger","Underhanded Strike"],"picked":"PiercingWail","floor":21},{"not_picked":["Predator","Flechettes"],"picked":"Dodge and Roll","floor":22},{"not_picked":["Dash","Doppelganger"],"picked":"Blur+1","floor":24},{"not_picked":["Backstab+1","Dagger Spray"],"picked":"Dodge and Roll+1","floor":28},{"not_picked":["Bouncing Flask+1","Infinite Blades"],"picked":"Noxious Fumes","floor":30},{"not_picked":["Glass Knife","After Image"],"picked":"Malaise+1","floor":33},{"not_picked":["Prepared+1","Underhanded Strike"],"picked":"Cloak And Dagger+1","floor":35},{"not_picked":["Distraction+1","Setup+1","Predator"],"picked":"SKIP","floor":39}],"player_experience":1256524,"relics_obtained":[{"floor":7,"key":"Bag of Marbles"},{"floor":9,"key":"Snake Skull"},{"floor":13,"key":"Juzu Bracelet"},{"floor":21,"key":"Red Mask"},{"floor":26,"key":"Potion Belt"}],"event_choices":[{"damage_healed":0,"gold_gain":100,"player_choice":"Gold","damage_taken":0,"max_hp_gain":0,"max_hp_loss":0,"event_name":"Wheel of Change","floor":5,"gold_loss":0},{"damage_healed":0,"gold_gain":0,"player_choice":"Ignored","damage_taken":0,"max_hp_gain":0,"max_hp_loss":0,"event_name":"Ghosts","floor":19,"gold_loss":0},{"damage_healed":0,"gold_gain":0,"player_choice":"","damage_taken":6,"max_hp_gain":0,"max_hp_loss":0,"event_name":"Knowing Skull","floor":20,"potions_obtained":[],"gold_loss":0,"cards_obtained":[]},{"damage_healed":0,"gold_gain":0,"player_choice":"Fought Bandits","damage_taken":0,"max_hp_gain":0,"max_hp_loss":0,"event_name":"Masked Bandits","floor":21,"gold_loss":0},{"damage_healed":0,"gold_gain":0,"player_choice":"Obtained Relic","damage_taken":0,"relics_obtained":["Toxic Egg 2"],"max_hp_gain":0,"max_hp_loss":0,"event_name":"Addict","floor":27,"gold_loss":85},{"damage_healed":0,"gold_gain":50,"player_choice":"Pray","damage_taken":0,"max_hp_gain":0,"max_hp_loss":0,"event_name":"Golden Shrine","floor":36,"gold_loss":0},{"damage_healed":0,"gold_gain":0,"player_choice":"Max HP","damage_taken":0,"max_hp_gain":0,"max_hp_loss":3,"event_name":"Winding Halls","floor":37,"gold_loss":0}],"is_beta":false,"boss_relics":[{"not_picked":["Philosopher\u0027s Stone","Calling Bell"],"picked":"Pandora\u0027s Box"},{"not_picked":["HoveringKite","Snecko Eye"],"picked":"Lizard Tail"}],"items_purged_floors":[31],"is_endless":false,"potions_floor_spawned":[1,11,12,13,22,24,30,33,35,39],"killed_by":"Giant Head","ascension_level":20}