{"gold_per_floor":[363,363,37,57,57,57,88,88,113,152,152,177,191,211,211,339,339,364,186,220,220,5,5,5,5,5,5,23,36,59,109,109,109],"floor_reached":33,"playtime":1555,"items_purged":["Strike_B","Defend_B","Strike_B"],"score":316,"play_id":"443b932c-fc21-40a6-b8f6-9f441972b643","local_time":"20181103161810","is_ascension_mode":true,"campfire_choices":[{"floor":6,"key":"REST"},{"floor":15,"key":"REST"},{"floor":23,"key":"REST"},{"floor":25,"key":"REST"},{"data":"Defragment","floor":27,"key":"SMITH"},{"data":"Buffer","floor":32,"key":"SMITH"}],"neow_cost":"PERCENT_DAMAGE","seed_source_timestamp":342070784728556,"circlet_count":0,"master_deck":["Strike_B","Strike_B","Defend_B","Defend_B","Zap","Dualcast+1","Cold Snap","Dualcast+1","Conserve Battery","Conserve Battery","Buffer+1","Chill","Storm","Ball Lightning","Leap","Go for the Eyes","Storm","Tempest+1","Defragment+1","Coolheaded","Undo+1","Leap+1"],"relics":["Cracked Core","DollysMirror","Golden Idol","Strawberry","Sundial","Anchor","Bottled Flame","Red Mask","Nloth\u0027s Gift","Bird Faced Urn"],"potions_floor_usage":[21,21,21],"damage_taken":[{"damage":7,"enemies":"Jaw Worm","floor":1,"turns":3},{"damage":0,"enemies":"2 Louse","floor":4,"turns":2},{"damage":13,"enemies":"3 Sentries","floor":7,"turns":12},{"damage":18,"enemies":"Lagavulin","floor":10,"turns":8},{"damage":0,"enemies":"Small Slimes","floor":12,"turns":3},{"damage":0,"enemies":"3 Louse","floor":13,"turns":4},{"damage":0,"enemies":"Blue Slaver","floor":14,"turns":4},{"damage":21,"enemies":"The Guardian","floor":16,"turns":13},{"damage":23,"enemies":"Chosen","floor":18,"turns":7},{"damage":30,"enemies":"Masked Bandits","floor":20,"turns":6},{"damage":0,"enemies":"Colosseum Slavers","floor":21,"turns":3},{"damage":0,"enemies":"Shell Parasite","floor":28,"turns":7},{"damage":27,"enemies":"Centurion and Healer","floor":29,"turns":11},{"damage":1,"enemies":"Sentry and Sphere","floor":30,"turns":4},{"damage":59,"enemies":"Collector","floor":33,"turns":13}],"seed_played":"6172219607910551849","potions_obtained":[{"floor":7,"key":"Energy Potion"},{"floor":13,"key":"Weak Potion"},{"floor":16,"key":"Energy Potion"},{"floor":20,"key":"Fire Potion"}],"is_trial":false,"path_per_floor":["M","?","$","M","?","R","E","?","T","E","?","M","M","M","R","B",null,"M","$","?","?","$","R","?","R","T","R","M","M","M","?","R","B"],"character_chosen":"DEFECT","items_purchased":["DollysMirror","Conserve Battery","Storm","Defragment","Coolheaded"],"campfire_rested":4,"item_purchase_floors":[3,3,19,22,22],"current_hp_per_floor":[47,47,47,47,47,67,61,49,49,31,24,24,24,24,46,25,63,40,40,10,10,10,32,32,54,54,54,62,43,50,50,50,0],"gold":109,"neow_bonus":"TWO_FIFTY_GOLD","is_prod":false,"is_daily":false,"chose_seed":false,"campfire_upgraded":2,"win_rate":0,"timestamp":1541258290,"path_taken":["M","?","$","M","?","R","E","?","T","E","?","M","M","M","R","BOSS","M","$","?","?","$","R","?","R","T","R","?","M","M","?","R","BOSS"],"build_version":"2018-11-01","purchased_purges":3,"victory":false,"max_hp_per_floor":[75,75,75,75,69,69,76,76,76,76,76,76,76,76,76,76,76,76,76,76,76,76,76,76,76,76,76,76,76,76,76,76,76],"card_choices":[{"not_picked":["Recycle","Sweeping Beam"],"picked":"Cold Snap","floor":1},{"not_picked":["Compile Driver","Sweeping Beam"],"picked":"Conserve Battery","floor":4},{"not_picked":["Coolheaded","Steam"],"picked":"Buffer","floor":7},{"not_picked":["Loop","Coolheaded"],"picked":"Chill","floor":10},{"not_picked":["Barrage","Cold Snap"],"picked":"Storm","floor":12},{"not_picked":["Scrape","Go for the Eyes"],"picked":"Ball Lightning","floor":13},{"not_picked":["Gash","Undo"],"picked":"Leap","floor":14},{"not_picked":["Chill","Reinforced Body"],"picked":"Go for the Eyes","floor":18},{"not_picked":["Cold Snap+1","Reprogram"],"picked":"Tempest+1","floor":20},{"not_picked":["Genetic Algorithm","Hologram"],"picked":"Undo+1","floor":28},{"not_picked":["Sweeping Beam","Scrape","Fission"],"picked":"SKIP","floor":29},{"not_picked":["Gash","Reprogram+1"],"picked":"Leap+1","floor":30}],"player_experience":276398,"relics_obtained":[{"floor":7,"key":"Strawberry"},{"floor":9,"key":"Anchor"},{"floor":10,"key":"Bottled Flame"},{"floor":20,"key":"Red Mask"},{"floor":26,"key":"Bird Faced Urn"}],"event_choices":[{"damage_healed":0,"gold_gain":0,"player_choice":"Grow","damage_taken":0,"max_hp_gain":0,"max_hp_loss":0,"event_name":"Living Wall","floor":2,"gold_loss":0,"cards_upgraded":["Dualcast"]},{"damage_healed":0,"gold_gain":0,"player_choice":"Lose Max HP","damage_taken":0,"relics_obtained":["Golden Idol"],"max_hp_gain":0,"max_hp_loss":6,"event_name":"Golden Idol","floor":5,"gold_loss":0},{"damage_healed":0,"gold_gain":0,"player_choice":"Success","damage_taken":12,"relics_obtained":["Sundial"],"max_hp_gain":0,"max_hp_loss":0,"event_name":"Scrap Ooze","floor":8,"gold_loss":0},{"cards_removed":["Defend_B"],"damage_healed":0,"gold_gain":0,"player_choice":"Card Removal","damage_taken":7,"max_hp_gain":0,"max_hp_loss":0,"event_name":"Golden Wing","floor":11,"gold_loss":0},{"damage_healed":0,"gold_gain":0,"player_choice":"Fought Bandits","damage_taken":0,"max_hp_gain":0,"max_hp_loss":0,"event_name":"Masked Bandits","floor":20,"gold_loss":0},{"damage_healed":0,"gold_gain":0,"player_choice":"Fight","damage_taken":0,"max_hp_gain":0,"max_hp_loss":0,"event_name":"Colosseum","floor":21,"gold_loss":0},{"damage_healed":0,"gold_gain":0,"player_choice":"Fled From Nobs","damage_taken":0,"max_hp_gain":0,"max_hp_loss":0,"event_name":"Colosseum","floor":21,"gold_loss":0},{"damage_healed":0,"gold_gain":0,"player_choice":"Traded Relic","damage_taken":0,"relics_obtained":["Nloth\u0027s Gift"],"max_hp_gain":0,"max_hp_loss":0,"event_name":"N\u0027loth","floor":24,"relics_lost":["Black Star"],"gold_loss":0},{"damage_healed":0,"gold_gain":100,"player_choice":"Bet on Murderer","damage_taken":0,"max_hp_gain":0,"max_hp_loss":0,"event_name":"The Joust","floor":31,"gold_loss":50}],"is_beta":false,"boss_relics":[{"not_picked":["Calling Bell","Sozu"],"picked":"Black Star"}],"items_purged_floors":[3,19,22],"is_endless":false,"potions_floor_spawned":[7,13,16,20,21],"killed_by":"Collector","ascension_level":5}