{"gold_per_floor":[119,135,135,60,72,89,89,264,264,283,283,318,332,347,347,449,449,459,470,470,97,113,113,145,145],"floor_reached":25,"playtime":1623,"items_purged":["Strike_B","Defend_B"],"score":236,"play_id":"1d025b3c-1b41-4d43-bec4-a387d0a621ad","local_time":"20181003004500","is_ascension_mode":true,"campfire_choices":[{"data":"Defragment","floor":7,"key":"SMITH"},{"data":"Barrage","floor":11,"key":"SMITH"},{"data":"Dualcast","floor":15,"key":"SMITH"},{"floor":23,"key":"REST"}],"neow_cost":"TEN_PERCENT_HP_LOSS","seed_source_timestamp":276361574916208,"circlet_count":0,"master_deck":["Strike_B","Strike_B","Strike_B","Defend_B","Defend_B","Defend_B","Zap","Dualcast+1","Core Surge+1","Ball Lightning","Cold Snap+1","Defragment+1","Doubt","Barrage+1","Tempest+1","Genetic Algorithm+1","Machine Learning","Skim+1","Auto Shields+1","Conserve Battery+1","Capacitor","Steam+1","Stack+1","Undo+1"],"relics":["Cracked Core","Blood Vial","Toxic Egg 2","Dream Catcher","Velvet Choker","Nilry\u0027s Codex","Whetstone","Strawberry"],"potions_floor_usage":[16],"damage_taken":[{"damage":5,"enemies":"2 Louse","floor":1,"turns":2},{"damage":7,"enemies":"Small Slimes","floor":2,"turns":2},{"damage":0,"enemies":"Cultist","floor":5,"turns":3},{"damage":4,"enemies":"Red Slaver","floor":6,"turns":3},{"damage":8,"enemies":"Blue Slaver","floor":10,"turns":3},{"damage":3,"enemies":"Gremlin Nob","floor":12,"turns":3},{"damage":1,"enemies":"Large Slime","floor":13,"turns":3},{"damage":0,"enemies":"Exordium Wildlife","floor":14,"turns":3},{"damage":38,"enemies":"Hexaghost","floor":16,"turns":8},{"damage":23,"enemies":"3 Byrds","floor":18,"turns":4},{"damage":1,"enemies":"Chosen","floor":19,"turns":3},{"damage":15,"enemies":"Shelled Parasite and Fungi","floor":22,"turns":4},{"damage":34,"enemies":"Slavers","floor":24,"turns":5},{"damage":15,"enemies":"Snake Plant","floor":25,"turns":2}],"seed_played":"2570186205716414272","potions_obtained":[{"floor":2,"key":"EssenceOfSteel"},{"floor":5,"key":"SteroidPotion"},{"floor":6,"key":"FearPotion"},{"floor":19,"key":"Poison Potion"}],"is_trial":false,"path_per_floor":["M","M","?","$","M","M","R","?","T","M","R","E","M","M","R","B",null,"M","M","?","$","M","R","E"],"character_chosen":"DEFECT","items_purchased":["Conserve Battery+1","Capacitor","Whetstone"],"campfire_rested":1,"item_purchase_floors":[21,21,21],"current_hp_per_floor":[63,56,53,53,55,53,53,53,53,47,47,46,47,49,49,13,68,45,46,30,30,17,37,12,0],"gold":145,"neow_bonus":"THREE_RARE_CARDS","is_prod":false,"is_daily":false,"chose_seed":false,"campfire_upgraded":3,"win_rate":0,"timestamp":1538520300,"path_taken":["M","M","?","$","M","M","R","?","T","M","R","E","M","M","R","BOSS","M","M","?","$","M","R","E","M"],"build_version":"2018-09-27","purchased_purges":2,"victory":false,"max_hp_per_floor":[68,68,68,68,68,68,68,68,68,68,68,68,68,68,68,68,68,68,68,68,68,68,68,75,75],"card_choices":[{"not_picked":["All For One","Fission"],"picked":"Core Surge","floor":0},{"not_picked":["Steam","Compile Driver"],"picked":"Ball Lightning","floor":1},{"not_picked":["Sweeping Beam","Aggregate","Skim"],"picked":"SKIP","floor":2},{"not_picked":["Genetic Algorithm","Rebound"],"picked":"Cold Snap","floor":5},{"not_picked":["Cold Snap","Sweeping Beam"],"picked":"Defragment","floor":6},{"not_picked":["Gash","Coolheaded+1"],"picked":"Barrage","floor":10},{"not_picked":["Steam Power+1","Rebound"],"picked":"Tempest+1","floor":12},{"not_picked":["Seek+1","Storm","Gash"],"picked":"SKIP","floor":13},{"not_picked":["Compile Driver","Turbo+1"],"picked":"Genetic Algorithm+1","floor":14},{"not_picked":["Meteor Strike","Core Surge"],"picked":"Machine Learning","floor":16},{"not_picked":["Recycle+1","Cold Snap"],"picked":"Skim+1","floor":18},{"not_picked":["Cold Snap","Compile Driver+1"],"picked":"Auto Shields+1","floor":19},{"not_picked":["Hologram+1","Scrape"],"picked":"Steam+1","floor":22},{"not_picked":["Heatsinks","Biased Cognition"],"picked":"Stack+1","floor":23},{"not_picked":["Rip and Tear+1","Skim+1"],"picked":"Undo+1","floor":24}],"player_experience":115987,"relics_obtained":[{"floor":9,"key":"Toxic Egg 2"},{"floor":12,"key":"Dream Catcher"},{"floor":20,"key":"Nilry\u0027s Codex"},{"floor":24,"key":"Strawberry"}],"event_choices":[{"event_name":"Scrap Ooze","player_choice":"success","floor":3,"damage_taken":3},{"event_name":"Liars Game","player_choice":"agreed","floor":8,"damage_taken":0},{"event_name":"Cursed Tome","player_choice":"Obtained Book","floor":20,"damage_taken":0}],"is_beta":false,"boss_relics":[{"not_picked":["Philosopher\u0027s Stone","Sozu"],"picked":"Velvet Choker"}],"items_purged_floors":[4,21],"is_endless":false,"potions_floor_spawned":[2,5,6,14,19,22],"killed_by":"Snake Plant","ascension_level":1}