{"gold_per_floor":[118,18,18,18,34,63,88,121,146,157,175,175,175,130,130,207,207,207],"floor_reached":18,"playtime":732,"items_purged":[],"score":386,"play_id":"5ed66871-7762-4702-a607-3abfc243c56f","local_time":"20190417114715","is_ascension_mode":true,"campfire_choices":[{"data":"True Grit","floor":13,"key":"SMITH"},{"floor":15,"key":"REST"}],"neow_cost":"NONE","seed_source_timestamp":1653128142555899,"circlet_count":0,"master_deck":["AscendersBane","Strike_R","Strike_R","Strike_R","Strike_R+1","Strike_R+1","Defend_R","Defend_R","Defend_R","Defend_R","Bash+1","Seeing Red","Feel No Pain","Sword Boomerang","Warcry","Havoc","True Grit+1","Offering"],"relics":["Burning Blood","NeowsBlessing","Singing Bowl","Art of War","Anchor","Whetstone","Snecko Eye"],"potions_floor_usage":[8,16,16],"damage_taken":[{"damage":0,"enemies":"2 Louse","floor":1,"turns":1},{"damage":0,"enemies":"Cultist","floor":5,"turns":1},{"damage":0,"enemies":"3 Sentries","floor":6,"turns":2},{"damage":54,"enemies":"Gremlin Nob","floor":8,"turns":6},{"damage":0,"enemies":"Jaw Worm","floor":10,"turns":3},{"damage":24,"enemies":"Lots of Slimes","floor":11,"turns":5},{"damage":32,"enemies":"The Guardian","floor":16,"turns":16},{"damage":64,"enemies":"Chosen","floor":18,"turns":11}],"seed_played":"-9073009583915112254","potions_obtained":[{"floor":1,"key":"Ancient Potion"},{"floor":8,"key":"Dexterity Potion"},{"floor":10,"key":"GamblersBrew"},{"floor":16,"key":"LiquidBronze"}],"is_trial":false,"path_per_floor":["M","$","?","$","M","E","T","E","T","M","M","?","R","?","R","B",null,"M"],"character_chosen":"IRONCLAD","items_purchased":["Feel No Pain","Sword Boomerang"],"campfire_rested":1,"item_purchase_floors":[2,2],"current_hp_per_floor":[74,74,74,74,75,75,75,29,29,35,19,19,19,19,42,16,63,0],"gold":207,"neow_bonus":"THREE_ENEMY_KILL","is_prod":false,"is_daily":false,"chose_seed":false,"campfire_upgraded":1,"win_rate":0,"timestamp":1555469235,"path_taken":["M","$","?","?","M","E","?","E","T","?","?","?","R","?","R","BOSS","M"],"build_version":"2019-01-23","purchased_purges":0,"victory":false,"max_hp_per_floor":[75,75,75,75,75,75,75,77,77,77,79,79,79,79,79,79,79,79],"card_choices":[{"not_picked":["Armaments","Power Through"],"picked":"Seeing Red","floor":1},{"not_picked":["Corruption","Heavy Blade"],"picked":"Warcry","floor":5},{"not_picked":["Iron Wave","Heavy Blade"],"picked":"Havoc","floor":6},{"not_picked":["Flex","Rampage","Dark Embrace"],"picked":"Singing Bowl","floor":8},{"not_picked":["Body Slam","Rampage"],"picked":"True Grit","floor":10},{"not_picked":["Dual Wield","Thunderclap","Intimidate"],"picked":"Singing Bowl","floor":11},{"not_picked":["Exhume","Berserk"],"picked":"Offering","floor":16}],"player_experience":957196,"relics_obtained":[{"floor":6,"key":"Singing Bowl"},{"floor":7,"key":"Art of War"},{"floor":8,"key":"Anchor"},{"floor":9,"key":"Whetstone"}],"event_choices":[{"damage_healed":0,"gold_gain":0,"player_choice":"Upgraded","damage_taken":0,"max_hp_gain":0,"max_hp_loss":0,"event_name":"Upgrade Shrine","floor":3,"gold_loss":0,"cards_upgraded":["Bash"]},{"damage_healed":0,"gold_gain":0,"player_choice":"Ignored","damage_taken":0,"max_hp_gain":0,"max_hp_loss":0,"event_name":"Liars Game","floor":12,"gold_loss":0},{"damage_healed":0,"gold_gain":0,"player_choice":"Left Gold","damage_taken":0,"max_hp_gain":0,"max_hp_loss":0,"event_name":"World of Goop","floor":14,"gold_loss":45}],"is_beta":false,"boss_relics":[{"not_picked":["Black Blood","Busted Crown"],"picked":"Snecko Eye"}],"items_purged_floors":[],"is_endless":false,"potions_floor_spawned":[1,8,10,16],"killed_by":"Chosen","ascension_level":20}