{"gold_per_floor":[111,111,111,162,178,178,208,208,231,41,55,55,155,188,188,292,292,311,327,346,3,14,14,45,45,126,153,153,171,171,25,25,125,125,145,161,180,180,180,210,210,236,259,587,599,625,625,640,640,640],"floor_reached":50,"playtime":4799,"items_purged":["Strike_G"],"score":1049,"play_id":"d48b588c-eec0-46f7-a226-0d34497dd366","local_time":"20190428124206","is_ascension_mode":true,"campfire_choices":[{"data":"Neutralize","floor":6,"key":"SMITH"},{"data":"Predator","floor":8,"key":"SMITH"},{"floor":12,"key":"REST"},{"data":"Burst","floor":15,"key":"SMITH"},{"data":"Adrenaline","floor":23,"key":"SMITH"},{"data":"Dagger Spray","floor":25,"key":"SMITH"},{"data":"Caltrops","floor":28,"key":"SMITH"},{"floor":32,"key":"REST"},{"data":"Adrenaline","floor":41,"key":"SMITH"},{"floor":49,"key":"RECALL"}],"neow_cost":"NONE","seed_source_timestamp":656371039951739,"circlet_count":0,"master_deck":["Defend_G","Defend_G+1","Defend_G+1","Defend_G","Defend_G+1","Strike_G","Strike_G","Strike_G","Survivor","Neutralize+1","Burst+1","Predator+1","Poisoned Stab","PiercingWail","Noxious Fumes","Adrenaline+1","Backflip+1","Prepared","Outmaneuver","Dagger Spray+1","Caltrops","Grand Finale","Caltrops+1","Footwork+1","Adrenaline+1","Heel Hook","Outmaneuver+1","Discovery","PiercingWail","Flechettes","Prepared+1","Bouncing Flask","Parasite"],"relics":["Ring of the Snake","Strawberry","Pen Nib","Sling","Lantern","Runic Pyramid","PreservedInsect","Oddly Smooth Stone","Bronze Scales","Shuriken","War Paint","Philosopher\u0027s Stone","Dead Branch","Darkstone Periapt","Old Coin","Dream Catcher"],"potions_floor_usage":[14,14,27,36,50,50],"damage_taken":[{"damage":4,"enemies":"2 Louse","floor":1,"turns":3},{"damage":0,"enemies":"Small Slimes","floor":5,"turns":3},{"damage":17,"enemies":"Lagavulin","floor":7,"turns":8},{"damage":0,"enemies":"Jaw Worm","floor":11,"turns":3},{"damage":0,"enemies":"Gremlin Nob","floor":14,"turns":2},{"damage":50,"enemies":"Hexaghost","floor":16,"turns":12},{"damage":0,"enemies":"Chosen","floor":18,"turns":4},{"damage":0,"enemies":"Shell Parasite","floor":19,"turns":5},{"damage":3,"enemies":"Snake Plant","floor":20,"turns":4},{"damage":0,"enemies":"Chosen and Byrds","floor":22,"turns":6},{"damage":18,"enemies":"Slavers","floor":24,"turns":3},{"damage":3,"enemies":"Gremlin Leader","floor":27,"turns":4},{"damage":4,"enemies":"Centurion and Healer","floor":29,"turns":3},{"damage":10,"enemies":"Collector","floor":33,"turns":12},{"damage":3,"enemies":"3 Shapes","floor":35,"turns":5},{"damage":10,"enemies":"3 Darklings","floor":36,"turns":4},{"damage":1,"enemies":"Spire Growth","floor":37,"turns":4},{"damage":3,"enemies":"Reptomancer","floor":40,"turns":3},{"damage":0,"enemies":"Giant Head","floor":42,"turns":5},{"damage":1,"enemies":"Nemesis","floor":44,"turns":3},{"damage":6,"enemies":"Sphere and 2 Shapes","floor":45,"turns":6},{"damage":0,"enemies":"Reptomancer","floor":46,"turns":2},{"damage":11,"enemies":"Writhing Mass","floor":48,"turns":6},{"damage":47,"enemies":"Donu and Deca","floor":50,"turns":7}],"seed_played":"-100040917931437579","potions_obtained":[{"floor":1,"key":"FearPotion"},{"floor":7,"key":"PowerPotion"},{"floor":16,"key":"Block Potion"},{"floor":19,"key":"FearPotion"},{"floor":20,"key":"Dexterity Potion"},{"floor":27,"key":"Energy Potion"},{"floor":36,"key":"SkillPotion"},{"floor":37,"key":"Energy Potion"},{"floor":45,"key":"PowerPotion"},{"floor":48,"key":"PowerPotion"}],"is_trial":false,"path_per_floor":["M","?","?","?","M","R","E","R","T","$","M","R","?","E","R","B",null,"M","M","M","$","M","R","E","R","T","E","R","M","?","$","R","B",null,"M","M","M","?","?","E","R","E","T","E","M","E","?","M","R","B"],"character_chosen":"THE_SILENT","items_purchased":["Sling","PreservedInsect","Dagger Spray","Oddly Smooth Stone","Footwork"],"campfire_rested":2,"item_purchase_floors":[10,21,21,21,31],"current_hp_per_floor":[59,64,49,49,49,49,39,39,39,39,39,63,63,63,63,13,65,65,65,62,62,62,62,44,44,44,41,41,37,37,37,61,51,74,71,61,60,60,60,57,57,57,57,56,50,50,50,45,45,0],"gold":640,"neow_bonus":"TRANSFORM_CARD","is_prod":false,"is_daily":false,"chose_seed":false,"campfire_upgraded":7,"win_rate":0,"timestamp":1556469726,"path_taken":["M","?","?","?","M","R","E","R","T","?","M","R","?","E","R","BOSS","M","?","M","$","M","R","E","R","T","E","R","M","?","$","R","BOSS","M","M","M","?","?","E","R","E","T","E","M","E","?","?","R","BOSS"],"build_version":"2019-01-23","purchased_purges":1,"victory":false,"max_hp_per_floor":[70,75,75,75,75,75,82,82,82,82,82,82,82,82,82,82,82,82,82,82,82,82,82,82,82,82,82,82,82,82,82,82,82,82,82,82,82,82,78,78,78,78,78,78,78,78,78,84,84,84],"card_choices":[{"not_picked":["Accuracy","Expertise"],"picked":"Predator","floor":1},{"not_picked":["Dodge and Roll","Blade Dance"],"picked":"Poisoned Stab","floor":5},{"not_picked":["Heel Hook","Underhanded Strike","Sucker Punch"],"picked":"SKIP","floor":7},{"not_picked":["Dodge and Roll","Cloak And Dagger"],"picked":"PiercingWail","floor":11},{"not_picked":["Flying Knee","Tactician"],"picked":"Noxious Fumes","floor":14},{"not_picked":["Venomology","Burst"],"picked":"Adrenaline","floor":16},{"not_picked":["Poisoned Stab","Prepared"],"picked":"Backflip","floor":18},{"not_picked":["Expertise","Dagger Throw"],"picked":"Prepared","floor":19},{"not_picked":["Dodge and Roll","Cloak And Dagger"],"picked":"Outmaneuver","floor":20},{"not_picked":["Dagger Spray+1","Flying Knee"],"picked":"Caltrops","floor":22},{"not_picked":["Acrobatics","Bane"],"picked":"Grand Finale","floor":24},{"not_picked":["Underhanded Strike+1","Deadly Poison"],"picked":"Caltrops","floor":27},{"not_picked":["Outmaneuver","Predator","Accuracy+1"],"picked":"SKIP","floor":29},{"not_picked":["Tools of the Trade","Bullet Time"],"picked":"Adrenaline","floor":33},{"not_picked":["Dagger Throw+1","Well Laid Plans+1"],"picked":"Heel Hook","floor":35},{"not_picked":["Endless Agony","Quick Slash","Heel Hook+1"],"picked":"SKIP","floor":36},{"not_picked":["Masterful Stab","Underhanded Strike"],"picked":"Outmaneuver+1","floor":37},{"not_picked":["Impatience","PanicButton"],"picked":"Discovery","floor":38},{"not_picked":["Unload","Dagger Spray+1"],"picked":"PiercingWail","floor":40},{"not_picked":["Predator","Footwork"],"picked":"Flechettes","floor":42},{"not_picked":["Heel Hook","Riddle With Holes+1","Acrobatics+1"],"picked":"SKIP","floor":44},{"not_picked":["Blade Dance+1","Dodge and Roll+1"],"picked":"Prepared+1","floor":45},{"not_picked":["Cloak And Dagger+1","Deadly Poison"],"picked":"Bouncing Flask","floor":46},{"not_picked":["Burst","Masterful Stab+1","Deflect"],"picked":"SKIP","floor":48}],"player_experience":218030,"relics_obtained":[{"floor":7,"key":"Strawberry"},{"floor":9,"key":"Pen Nib"},{"floor":14,"key":"Lantern"},{"floor":24,"key":"Bronze Scales"},{"floor":26,"key":"Shuriken"},{"floor":27,"key":"War Paint"},{"floor":40,"key":"Dead Branch"},{"floor":42,"key":"Darkstone Periapt"},{"floor":44,"key":"Old Coin"},{"floor":46,"key":"Dream Catcher"}],"event_choices":[{"damage_healed":0,"gold_gain":0,"player_choice":"Donut","damage_taken":0,"max_hp_gain":5,"max_hp_loss":0,"event_name":"Big Fish","floor":2,"gold_loss":0},{"damage_healed":0,"gold_gain":0,"player_choice":"Entered Light","damage_taken":15,"max_hp_gain":0,"max_hp_loss":0,"event_name":"Shining Light","floor":3,"gold_loss":0,"cards_upgraded":["Defend_G","Defend_G"]},{"damage_healed":0,"gold_gain":51,"player_choice":"Gained Gold","damage_taken":0,"max_hp_gain":0,"max_hp_loss":0,"event_name":"Golden Wing","floor":4,"gold_loss":0},{"damage_healed":0,"gold_gain":100,"player_choice":"Pray","damage_taken":0,"max_hp_gain":0,"max_hp_loss":0,"event_name":"Golden Shrine","floor":13,"gold_loss":0},{"damage_healed":0,"gold_gain":0,"player_choice":"Ignored","damage_taken":0,"max_hp_gain":0,"max_hp_loss":0,"event_name":"Cursed Tome","floor":30,"gold_loss":0},{"damage_healed":0,"gold_gain":0,"player_choice":"Memory 1","damage_taken":0,"max_hp_gain":0,"max_hp_loss":0,"event_name":"SensoryStone","floor":38,"gold_loss":0},{"damage_healed":0,"gold_gain":0,"player_choice":"Max HP","damage_taken":0,"max_hp_gain":0,"max_hp_loss":4,"event_name":"Winding Halls","floor":39,"gold_loss":0},{"damage_healed":0,"gold_gain":0,"player_choice":"Forge","damage_taken":0,"max_hp_gain":0,"max_hp_loss":0,"event_name":"Accursed Blacksmith","floor":47,"gold_loss":0,"cards_upgraded":["Footwork"]}],"is_beta":false,"boss_relics":[{"not_picked":["Ectoplasm","Snecko Eye"],"picked":"Runic Pyramid"},{"not_picked":["Orrery","Lizard Tail"],"picked":"Philosopher\u0027s Stone"}],"items_purged_floors":[31],"is_endless":false,"potions_floor_spawned":[1,7,16,19,20,27,36,37,40,45,48],"killed_by":"Donu and Deca","ascension_level":9}