{"gold_per_floor":[113,113,125,125,137,137,151,151,151,226,401,435,447,28,28,132,132,148,8,8,18,29,55,55,83,163,163,181,195,120,120,120,220,220,231,231,231,231,106,106,53,104,104,204,229,239,239,258,258,258,258,258,36,64,64],"floor_reached":55,"playtime":4215,"items_purged":["Doubt","Strike_B","Madness"],"score":761,"play_id":"1a3e0845-ae31-454b-9fb9-9385d69fa206","local_time":"20190421172640","is_ascension_mode":false,"campfire_choices":[{"data":"Genetic Algorithm","floor":6.0,"key":"SMITH"},{"data":"Dualcast","floor":8.0,"key":"SMITH"},{"data":"Hologram","floor":15.0,"key":"SMITH"},{"data":"Seek","floor":24.0,"key":"SMITH"},{"data":"Chaos","floor":27.0,"key":"SMITH"},{"floor":32.0,"key":"REST"},{"data":"Biased Cognition","floor":40.0,"key":"SMITH"},{"data":"Madness","floor":47.0,"key":"SMITH"},{"floor":49,"key":"RECALL"},{"data":"Coolheaded","floor":52,"key":"SMITH"}],"neow_cost":"NONE","seed_source_timestamp":0,"circlet_count":0,"master_deck":["Defend_B+1","Defend_B+1","Defend_B+1","Defend_B+1","Zap+1","Dualcast+1","Genetic Algorithm+1","Steam Power","Gash","Conserve Battery","Hologram+1","Core Surge","Seek+1","All For One","Chaos+1","Chill","Coolheaded+1","Redo","Chill","Reinforced Body","Gash+1","Genetic Algorithm+1","Biased Cognition+1","Madness+1","Violence","Coolheaded","Turbo+1","Streamline+1","Reboot","Beam Cell+1"],"special_seed":0,"relics":["Cracked Core","Bottled Lightning","Cables","ClockworkSouvenir","Inserter","Oddly Smooth Stone","Red Mask","Busted Crown","Dead Branch","Molten Egg 2","Du-Vu Doll","Art of War","Vajra","Orichalcum"],"potions_floor_usage":[50,50],"damage_taken":[{"damage":0.0,"enemies":"2 Louse","floor":1.0,"turns":3.0},{"damage":0.0,"enemies":"Cultist","floor":3.0,"turns":4.0},{"damage":4.0,"enemies":"Small Slimes","floor":5.0,"turns":2.0},{"damage":6.0,"enemies":"Exordium Thugs","floor":7.0,"turns":4.0},{"damage":21.0,"enemies":"Lagavulin","floor":12.0,"turns":7.0},{"damage":6.0,"enemies":"Large Slime","floor":13.0,"turns":6.0},{"damage":26.0,"enemies":"Slime Boss","floor":16.0,"turns":10.0},{"damage":0.0,"enemies":"Spheric Guardian","floor":18.0,"turns":3.0},{"damage":8.0,"enemies":"Shell Parasite","floor":21.0,"turns":4.0},{"damage":0.0,"enemies":"Centurion and Healer","floor":22.0,"turns":7.0},{"damage":19.0,"enemies":"Gremlin Leader","floor":23.0,"turns":9.0},{"damage":8.0,"enemies":"Masked Bandits","floor":25.0,"turns":7.0},{"damage":16.0,"enemies":"3 Cultists","floor":28.0,"turns":8.0},{"damage":8.0,"enemies":"Snake Plant","floor":29.0,"turns":5.0},{"damage":5.0,"enemies":"Collector","floor":33.0,"turns":15.0},{"damage":0.0,"enemies":"3 Shapes","floor":35.0,"turns":6.0},{"damage":4.0,"enemies":"2 Orb Walkers","floor":42.0,"turns":7.0},{"damage":0.0,"enemies":"Mind Bloom Boss Battle","floor":44.0,"turns":7.0},{"damage":0.0,"enemies":"Giant Head","floor":45.0,"turns":7.0},{"damage":11.0,"enemies":"Orb Walker","floor":46.0,"turns":2.0},{"damage":0.0,"enemies":"4 Shapes","floor":48.0,"turns":4.0},{"damage":3,"enemies":"Donu and Deca","floor":50,"turns":8},{"damage":43,"enemies":"Shield and Spear","floor":54,"turns":8},{"damage":37,"enemies":"The Heart","floor":55,"turns":8}],"seed_played":"6352834242588538134","potions_obtained":[{"floor":1.0,"key":"EntropicBrew"},{"floor":5.0,"key":"FearPotion"},{"floor":7.0,"key":"Explosive Potion"},{"floor":13.0,"key":"AttackPotion"},{"floor":18.0,"key":"Explosive Potion"},{"floor":21.0,"key":"Block Potion"},{"floor":25.0,"key":"Strength Potion"},{"floor":35.0,"key":"PowerPotion"},{"floor":48.0,"key":"FocusPotion"}],"is_trial":false,"path_per_floor":["M","?","M","?","M","R","M","R","T","?","?","E","M","$","R","B",null,"M","$","?","M","M","E","R","?","T","R","M","M","?","?","R","B",null,"M","?","?","?","$","R","$","?","T","?","E","M","R","M","R","B",null,"R","$","E","B"],"character_chosen":"DEFECT","items_purchased":["ClockworkSouvenir","Seek","Chill","Coolheaded","Vajra","Reboot"],"campfire_rested":1,"item_purchase_floors":[14,14,19,41,53,53],"current_hp_per_floor":[75,75,75,75,71,71,65,65,65,54,54,33,27,27,27,1,75,75,75,75,67,67,48,48,40,40,40,24,16,16,16,38,33,75,75,66,66,66,66,66,66,62,62,62,62,51,51,51,51,48,75,75,75,32,0],"gold":64,"neow_bonus":"REMOVE_CARD","is_prod":false,"is_daily":false,"chose_seed":false,"campfire_upgraded":8,"win_rate":0,"timestamp":1555838800,"path_taken":["M","?","M","?","M","R","?","R","T","?","?","E","M","$","R","BOSS","M","$","?","M","M","E","R","?","T","R","M","?","?","?","R","BOSS","M","?","?","?","$","R","$","?","T","?","E","M","R","M","R","BOSS","R","$","E","BOSS"],"build_version":"2019-01-23","purchased_purges":3,"victory":false,"max_hp_per_floor":[75,75,75,75,75,75,75,75,75,75,75,75,75,75,75,75,75,75,75,75,75,75,75,75,75,75,75,75,75,75,75,75,75,75,75,75,75,75,75,75,75,75,75,75,75,75,75,75,75,75,75,75,75,75,75],"card_choices":[{"not_picked":["Leap","Steam"],"picked":"Genetic Algorithm","floor":1.0},{"not_picked":["Turbo","Steam"],"picked":"Steam Power","floor":3.0},{"not_picked":["Compile Driver","Streamline"],"picked":"Gash","floor":5.0},{"not_picked":["Rip and Tear","Doom and Gloom"],"picked":"Conserve Battery","floor":7.0},{"not_picked":["Barrage","Auto Shields"],"picked":"Hologram","floor":12.0},{"not_picked":["Skim","Rip and Tear"],"picked":"Core Surge","floor":13.0},{"not_picked":["Amplify","Machine Learning"],"picked":"All For One","floor":16.0},{"not_picked":["Rip and Tear+1","Compile Driver"],"picked":"Chaos","floor":18.0},{"not_picked":["Leap","Conserve Battery"],"picked":"Coolheaded","floor":21.0},{"not_picked":["Conserve Battery","Sweeping Beam"],"picked":"Redo","floor":22.0},{"not_picked":["Static Discharge+1","Undo+1"],"picked":"Chill","floor":23.0},{"not_picked":["Compile Driver","Hyperbeam"],"picked":"Reinforced Body","floor":25.0},{"not_picked":["Redo","Hologram"],"picked":"Gash+1","floor":28.0},{"not_picked":["Undo+1","Streamline"],"picked":"Coolheaded+1","floor":29.0},{"not_picked":["All For One","Buffer"],"picked":"Biased Cognition","floor":33.0},{"not_picked":["Stack"],"picked":"SKIP","floor":35.0},{"not_picked":[],"picked":"Violence","floor":38.0},{"not_picked":[],"picked":"Turbo+1","floor":45.0},{"not_picked":["Steam+1"],"picked":"SKIP","floor":46.0},{"not_picked":[],"picked":"Streamline+1","floor":48.0},{"not_picked":[],"picked":"Beam Cell+1","floor":54}],"player_experience":461298,"relics_obtained":[{"floor":9.0,"key":"Bottled Lightning"},{"floor":12.0,"key":"Cables"},{"floor":23.0,"key":"Oddly Smooth Stone"},{"floor":25.0,"key":"Red Mask"},{"floor":42.0,"key":"Dead Branch"},{"floor":43.0,"key":"Molten Egg 2"},{"floor":44.0,"key":"Du-Vu Doll"},{"floor":45.0,"key":"Art of War"},{"floor":54,"key":"Orichalcum"}],"event_choices":[{"damage_healed":0.0,"max_hp_gain":0.0,"max_hp_loss":0.0,"gold_gain":0.0,"event_name":"Living Wall","player_choice":"Grow","floor":2.0,"gold_loss":0.0,"damage_taken":0.0,"cards_upgraded":["Zap"]},{"cards_removed":["Strike_B"],"damage_healed":0.0,"max_hp_gain":0.0,"max_hp_loss":0.0,"gold_gain":0.0,"event_name":"Purifier","player_choice":"Purged","floor":4.0,"gold_loss":0.0,"damage_taken":0.0},{"damage_healed":0.0,"max_hp_gain":0.0,"max_hp_loss":0.0,"gold_gain":75.0,"event_name":"World of Goop","player_choice":"Gather Gold","floor":10.0,"gold_loss":0.0,"damage_taken":11.0},{"damage_healed":0.0,"max_hp_gain":0.0,"max_hp_loss":0.0,"gold_gain":175.0,"event_name":"Liars Game","player_choice":"AGREE","floor":11.0,"gold_loss":0.0,"damage_taken":0.0,"cards_obtained":["Doubt"]},{"damage_healed":0.0,"max_hp_gain":0.0,"max_hp_loss":0.0,"gold_gain":0.0,"event_name":"Back to Basics","player_choice":"Simplicity","floor":20.0,"gold_loss":0.0,"damage_taken":0.0,"cards_upgraded":["Strike_B","Defend_B","Defend_B","Defend_B","Defend_B"]},{"damage_healed":0.0,"max_hp_gain":0.0,"max_hp_loss":0.0,"gold_gain":0.0,"event_name":"Masked Bandits","player_choice":"Fought Bandits","floor":25.0,"gold_loss":0.0,"damage_taken":0.0},{"cards_removed":["Strike_B"],"damage_healed":0.0,"max_hp_gain":0.0,"max_hp_loss":0.0,"gold_gain":0.0,"event_name":"Beggar","player_choice":"Gave Gold","floor":30.0,"gold_loss":75.0,"damage_taken":0.0},{"damage_healed":0.0,"max_hp_gain":0.0,"max_hp_loss":0.0,"gold_gain":0.0,"event_name":"Duplicator","player_choice":"Copied","floor":31.0,"gold_loss":0.0,"damage_taken":0.0,"cards_obtained":["Genetic Algorithm"]},{"damage_healed":0.0,"max_hp_gain":0.0,"max_hp_loss":0.0,"gold_gain":0.0,"event_name":"Winding Halls","player_choice":"Embrace Madness","floor":36.0,"gold_loss":0.0,"damage_taken":9.0,"cards_obtained":["Madness","Madness"]},{"cards_removed":["Coolheaded"],"damage_healed":0.0,"max_hp_gain":0.0,"max_hp_loss":0.0,"gold_gain":0.0,"event_name":"Falling","player_choice":"Removed Skill","floor":37.0,"gold_loss":0.0,"damage_taken":0.0},{"damage_healed":0.0,"max_hp_gain":0.0,"max_hp_loss":0.0,"gold_gain":0.0,"event_name":"SensoryStone","player_choice":"Memory 1","floor":38.0,"gold_loss":0.0,"damage_taken":0.0},{"damage_healed":0.0,"max_hp_gain":0.0,"max_hp_loss":0.0,"gold_gain":0.0,"event_name":"Mysterious Sphere","player_choice":"Fight","floor":42.0,"gold_loss":0.0,"damage_taken":0.0},{"damage_healed":0.0,"max_hp_gain":0.0,"max_hp_loss":0.0,"gold_gain":0.0,"event_name":"MindBloom","player_choice":"Fight","floor":44.0,"gold_loss":0.0,"damage_taken":0.0}],"is_beta":false,"boss_relics":[{"not_picked":["Pandora\u0027s Box","Tiny House"],"picked":"Inserter"},{"not_picked":["Velvet Choker","Empty Cage"],"picked":"Busted Crown"}],"items_purged_floors":[14,19,39],"is_endless":false,"potions_floor_spawned":[1,5,7,13,18,21,25,35,48],"killed_by":"The Heart","ascension_level":0}