{"gold_per_floor":[117,134,144,144,59,59,89,89,112,139,10,10,68,97,97,174,174,188,31,31,47,97,132,132,150,231,231,242,271,285,304,304,382,382,398,398,398,148,148,179,199,26,52,78,98,118,118,118,118,118],"floor_reached":51,"playtime":2401,"items_purged":[],"score":1663,"play_id":"66029a48-b77a-4640-b050-400318037baa","local_time":"20190329174830","is_ascension_mode":true,"campfire_choices":[{"data":"Capacitor","floor":6,"key":"SMITH"},{"floor":8,"key":"REST"},{"floor":12,"key":"REST"},{"data":"Defragment","floor":15,"key":"SMITH"},{"floor":24,"key":"REST"},{"floor":32,"key":"REST"},{"floor":47,"key":"REST"},{"floor":49,"key":"REST"}],"neow_cost":"NONE","seed_source_timestamp":64733931409920,"circlet_count":0,"master_deck":["AscendersBane","Strike_B+1","Strike_B+1","Strike_B+1","Strike_B+1","Defend_B+1","Defend_B+1","Defend_B+1","Defend_B+1","Zap+1","Dualcast+1","Compile Driver+1","Ball Lightning+1","Conserve Battery+1","Capacitor+1","Cold Snap+1","Defragment+1","Storm+1","Ball Lightning+1","Coolheaded+1","Echo Form+1","Compile Driver+1","Double Energy+1","Skim+1","Glacier+1","Self Repair+1","Heatsinks+1","Steam Power+1","Echo Form+1","Skim+1","Blind+1","Capacitor+1","Hologram+1","Hello World+1","Double Energy+1","Defragment+1","Tempest+1"],"relics":["FrozenCore","DataDisk","Art of War","Centennial Puzzle","Blood Vial","Bag of Preparation","Gremlin Horn","Fusion Hammer","Regal Pillow","Strawberry","Meat on the Bone","Enchiridion","Bottled Lightning","ClockworkSouvenir","Dodecahedron","Smiling Mask","Whetstone","Mark of the Bloom"],"potions_floor_usage":[10,13,13,25,29,40,50,50,50,50],"damage_taken":[{"damage":1,"enemies":"2 Louse","floor":1,"turns":3},{"damage":9,"enemies":"Jaw Worm","floor":2,"turns":4},{"damage":0,"enemies":"Cultist","floor":3,"turns":2},{"damage":25,"enemies":"Lagavulin","floor":7,"turns":6},{"damage":26,"enemies":"3 Sentries","floor":10,"turns":5},{"damage":18,"enemies":"Lagavulin Event","floor":13,"turns":7},{"damage":5,"enemies":"Gremlin Nob","floor":14,"turns":3},{"damage":21,"enemies":"The Guardian","floor":16,"turns":8},{"damage":8,"enemies":"Chosen","floor":18,"turns":4},{"damage":8,"enemies":"Spheric Guardian","floor":21,"turns":4},{"damage":27,"enemies":"Book of Stabbing","floor":23,"turns":4},{"damage":12,"enemies":"Chosen and Byrds","floor":25,"turns":4},{"damage":11,"enemies":"Centurion and Healer","floor":28,"turns":4},{"damage":0,"enemies":"Gremlin Leader","floor":29,"turns":4},{"damage":8,"enemies":"Cultist and Chosen","floor":30,"turns":4},{"damage":12,"enemies":"Shelled Parasite and Fungi","floor":31,"turns":3},{"damage":35,"enemies":"Champ","floor":33,"turns":9},{"damage":43,"enemies":"3 Darklings","floor":35,"turns":5},{"damage":0,"enemies":"Reptomancer","floor":40,"turns":5},{"damage":0,"enemies":"3 Shapes","floor":41,"turns":5},{"damage":0,"enemies":"Giant Head","floor":44,"turns":7},{"damage":19,"enemies":"3 Darklings","floor":45,"turns":4},{"damage":0,"enemies":"Writhing Mass","floor":46,"turns":5},{"damage":0,"enemies":"Awakened One","floor":50,"turns":6}],"seed_played":"8337377063548068182","potions_obtained":[{"floor":1,"key":"FearPotion"},{"floor":2,"key":"SteroidPotion"},{"floor":13,"key":"SpeedPotion"},{"floor":16,"key":"Poison Potion"},{"floor":23,"key":"Swift Potion"},{"floor":29,"key":"Fire Potion"},{"floor":30,"key":"Weak Potion"},{"floor":40,"key":"SteroidPotion"},{"floor":44,"key":"EntropicBrew"}],"is_trial":false,"path_per_floor":["M","M","M","?","$","R","E","R","T","E","$","R","?","E","R","B",null,"M","$","?","M","?","E","R","M","T","?","M","E","M","M","R","B",null,"M","?","?","$","?","E","M","$","T","E","M","M","R","?","R","B",null],"character_chosen":"DEFECT","items_purchased":["Capacitor","Storm","SkillPotion","Regal Pillow","Capacitor","ClockworkSouvenir","Hello World","Double Energy","PowerPotion"],"campfire_rested":6,"item_purchase_floors":[5,11,11,19,38,38,42,42,42],"current_hp_per_floor":[63,54,54,54,54,54,29,50,50,24,24,45,29,26,26,7,55,49,49,49,43,43,25,63,53,53,32,35,49,50,47,78,50,71,56,56,56,56,78,78,78,78,78,78,73,78,78,78,78,78],"gold":118,"neow_bonus":"RANDOM_COMMON_RELIC","is_prod":false,"is_daily":false,"chose_seed":false,"campfire_upgraded":2,"win_rate":0,"timestamp":1553899710,"path_taken":["M","M","M","?","$","R","E","R","T","E","$","R","?","E","R","BOSS","M","$","?","M","?","E","R","M","T","?","?","E","?","M","R","BOSS","M","?","?","$","?","E","M","$","T","E","M","?","R","?","R","BOSS"],"build_version":"2019-01-23","purchased_purges":0,"victory":true,"max_hp_per_floor":[71,71,71,71,71,71,71,71,71,71,71,71,71,71,71,71,71,71,71,71,71,71,78,78,78,78,78,78,78,78,78,78,78,78,78,78,78,78,78,78,78,78,78,78,78,78,78,78,78,78],"card_choices":[{"not_picked":["Aggregate","Force Field"],"picked":"Compile Driver","floor":1},{"not_picked":["Redo","Turbo"],"picked":"Ball Lightning","floor":2},{"not_picked":["Melter","Steam"],"picked":"Conserve Battery","floor":3},{"not_picked":["Beam Cell","Leap"],"picked":"Cold Snap","floor":7},{"not_picked":["Chaos","Stack"],"picked":"Defragment","floor":10},{"not_picked":["Rip and Tear","Auto Shields"],"picked":"Ball Lightning","floor":13},{"not_picked":["Cold Snap","Hologram"],"picked":"Coolheaded","floor":14},{"not_picked":["Reboot","Machine Learning"],"picked":"Echo Form","floor":16},{"not_picked":["Barrage","Leap"],"picked":"Compile Driver","floor":18},{"not_picked":["Barrage","Machine Learning"],"picked":"Double Energy+1","floor":21},{"not_picked":["Sunder","Rip and Tear"],"picked":"Skim","floor":23},{"not_picked":["Sweeping Beam+1","Recycle"],"picked":"Glacier","floor":25},{"not_picked":["Barrage","Leap","Rebound"],"picked":"SKIP","floor":28},{"not_picked":["Gash","Ball Lightning"],"picked":"Self Repair","floor":29},{"not_picked":["Consume","Static Discharge"],"picked":"Heatsinks","floor":30},{"not_picked":["Conserve Battery","Go for the Eyes"],"picked":"Steam Power","floor":31},{"not_picked":["Meteor Strike","All For One"],"picked":"Echo Form","floor":33},{"not_picked":["Cold Snap","Turbo"],"picked":"Skim","floor":35},{"not_picked":["Impatience","Deep Breath"],"picked":"Blind","floor":37},{"not_picked":["Reboot","Sweeping Beam+1"],"picked":"Hologram","floor":40},{"not_picked":["Steam+1","Scrape+1","Sweeping Beam"],"picked":"SKIP","floor":41},{"not_picked":["Buffer","Barrage+1"],"picked":"Defragment","floor":44},{"not_picked":["Stack","Redo","All For One"],"picked":"SKIP","floor":45},{"not_picked":["Self Repair","Rebound"],"picked":"Tempest","floor":46}],"player_experience":1186743,"relics_obtained":[{"floor":7,"key":"Art of War"},{"floor":9,"key":"Centennial Puzzle"},{"floor":10,"key":"Blood Vial"},{"floor":13,"key":"Bag of Preparation"},{"floor":14,"key":"Gremlin Horn"},{"floor":23,"key":"Strawberry"},{"floor":26,"key":"Meat on the Bone"},{"floor":27,"key":"Enchiridion"},{"floor":29,"key":"Bottled Lightning"},{"floor":40,"key":"Dodecahedron"},{"floor":43,"key":"Smiling Mask"},{"floor":44,"key":"Whetstone"}],"event_choices":[{"damage_healed":0,"gold_gain":0,"player_choice":"Grow","damage_taken":0,"max_hp_gain":0,"max_hp_loss":0,"event_name":"Living Wall","floor":4,"gold_loss":0,"cards_upgraded":["Conserve Battery"]},{"damage_healed":0,"gold_gain":0,"player_choice":"Searched \u00271\u0027 times","damage_taken":0,"max_hp_gain":0,"max_hp_loss":0,"event_name":"Dead Adventurer","floor":13,"gold_loss":0},{"damage_healed":0,"gold_gain":0,"player_choice":"Ignored","damage_taken":0,"max_hp_gain":0,"max_hp_loss":0,"event_name":"Ghosts","floor":20,"gold_loss":0},{"damage_healed":0,"gold_gain":50,"player_choice":"Stole From Cult","damage_taken":0,"max_hp_gain":0,"max_hp_loss":0,"event_name":"Nest","floor":22,"gold_loss":0},{"damage_healed":0,"gold_gain":0,"player_choice":"Obtained Book","damage_taken":21,"max_hp_gain":0,"max_hp_loss":0,"event_name":"Cursed Tome","floor":27,"gold_loss":0},{"damage_healed":0,"gold_gain":0,"player_choice":"Ignored","damage_taken":0,"max_hp_gain":0,"max_hp_loss":0,"event_name":"Tomb of Lord Red Mask","floor":36,"gold_loss":0},{"damage_healed":0,"gold_gain":0,"player_choice":"Memory 1","damage_taken":0,"max_hp_gain":0,"max_hp_loss":0,"event_name":"SensoryStone","floor":37,"gold_loss":0},{"damage_healed":22,"gold_gain":0,"player_choice":"Full Heal","damage_taken":0,"max_hp_gain":0,"max_hp_loss":0,"event_name":"Wheel of Change","floor":39,"gold_loss":0},{"damage_healed":0,"gold_gain":0,"player_choice":"Upgrade","damage_taken":0,"relics_obtained":["Mark of the Bloom"],"max_hp_gain":0,"max_hp_loss":0,"event_name":"MindBloom","floor":48,"gold_loss":0,"cards_upgraded":["Strike_B","Strike_B","Strike_B","Strike_B","Defend_B","Defend_B","Defend_B","Defend_B","Zap","Dualcast","Compile Driver","Cold Snap","Storm","Ball Lightning","Coolheaded","Echo Form","Skim","Glacier","Self Repair","Heatsinks","Steam Power","Echo Form","Skim","Blind","Capacitor","Hologram","Hello World","Double Energy","Defragment","Tempest"]}],"is_beta":false,"boss_relics":[{"not_picked":["Empty Cage","Busted Crown"],"picked":"Fusion Hammer"},{"not_picked":["Calling Bell","Eternal Feather"],"picked":"FrozenCore"}],"items_purged_floors":[],"is_endless":false,"potions_floor_spawned":[1,2,3,13,16,23,29,30,33,40,44],"ascension_level":18}