{"gold_per_floor":[111,122,122,134,134,134,147,147,170,193,225,18,33,51,51,51],"floor_reached":16,"playtime":697,"items_purged":["Defend_G"],"score":110,"play_id":"89a7ae8e-6027-4a81-86f9-3d0a2898cd11","local_time":"20181226200315","is_ascension_mode":true,"campfire_choices":[{"data":"Neutralize","floor":6,"key":"SMITH"},{"data":"A Thousand Cuts","floor":8,"key":"SMITH"},{"floor":15,"key":"REST"}],"neow_cost":"NONE","seed_source_timestamp":69485395146736,"circlet_count":0,"master_deck":["Defend_G","Defend_G","Defend_G","Defend_G","Strike_G","Strike_G","Strike_G","Strike_G","Strike_G","Survivor","Neutralize+1","A Thousand Cuts+1","Sucker Punch","Crippling Poison+1","Backflip","Dodge and Roll","Catalyst","Outmaneuver","Deadly Poison"],"relics":["Ring of the Snake","MawBank"],"potions_floor_usage":[2,16,16],"damage_taken":[{"damage":4,"enemies":"2 Louse","floor":1,"turns":3},{"damage":10,"enemies":"Jaw Worm","floor":2,"turns":5},{"damage":0,"enemies":"Cultist","floor":4,"turns":4},{"damage":2,"enemies":"Looter","floor":7,"turns":4},{"damage":12,"enemies":"3 Louse","floor":10,"turns":3},{"damage":21,"enemies":"Gremlin Gang","floor":11,"turns":4},{"damage":9,"enemies":"Exordium Thugs","floor":13,"turns":5},{"damage":7,"enemies":"Looter","floor":14,"turns":3},{"damage":39,"enemies":"Slime Boss","floor":16,"turns":8}],"seed_played":"-3637882963168850929","potions_obtained":[{"floor":1,"key":"Fruit Juice"},{"floor":4,"key":"FearPotion"},{"floor":13,"key":"Block Potion"}],"is_trial":false,"path_per_floor":["M","M","?","M","?","R","M","R","T","M","M","$","M","M","R","B"],"character_chosen":"THE_SILENT","items_purchased":["Catalyst","GhostInAJar"],"campfire_rested":1,"item_purchase_floors":[12,12],"current_hp_per_floor":[66,61,66,66,66,66,64,64,64,52,31,31,22,15,39,0],"gold":51,"neow_bonus":"ONE_RANDOM_RARE_CARD","is_prod":false,"is_daily":false,"chose_seed":false,"campfire_upgraded":2,"win_rate":0,"timestamp":1545822195,"path_taken":["M","M","?","M","?","R","M","R","T","M","M","?","?","M","R","BOSS"],"build_version":"2018-12-20","purchased_purges":1,"victory":false,"max_hp_per_floor":[70,75,80,80,80,80,80,80,80,80,80,80,80,80,80,80],"card_choices":[{"not_picked":["Calculated Gamble","Deflect","Eviscerate"],"picked":"SKIP","floor":1},{"not_picked":["Expertise","Reflex"],"picked":"Sucker Punch","floor":2},{"not_picked":["Predator","Bane"],"picked":"Crippling Poison","floor":4},{"not_picked":["Prepared","Deflect"],"picked":"Backflip","floor":7},{"not_picked":["Blade Dance","Acrobatics","Concentrate"],"picked":"SKIP","floor":10},{"not_picked":["Calculated Gamble","Blade Dance"],"picked":"Dodge and Roll","floor":11},{"not_picked":["Underhanded Strike","Deflect"],"picked":"Outmaneuver","floor":13},{"not_picked":["Prepared","Poisoned Stab"],"picked":"Deadly Poison","floor":14}],"player_experience":255092,"relics_obtained":[{"floor":9,"key":"MawBank"}],"event_choices":[{"damage_healed":0,"gold_gain":0,"player_choice":"Donut","damage_taken":0,"max_hp_gain":5,"max_hp_loss":0,"event_name":"Big Fish","floor":3,"gold_loss":0},{"damage_healed":0,"gold_gain":0,"player_choice":"Grow","damage_taken":0,"max_hp_gain":0,"max_hp_loss":0,"event_name":"Living Wall","floor":5,"gold_loss":0,"cards_upgraded":["Crippling Poison"]}],"is_beta":false,"boss_relics":[],"items_purged_floors":[12],"is_endless":false,"potions_floor_spawned":[1,4,13],"killed_by":"Slime Boss","ascension_level":3}