{"gold_per_floor":[119,135,135,22,32,32,45,45,72,98,98,110,110,121,121,195,195,105,105,105],"floor_reached":20,"playtime":822,"items_purged":[],"score":313,"play_id":"1890d10b-8aee-46c0-bd41-ba6bfbe5bae1","local_time":"20190312122059","is_ascension_mode":true,"campfire_choices":[{"data":"Bash","floor":6,"key":"SMITH"},{"data":"True Grit","floor":8,"key":"SMITH"},{"data":"Inflame","floor":11,"key":"SMITH"},{"data":"Limit Break","floor":13,"key":"SMITH"},{"floor":15,"key":"REST"}],"neow_cost":"NONE","seed_source_timestamp":458742457743791,"circlet_count":0,"master_deck":["AscendersBane","Strike_R+1","Strike_R+1","Strike_R+1","Strike_R+1","Strike_R+1","Defend_R+1","Defend_R+1","Defend_R+1","Defend_R+1","Bash+1","Limit Break+1","Sword Boomerang","Clothesline","Seeing Red","True Grit+1","Iron Wave","Inflame+1","Metallicize","Heavy Blade","Inflame","Immolate","Thunderclap"],"relics":["Burning Blood","Dream Catcher","Lantern","Ectoplasm"],"potions_floor_usage":[7,7,16,18,20],"damage_taken":[{"damage":15,"enemies":"2 Louse","floor":1,"turns":3},{"damage":6,"enemies":"Cultist","floor":2,"turns":4},{"damage":7,"enemies":"Small Slimes","floor":5,"turns":4},{"damage":12,"enemies":"Exordium Wildlife","floor":7,"turns":3},{"damage":37,"enemies":"3 Sentries","floor":10,"turns":13},{"damage":2,"enemies":"Looter","floor":12,"turns":2},{"damage":8,"enemies":"Large Slime","floor":14,"turns":4},{"damage":18,"enemies":"The Guardian","floor":16,"turns":8},{"damage":33,"enemies":"2 Thieves","floor":18,"turns":4},{"damage":51,"enemies":"Masked Bandits","floor":20,"turns":3}],"seed_played":"5286409676422847649","potions_obtained":[{"floor":7,"key":"Ancient Potion"},{"floor":12,"key":"Poison Potion"},{"floor":16,"key":"Swift Potion"},{"floor":18,"key":"BloodPotion"}],"is_trial":false,"path_per_floor":["M","M","?","$","M","R","M","R","T","E","R","M","R","M","R","B",null,"M","?","?"],"character_chosen":"IRONCLAD","items_purchased":["Explosive Potion","Poison Potion"],"campfire_rested":1,"item_purchase_floors":[4,4],"current_hp_per_floor":[59,59,59,59,58,58,52,52,52,21,21,25,25,23,45,33,65,38,38,0],"gold":105,"neow_bonus":"ONE_RANDOM_RARE_CARD","is_prod":false,"is_daily":false,"chose_seed":false,"campfire_upgraded":4,"win_rate":0,"timestamp":1552360859,"path_taken":["M","M","?","$","M","R","?","R","T","E","R","M","R","M","R","BOSS","M","?","?"],"build_version":"2019-01-23","purchased_purges":0,"victory":false,"max_hp_per_floor":[75,75,75,75,75,75,75,75,75,75,75,75,75,75,75,75,75,75,75,75],"card_choices":[{"not_picked":["Body Slam","True Grit"],"picked":"Sword Boomerang","floor":1},{"not_picked":["Power Through","Havoc"],"picked":"Clothesline","floor":2},{"not_picked":["Heavy Blade","Dual Wield"],"picked":"True Grit","floor":5},{"not_picked":["Thunderclap","Warcry"],"picked":"Iron Wave","floor":7},{"not_picked":["Fiend Fire","Cleave"],"picked":"Inflame","floor":10},{"not_picked":["Body Slam","Bloodletting"],"picked":"Metallicize","floor":12},{"not_picked":["Entrench","Rage"],"picked":"Heavy Blade","floor":14},{"not_picked":["Fire Breathing","Rampage"],"picked":"Inflame","floor":15},{"not_picked":["Double Tap","Barricade"],"picked":"Immolate","floor":16},{"not_picked":["Havoc+1","Infernal Blade"],"picked":"Thunderclap","floor":18}],"player_experience":681059,"relics_obtained":[{"floor":9,"key":"Dream Catcher"},{"floor":10,"key":"Lantern"}],"event_choices":[{"damage_healed":0,"gold_gain":0,"player_choice":"1 cards matched","damage_taken":0,"max_hp_gain":0,"max_hp_loss":0,"event_name":"Match and Keep!","floor":3,"gold_loss":0,"cards_obtained":["Seeing Red"]},{"damage_healed":0,"gold_gain":0,"player_choice":"Simplicity","damage_taken":0,"max_hp_gain":0,"max_hp_loss":0,"event_name":"Back to Basics","floor":19,"gold_loss":0,"cards_upgraded":["Strike_R","Strike_R","Strike_R","Strike_R","Strike_R","Defend_R","Defend_R","Defend_R","Defend_R"]},{"damage_healed":0,"gold_gain":0,"player_choice":"Fought Bandits","damage_taken":0,"max_hp_gain":0,"max_hp_loss":0,"event_name":"Masked Bandits","floor":20,"gold_loss":0}],"is_beta":false,"boss_relics":[{"not_picked":["Runic Dome","Pandora\u0027s Box"],"picked":"Ectoplasm"}],"items_purged_floors":[],"is_endless":false,"potions_floor_spawned":[7,12,16,18],"killed_by":"Masked Bandits","ascension_level":16}