{"gold_per_floor":[12,12,25,43,58,58,76,112,112,112,156,156,156],"floor_reached":13,"playtime":783,"items_purged":[],"score":128,"play_id":"2df19cdc-22f4-4a56-96a5-129027b311c1","local_time":"20190318200705","is_ascension_mode":true,"campfire_choices":[{"data":"Zap","floor":6,"key":"SMITH"},{"floor":10,"key":"REST"}],"neow_cost":"NO_GOLD","seed_source_timestamp":433233165206582,"circlet_count":0,"master_deck":["Strike_B","Strike_B","Strike_B","Strike_B","Defend_B","Defend_B","Defend_B","Defend_B","Zap+1","Dualcast+1","Go for the Eyes","Injury","Steam","Auto Shields","Conserve Battery","Steam","Capacitor","Storm"],"relics":["Cracked Core","Golden Idol","Sundial","Emotion Chip","Bottled Flame"],"potions_floor_usage":[5,13],"damage_taken":[{"damage":2,"enemies":"Jaw Worm","floor":1,"turns":4},{"damage":12,"enemies":"Small Slimes","floor":3,"turns":3},{"damage":0,"enemies":"Cultist","floor":4,"turns":3},{"damage":36,"enemies":"Gremlin Gang","floor":5,"turns":5},{"damage":8,"enemies":"Large Slime","floor":7,"turns":6},{"damage":21,"enemies":"3 Sentries","floor":8,"turns":11},{"damage":17,"enemies":"Lagavulin","floor":11,"turns":9},{"damage":11,"enemies":"Gremlin Nob","floor":13,"turns":3}],"seed_played":"3359878673455832175","potions_obtained":[{"floor":1,"key":"GamblersBrew"},{"floor":11,"key":"Swift Potion"}],"is_trial":false,"path_per_floor":["M","?","M","M","M","R","M","E","T","R","E","?","E"],"character_chosen":"DEFECT","items_purchased":[],"campfire_rested":1,"item_purchase_floors":[],"current_hp_per_floor":[80,80,68,68,32,32,24,3,3,29,12,12,1],"gold":156,"neow_bonus":"TWENTY_PERCENT_HP_BONUS","is_prod":false,"is_daily":false,"chose_seed":false,"campfire_upgraded":1,"win_rate":0,"timestamp":1552954025,"path_taken":["M","?","M","M","M","R","M","E","T","R","E","?","E"],"build_version":"2019-01-23","purchased_purges":0,"victory":false,"max_hp_per_floor":[89,89,89,89,89,89,89,89,89,89,89,89,89],"card_choices":[{"not_picked":["Steam","Redo"],"picked":"Go for the Eyes","floor":1},{"not_picked":["Gash","Recycle"],"picked":"Steam","floor":3},{"not_picked":["Sweeping Beam","White Noise"],"picked":"Auto Shields","floor":4},{"not_picked":["Static Discharge","Consume"],"picked":"Conserve Battery","floor":5},{"not_picked":["Go for the Eyes","White Noise"],"picked":"Steam","floor":7},{"not_picked":["Barrage","Stack"],"picked":"Capacitor","floor":8},{"not_picked":["Hyperbeam","Reprogram"],"picked":"Storm","floor":11}],"player_experience":179147,"relics_obtained":[{"floor":8,"key":"Sundial"},{"floor":9,"key":"Emotion Chip"},{"floor":11,"key":"Bottled Flame"}],"event_choices":[{"damage_healed":0,"gold_gain":0,"player_choice":"Take Wound","damage_taken":0,"relics_obtained":["Golden Idol"],"max_hp_gain":0,"max_hp_loss":0,"event_name":"Golden Idol","floor":2,"gold_loss":0,"cards_obtained":["Injury"]},{"damage_healed":0,"gold_gain":0,"player_choice":"Forge","damage_taken":0,"max_hp_gain":0,"max_hp_loss":0,"event_name":"Accursed Blacksmith","floor":12,"gold_loss":0,"cards_upgraded":["Dualcast"]}],"is_beta":false,"boss_relics":[],"items_purged_floors":[],"is_endless":false,"potions_floor_spawned":[1,11],"killed_by":"Gremlin Nob","ascension_level":7}