{"gold_per_floor":[116,136,136,136,6,6,32,32,32,32,47,47,61,77,77,155,155,166,182,201,201,34,34,34],"floor_reached":24,"playtime":1025,"items_purged":["Writhe"],"score":442,"play_id":"81177515-bf74-4e44-94e2-63bc946d349b","local_time":"20190323220945","is_ascension_mode":true,"campfire_choices":[{"data":"Feed","floor":6,"key":"SMITH"},{"data":"Anger","floor":10,"key":"SMITH"},{"data":"Shockwave","floor":15,"key":"SMITH"},{"floor":23,"key":"REST"}],"neow_cost":"CURSE","seed_source_timestamp":415172515131921,"circlet_count":0,"master_deck":["AscendersBane","Strike_R","Strike_R","Strike_R","Strike_R","Defend_R","Defend_R","Defend_R","Defend_R","Bash+1","Feed+1","Seeing Red","Anger+1","Shrug It Off","Battle Trance","Shockwave+1","Fiend Fire","Shrug It Off+1","Shrug It Off"],"relics":["Burning Blood","Mummified Hand","Ice Cream","Meat on the Bone","Velvet Choker","Bag of Marbles"],"potions_floor_usage":[7,7,14],"damage_taken":[{"damage":22,"enemies":"Small Slimes","floor":1,"turns":4},{"damage":8,"enemies":"2 Louse","floor":2,"turns":3},{"damage":25,"enemies":"Lagavulin","floor":7,"turns":6},{"damage":0,"enemies":"Cultist","floor":11,"turns":2},{"damage":9,"enemies":"Lots of Slimes","floor":13,"turns":5},{"damage":0,"enemies":"Gremlin Gang","floor":14,"turns":3},{"damage":64,"enemies":"The Guardian","floor":16,"turns":12},{"damage":19,"enemies":"Spheric Guardian","floor":18,"turns":4},{"damage":19,"enemies":"Shell Parasite","floor":19,"turns":4},{"damage":53,"enemies":"Cultist and Chosen","floor":20,"turns":8},{"damage":65,"enemies":"Book of Stabbing","floor":24,"turns":7}],"seed_played":"-3243063314297172974","potions_obtained":[{"floor":1,"key":"Explosive Potion"},{"floor":7,"key":"Energy Potion"},{"floor":13,"key":"Fire Potion"},{"floor":14,"key":"Energy Potion"},{"floor":18,"key":"Dexterity Potion"}],"is_trial":false,"path_per_floor":["M","M","?","?","$","R","E","?","T","R","M","?","M","M","R","B",null,"M","M","M","$","$","R","E"],"character_chosen":"IRONCLAD","items_purchased":["SpeedPotion","Bag of Marbles"],"campfire_rested":1,"item_purchase_floors":[5,22],"current_hp_per_floor":[55,56,61,61,61,61,42,24,24,24,46,46,59,69,69,23,79,70,61,30,30,30,63,0],"gold":34,"neow_bonus":"THREE_RARE_CARDS","is_prod":false,"is_daily":false,"chose_seed":false,"campfire_upgraded":3,"win_rate":0,"timestamp":1553346585,"path_taken":["M","M","?","?","$","R","E","?","T","R","M","?","M","M","R","BOSS","M","M","M","?","$","R","E"],"build_version":"2019-01-23","purchased_purges":1,"victory":false,"max_hp_per_floor":[78,81,86,86,86,86,86,86,86,86,90,90,94,98,98,98,98,102,106,110,110,110,110,110],"card_choices":[{"not_picked":["Juggernaut","Dark Embrace"],"picked":"Feed","floor":0},{"not_picked":["Havoc","Clash"],"picked":"Seeing Red","floor":1},{"not_picked":["Heavy Blade","Armaments"],"picked":"Anger","floor":2},{"not_picked":["Perfected Strike","Anger","Rage"],"picked":"SKIP","floor":7},{"not_picked":["Anger","Headbutt"],"picked":"Shrug It Off","floor":11},{"not_picked":["Sword Boomerang","Armaments"],"picked":"Battle Trance","floor":13},{"not_picked":["Sever Soul","Thunderclap"],"picked":"Shockwave","floor":14},{"not_picked":["Dark Embrace","Juggernaut"],"picked":"Fiend Fire","floor":16},{"not_picked":["Rage+1","Rupture","Havoc"],"picked":"SKIP","floor":18},{"not_picked":["Rage+1","Rupture","Havoc"],"picked":"SKIP","floor":18},{"not_picked":["Burning Pact","Headbutt"],"picked":"Shrug It Off+1","floor":19},{"not_picked":["Blood for Blood","Ghostly Armor"],"picked":"Shrug It Off","floor":20}],"player_experience":782770,"relics_obtained":[{"floor":7,"key":"Mummified Hand"},{"floor":9,"key":"Meat on the Bone"}],"event_choices":[{"damage_healed":0,"gold_gain":0,"player_choice":"Donut","damage_taken":0,"max_hp_gain":5,"max_hp_loss":0,"event_name":"Big Fish","floor":3,"gold_loss":0},{"damage_healed":0,"gold_gain":0,"player_choice":"Grow","damage_taken":0,"max_hp_gain":0,"max_hp_loss":0,"event_name":"Living Wall","floor":4,"gold_loss":0,"cards_upgraded":["Bash"]},{"damage_healed":0,"gold_gain":0,"player_choice":"Success","damage_taken":18,"relics_obtained":["Ice Cream"],"max_hp_gain":0,"max_hp_loss":0,"event_name":"Scrap Ooze","floor":8,"gold_loss":0},{"cards_removed":["Strike_R"],"damage_healed":0,"gold_gain":0,"player_choice":"Card Removal","damage_taken":0,"max_hp_gain":0,"max_hp_loss":0,"event_name":"Wheel of Change","floor":12,"gold_loss":0}],"is_beta":false,"boss_relics":[{"not_picked":["Runic Cube","Black Blood"],"picked":"Velvet Choker"}],"items_purged_floors":[5],"is_endless":false,"potions_floor_spawned":[1,7,13,14,18],"killed_by":"Book of Stabbing","ascension_level":20}