{"gold_per_floor":[214,39,39,39,59,59,159,159,159,193,24,39,56,68,68,169,169,182,10,10,29,128,128,138,156,156,172,172,188,201,32,32,32],"floor_reached":33,"playtime":1422,"items_purged":["Strike_B","Defend_B","Defend_B"],"score":299,"play_id":"5a8e3019-7e2e-4048-b0c9-cc4f2bca9d3e","local_time":"20181010215758","is_ascension_mode":true,"campfire_choices":[{"data":"Dualcast","floor":6,"key":"SMITH"},{"data":"Zap","floor":8,"key":"SMITH"},{"data":"Barrage","floor":15,"key":"SMITH"},{"data":"Rainbow","floor":23,"key":"SMITH"},{"data":"Strike_B","floor":28,"key":"PURGE"},{"floor":32,"key":"REST"}],"neow_cost":"NONE","seed_source_timestamp":46467186916344,"circlet_count":0,"master_deck":["Strike_B","Strike_B","Defend_B","Defend_B","Zap+1","Dualcast+1","Ball Lightning","Conserve Battery","Leap","Leap","Leap","Capacitor","Conserve Battery","Barrage+1","Rainbow+1","Compile Driver","Go for the Eyes","Leap","Storm","Reinforced Body"],"relics":["Cracked Core","Torii","Peace Pipe","Shuriken","Busted Crown","Meat on the Bone"],"potions_floor_usage":[16,16,25,29],"damage_taken":[{"damage":7,"enemies":"Jaw Worm","floor":1,"turns":3},{"damage":0,"enemies":"Cultist","floor":5,"turns":3},{"damage":11,"enemies":"3 Sentries","floor":10,"turns":6},{"damage":1,"enemies":"Small Slimes","floor":12,"turns":3},{"damage":0,"enemies":"Exordium Wildlife","floor":13,"turns":3},{"damage":19,"enemies":"Exordium Thugs","floor":14,"turns":5},{"damage":20,"enemies":"Hexaghost","floor":16,"turns":14},{"damage":6,"enemies":"3 Byrds","floor":18,"turns":4},{"damage":1,"enemies":"Spheric Guardian","floor":21,"turns":3},{"damage":24,"enemies":"Cultist and Chosen","floor":24,"turns":6},{"damage":1,"enemies":"Centurion and Healer","floor":25,"turns":5},{"damage":12,"enemies":"Chosen and Byrds","floor":27,"turns":6},{"damage":8,"enemies":"Snake Plant","floor":29,"turns":4},{"damage":24,"enemies":"Cultist and Chosen","floor":30,"turns":7},{"damage":63,"enemies":"Collector","floor":33,"turns":7}],"seed_played":"3053108169173197895","potions_obtained":[{"floor":3,"key":"SkillPotion"},{"floor":3,"key":"Ancient Potion"},{"floor":3,"key":"SneckoOil"},{"floor":10,"key":"Dexterity Potion"},{"floor":13,"key":"SpeedPotion"},{"floor":16,"key":"Regen Potion"},{"floor":25,"key":"Fire Potion"},{"floor":27,"key":"EssenceOfSteel"},{"floor":29,"key":"FocusPotion"}],"is_trial":false,"path_per_floor":["M","$","?","T","M","R","?","R","T","E","$","M","M","M","R","B",null,"M","$","?","M","?","R","M","M","T","M","R","M","M","$","R"],"character_chosen":"DEFECT","items_purchased":["Conserve Battery","Leap","Capacitor","Go for the Eyes","Storm","Reinforced Body","Block Potion"],"campfire_rested":1,"item_purchase_floors":[2,2,11,19,31,31,31],"current_hp_per_floor":[68,68,68,68,68,68,68,68,68,57,57,56,56,37,37,17,75,69,69,69,68,68,68,44,55,55,43,43,47,35,35,57,0],"gold":32,"neow_bonus":"HUNDRED_GOLD","is_prod":false,"is_daily":false,"chose_seed":false,"campfire_upgraded":4,"win_rate":0,"timestamp":1539201478,"path_taken":["M","$","?","?","?","R","?","R","T","E","$","M","M","?","R","BOSS","M","?","?","?","?","R","M","M","T","M","R","M","M","$","R","BOSS"],"build_version":"2018-10-04v2","purchased_purges":3,"victory":false,"max_hp_per_floor":[75,75,75,75,75,75,75,75,75,75,75,75,75,75,75,75,75,75,75,75,75,75,75,75,75,75,75,75,75,75,75,75,75],"card_choices":[{"not_picked":["Steam","Streamline"],"picked":"Ball Lightning","floor":1},{"not_picked":["Barrage","Rip and Tear"],"picked":"Leap","floor":5},{"not_picked":["Beam Cell","Compile Driver"],"picked":"Leap","floor":10},{"not_picked":["Stack","Undo"],"picked":"Conserve Battery","floor":12},{"not_picked":["Gash","Hologram","Compile Driver"],"picked":"SKIP","floor":13},{"not_picked":["Compile Driver","Coolheaded"],"picked":"Barrage","floor":14},{"not_picked":["Hyperbeam","Fission"],"picked":"Rainbow","floor":16},{"not_picked":[],"picked":"Compile Driver","floor":18},{"not_picked":["Sunder+1"],"picked":"SKIP","floor":21},{"not_picked":["Force Field"],"picked":"SKIP","floor":24},{"not_picked":["Heatsinks"],"picked":"SKIP","floor":25},{"not_picked":["Coolheaded"],"picked":"SKIP","floor":27},{"not_picked":["Sweeping Beam"],"picked":"SKIP","floor":29},{"not_picked":[],"picked":"Leap","floor":30}],"player_experience":168271,"relics_obtained":[{"floor":4,"key":"Torii"},{"floor":9,"key":"Peace Pipe"},{"floor":10,"key":"Shuriken"},{"floor":26,"key":"Meat on the Bone"}],"event_choices":[{"event_name":"The Lab","player_choice":"Got Potions","floor":3,"damage_taken":0},{"event_name":"Wheel of Change","player_choice":"Gold","floor":7,"damage_taken":0},{"event_name":"Nest","player_choice":"Stole From Cult","floor":22,"damage_taken":0}],"is_beta":false,"boss_relics":[{"not_picked":["Eternal Feather","Empty Cage"],"picked":"Busted Crown"}],"items_purged_floors":[2,11,19],"is_endless":false,"potions_floor_spawned":[5,10,13,16,25,27,29,30],"killed_by":"Collector","ascension_level":2}