{"gold_per_floor":[214,214,164,7,17,46,65,96,96,126,126,170,199,230,242,353,365,391,502,526,538,566,578,622,652,664,676,688,735,747,759,771,783],"floor_reached":33,"playtime":1659,"items_purged":[],"score":376,"play_id":"b2b8e862-bbc3-49f7-a70e-47a86c67ad1b","local_time":"20190409012811","is_ascension_mode":true,"campfire_choices":[{"floor":15,"key":"REST"},{"data":"Sunder","floor":23,"key":"SMITH"},{"data":"Genetic Algorithm","floor":27,"key":"SMITH"},{"floor":28,"key":"REST"},{"data":"Barrage","floor":30,"key":"SMITH"},{"data":"Go for the Eyes","floor":32,"key":"SMITH"}],"neow_cost":"NONE","seed_source_timestamp":270673119064076,"circlet_count":0,"master_deck":["Strike_B","Strike_B","Strike_B","Defend_B","Defend_B","Defend_B","Zap","Dualcast","Auto Shields","Cold Snap","Genetic Algorithm+1","Sunder+1","Capacitor","Cold Snap","Conserve Battery","White Noise","Biased Cognition","Stack+1","Coolheaded","Go for the Eyes+1","Barrage+1","Writhe"],"relics":["Cracked Core","PreservedInsect","Ancient Tea Set","WingedGreaves","Strawberry","MawBank","Dream Catcher","Eternal Feather","Blood Vial","Gremlin Horn","Bag of Marbles","Juzu Bracelet"],"potions_floor_usage":[10,24,25],"damage_taken":[{"damage":0,"enemies":"Small Slimes","floor":1,"turns":3},{"damage":0,"enemies":"Jaw Worm","floor":5,"turns":3},{"damage":11,"enemies":"3 Sentries","floor":6,"turns":7},{"damage":4,"enemies":"2 Louse","floor":7,"turns":3},{"damage":12,"enemies":"Lagavulin","floor":8,"turns":7},{"damage":11,"enemies":"3 Sentries","floor":10,"turns":5},{"damage":24,"enemies":"Lagavulin","floor":12,"turns":7},{"damage":12,"enemies":"Gremlin Gang","floor":13,"turns":4},{"damage":1,"enemies":"Blue Slaver","floor":14,"turns":4},{"damage":18,"enemies":"Slime Boss","floor":16,"turns":10},{"damage":3,"enemies":"Chosen","floor":18,"turns":6},{"damage":11,"enemies":"3 Byrds","floor":20,"turns":4},{"damage":4,"enemies":"Cultist and Chosen","floor":22,"turns":7},{"damage":70,"enemies":"Gremlin Leader","floor":24,"turns":9},{"damage":1,"enemies":"Snecko","floor":25,"turns":5},{"damage":17,"enemies":"Slavers","floor":29,"turns":5},{"damage":81,"enemies":"Champ","floor":33,"turns":16}],"seed_played":"-2520053515203174585","potions_obtained":[{"floor":1,"key":"FearPotion"},{"floor":7,"key":"Fire Potion"},{"floor":10,"key":"FairyPotion"},{"floor":12,"key":"Dexterity Potion"},{"floor":13,"key":"Poison Potion"},{"floor":22,"key":"Explosive Potion"},{"floor":29,"key":"LiquidBronze"}],"is_trial":false,"path_per_floor":["M","?","?","$","M","E","M","E","T","E","?","E","M","M","R","B",null,"M","?","M","T","M","R","E","M","T","R","R","E","R","?","R","B"],"character_chosen":"DEFECT","items_purchased":["PreservedInsect"],"campfire_rested":2,"item_purchase_floors":[4],"current_hp_per_floor":[75,75,75,75,75,64,60,48,48,44,44,20,8,7,31,13,82,79,79,68,68,66,75,7,8,8,17,50,35,47,47,59,0],"gold":783,"neow_bonus":"HUNDRED_GOLD","is_prod":false,"is_daily":false,"chose_seed":false,"campfire_upgraded":4,"win_rate":0,"timestamp":1554766091,"path_taken":["M","?","?","?","?","E","M","E","T","E","?","E","M","?","R","BOSS","M","?","M","?","?","R","E","?","T","R","R","E","R","?","R","BOSS"],"build_version":"2019-01-23","purchased_purges":0,"victory":false,"max_hp_per_floor":[75,75,75,75,75,75,75,75,75,82,82,82,82,82,82,82,82,82,82,82,82,82,82,82,82,82,82,82,82,82,82,82,82],"card_choices":[{"not_picked":["Reprogram","Redo","Turbo"],"picked":"SKIP","floor":1},{"not_picked":["Scrape","Steam"],"picked":"Cold Snap","floor":5},{"not_picked":["Steam Power","Chill"],"picked":"Genetic Algorithm","floor":6},{"not_picked":["Leap","Gash"],"picked":"Sunder","floor":7},{"not_picked":["Sweeping Beam","Compile Driver"],"picked":"Capacitor","floor":8},{"not_picked":["Hyperbeam","Genetic Algorithm"],"picked":"Cold Snap","floor":10},{"not_picked":["Reprogram","Gash"],"picked":"Conserve Battery","floor":12},{"not_picked":["Hologram","Redo","Compile Driver"],"picked":"SKIP","floor":13},{"not_picked":["Force Field","Blizzard"],"picked":"White Noise","floor":14},{"not_picked":["Core Surge","Creative AI"],"picked":"Biased Cognition","floor":16},{"not_picked":["Compile Driver","Streamline","Stack"],"picked":"SKIP","floor":18},{"not_picked":["Rebound+1","Compile Driver","Hologram"],"picked":"SKIP","floor":20},{"not_picked":["Heatsinks","FTL"],"picked":"Stack+1","floor":22},{"not_picked":["Sweeping Beam","Leap","Sunder+1"],"picked":"SKIP","floor":24},{"not_picked":["Lockon","Thunder Strike"],"picked":"Coolheaded","floor":25},{"not_picked":["Stack+1","Barrage"],"picked":"Go for the Eyes","floor":28},{"not_picked":["Steam+1","Amplify"],"picked":"Barrage","floor":29}],"player_experience":473044,"relics_obtained":[{"floor":6,"key":"Ancient Tea Set"},{"floor":8,"key":"WingedGreaves"},{"floor":10,"key":"Strawberry"},{"floor":12,"key":"Dream Catcher"},{"floor":21,"key":"Blood Vial"},{"floor":24,"key":"Gremlin Horn"},{"floor":29,"key":"Bag of Marbles"}],"event_choices":[{"damage_healed":0,"gold_gain":0,"cards_transformed":["Strike_B"],"player_choice":"Change","damage_taken":0,"max_hp_gain":0,"max_hp_loss":0,"event_name":"Living Wall","floor":2,"gold_loss":0,"cards_obtained":["Auto Shields"]},{"cards_removed":["Defend_B"],"damage_healed":0,"gold_gain":0,"player_choice":"Card Removal","damage_taken":0,"max_hp_gain":0,"max_hp_loss":0,"event_name":"The Cleric","floor":3,"gold_loss":50},{"damage_healed":0,"gold_gain":0,"player_choice":"Gave Potion","damage_taken":0,"relics_obtained":["MawBank"],"max_hp_gain":0,"max_hp_loss":0,"event_name":"WeMeetAgain","floor":11,"gold_loss":0},{"damage_healed":0,"gold_gain":99,"player_choice":"Stole From Cult","damage_taken":0,"max_hp_gain":0,"max_hp_loss":0,"event_name":"Nest","floor":19,"gold_loss":0},{"damage_healed":0,"gold_gain":0,"player_choice":"Opened","damage_taken":0,"relics_obtained":["Juzu Bracelet"],"max_hp_gain":0,"max_hp_loss":0,"event_name":"The Mausoleum","floor":31,"gold_loss":0,"cards_obtained":["Writhe"]}],"is_beta":false,"boss_relics":[{"not_picked":["Orrery","Tiny House"],"picked":"Eternal Feather"}],"items_purged_floors":[],"is_endless":false,"potions_floor_spawned":[1,7,10,12,13,16,22,29],"killed_by":"Champ","ascension_level":4}