{"gold_per_floor":[11,11,23,40,59,59,93,93,93,7,7,38,50,50,50,127,127,144,144],"floor_reached":19,"playtime":775,"items_purged":[],"score":454,"play_id":"0fe0e963-3cfe-4b63-bcfb-a275dec1ac70","local_time":"20190412234732","is_ascension_mode":true,"campfire_choices":[{"data":"Dagger Spray","floor":6,"key":"SMITH"},{"data":"Neutralize","floor":8,"key":"SMITH"},{"floor":11,"key":"REST"},{"floor":15,"key":"REST"}],"neow_cost":"NO_GOLD","seed_source_timestamp":1264297717150505,"circlet_count":0,"master_deck":["AscendersBane","Survivor","Neutralize+1","PiercingWail","Dagger Spray+1","Terror","Dagger Throw","Noxious Fumes","Predator","After Image","Footwork","After Image","Eviscerate","After Image","Accuracy","Deadly Poison","Burst","Venomology","Outmaneuver"],"relics":["Ring of the Snake","Peace Pipe","Gremlin Horn","Dead Branch","FossilizedHelix","Darkstone Periapt","Pandora\u0027s Box"],"potions_floor_usage":[7,16,16],"damage_taken":[{"damage":9,"enemies":"Jaw Worm","floor":1,"turns":8},{"damage":8,"enemies":"Cultist","floor":3,"turns":5},{"damage":1,"enemies":"Small Slimes","floor":4,"turns":5},{"damage":1,"enemies":"Exordium Wildlife","floor":5,"turns":4},{"damage":12,"enemies":"3 Sentries","floor":7,"turns":8},{"damage":24,"enemies":"Gremlin Nob","floor":12,"turns":4},{"damage":0,"enemies":"3 Louse","floor":13,"turns":1},{"damage":0,"enemies":"Slime Boss","floor":16,"turns":6},{"damage":12,"enemies":"Shell Parasite","floor":18,"turns":5},{"damage":56,"enemies":"Colosseum Slavers","floor":19,"turns":5}],"seed_played":"-8226072699051606394","potions_obtained":[{"floor":1,"key":"Fire Potion"},{"floor":12,"key":"PowerPotion"},{"floor":13,"key":"Energy Potion"}],"is_trial":false,"path_per_floor":["M","?","M","M","M","R","E","R","T","$","R","E","M","?","R","B",null,"M","?"],"character_chosen":"THE_SILENT","items_purchased":["Noxious Fumes"],"campfire_rested":2,"item_purchase_floors":[10],"current_hp_per_floor":[50,50,42,41,40,40,28,28,28,28,47,23,23,18,37,37,59,47,0],"gold":144,"neow_bonus":"ONE_RARE_RELIC","is_prod":false,"is_daily":false,"chose_seed":false,"campfire_upgraded":2,"win_rate":0,"timestamp":1555080452,"path_taken":["M","?","M","M","M","R","E","R","T","$","R","E","?","?","R","BOSS","M","?"],"build_version":"2019-01-23","purchased_purges":0,"victory":false,"max_hp_per_floor":[66,66,66,66,66,66,66,66,66,66,66,66,66,66,66,66,66,66,66],"card_choices":[{"not_picked":["Slice","Sucker Punch"],"picked":"PiercingWail","floor":1},{"not_picked":["Slice","Blade Dance"],"picked":"Dagger Spray","floor":3},{"not_picked":["Setup","Underhanded Strike","Reflex"],"picked":"SKIP","floor":4},{"not_picked":["Endless Agony","Dagger Throw"],"picked":"Terror","floor":5},{"not_picked":["Outmaneuver","Prepared"],"picked":"Dagger Throw","floor":7},{"not_picked":["Night Terror","Dagger Spray","Riddle With Holes"],"picked":"SKIP","floor":12},{"not_picked":["Quick Slash","Setup"],"picked":"Predator","floor":13},{"not_picked":["Venomology","Malaise"],"picked":"After Image","floor":16},{"not_picked":["Outmaneuver","Dagger Throw","Blade Dance"],"picked":"SKIP","floor":18}],"player_experience":905630,"relics_obtained":[{"floor":7,"key":"Gremlin Horn"},{"floor":9,"key":"Dead Branch"},{"floor":12,"key":"FossilizedHelix"}],"event_choices":[{"cards_removed":["Strike_G"],"damage_healed":0,"gold_gain":0,"player_choice":"Offered Basic","damage_taken":0,"max_hp_gain":0,"max_hp_loss":0,"event_name":"Bonfire Elementals","floor":2,"gold_loss":0},{"damage_healed":0,"gold_gain":0,"player_choice":"Success","damage_taken":5,"relics_obtained":["Darkstone Periapt"],"max_hp_gain":0,"max_hp_loss":0,"event_name":"Scrap Ooze","floor":14,"gold_loss":0},{"damage_healed":0,"gold_gain":0,"player_choice":"Fight","damage_taken":0,"max_hp_gain":0,"max_hp_loss":0,"event_name":"Colosseum","floor":19,"gold_loss":0}],"is_beta":false,"boss_relics":[{"not_picked":["HoveringKite","WristBlade"],"picked":"Pandora\u0027s Box"}],"items_purged_floors":[],"is_endless":false,"potions_floor_spawned":[1,12,13],"killed_by":"Colosseum Slavers","ascension_level":20}