{"gold_per_floor":[112,1,19,19,36,36,36,52,52,69,79,99,99,99,99,197,197,216,216,233,233,252,285,285,300,300,300,300,300,176,187,187,187],"floor_reached":33,"playtime":1103,"items_purged":["Strike_R","Strike_R"],"score":284,"play_id":"f936fa57-cd4f-459d-9815-1817ce6a9ffd","local_time":"20181215105134","is_ascension_mode":false,"campfire_choices":[{"data":"Thunderclap","floor":6.0,"key":"SMITH"},{"data":"Spot Weakness","floor":13.0,"key":"SMITH"},{"data":"Heavy Blade","floor":15.0,"key":"SMITH"},{"floor":24,"key":"REST"},{"data":"Demon Form","floor":27,"key":"SMITH"},{"data":"Bash","floor":29,"key":"SMITH"},{"floor":32,"key":"REST"}],"neow_cost":"NONE","seed_source_timestamp":1416645164539022,"circlet_count":0,"master_deck":["Strike_R","Strike_R","Defend_R","Defend_R","Defend_R","Defend_R","Bash","Evolve","Spot Weakness+1","Cleave","Thunderclap+1","Heavy Blade+1","Double Tap","Bash+1","Demon Form+1","Reaper","Ghostly Armor","Flex"],"special_seed":0,"relics":["Mark of Pain"],"potions_floor_usage":[22,23],"damage_taken":[{"damage":1.0,"enemies":"Cultist","floor":1.0,"turns":4.0},{"damage":8.0,"enemies":"Jaw Worm","floor":3.0,"turns":4.0},{"damage":2.0,"enemies":"2 Louse","floor":5.0,"turns":2.0},{"damage":11.0,"enemies":"Red Slaver","floor":8.0,"turns":4.0},{"damage":9.0,"enemies":"Blue Slaver","floor":10.0,"turns":3.0},{"damage":4.0,"enemies":"Gremlin Gang","floor":11.0,"turns":2.0},{"damage":11.0,"enemies":"2 Fungi Beasts","floor":12.0,"turns":3.0},{"damage":28.0,"enemies":"Slime Boss","floor":16.0,"turns":7.0},{"damage":37.0,"enemies":"3 Byrds","floor":18.0,"turns":4.0},{"damage":5.0,"enemies":"Chosen","floor":20.0,"turns":3.0},{"damage":22,"enemies":"3 Cultists","floor":22,"turns":5},{"damage":55,"enemies":"Book of Stabbing","floor":23,"turns":5},{"damage":30,"enemies":"Centurion and Healer","floor":25,"turns":6},{"damage":10,"enemies":"Snecko","floor":31,"turns":4},{"damage":105,"enemies":"Automaton","floor":33,"turns":6}],"seed_played":"8788661507589364738","potions_obtained":[{"floor":3.0,"key":"Fruit Juice"},{"floor":5.0,"key":"Swift Potion"},{"floor":20.0,"key":"Swift Potion"},{"floor":22,"key":"Swift Potion"}],"is_trial":false,"path_per_floor":["M","$","M","?","M","R","?","M","T","M","M","M","R","?","R","B",null,"M","T","M","?","M","E","R","M","T","R","?","R","$","M","R","B"],"character_chosen":"IRONCLAD","items_purchased":["Spot Weakness","Flex"],"campfire_rested":2,"item_purchase_floors":[2,30],"current_hp_per_floor":[79,79,71,71,69,69,69,58,58,49,45,39,39,39,39,11,85,61,61,56,56,52,18,43,43,43,43,35,35,35,49,74,0],"gold":187,"neow_bonus":"BOSS_RELIC","is_prod":false,"is_daily":false,"chose_seed":false,"campfire_upgraded":5,"win_rate":0,"timestamp":1544838694,"path_taken":["M","?","M","?","?","R","?","M","T","?","M","M","R","?","R","BOSS","M","?","M","?","M","E","R","?","T","R","?","R","?","M","R","BOSS"],"build_version":"2018-12-13","purchased_purges":2,"victory":false,"max_hp_per_floor":[80,80,80,80,80,80,80,80,80,80,80,85,85,85,85,85,85,85,85,85,85,85,85,85,85,85,85,85,85,85,85,85,85],"card_choices":[{"not_picked":["Cleave","Power Through"],"picked":"Evolve","floor":1.0},{"not_picked":["Flex","Clash"],"picked":"Cleave","floor":3.0},{"not_picked":["Flex","Clothesline"],"picked":"Thunderclap","floor":5.0},{"not_picked":["Intimidate","Perfected Strike","Corruption"],"picked":"SKIP","floor":8.0},{"not_picked":["Clothesline","Sword Boomerang","Anger"],"picked":"SKIP","floor":10.0},{"not_picked":["Dual Wield","Thunderclap"],"picked":"Heavy Blade","floor":11.0},{"not_picked":["Anger","Twin Strike"],"picked":"Double Tap","floor":12.0},{"not_picked":["Brutality","Demon Form"],"picked":"Reaper","floor":16.0},{"not_picked":["Headbutt","Body Slam"],"picked":"Ghostly Armor","floor":18.0},{"not_picked":["Reckless Charge+1","Cleave","Headbutt"],"picked":"SKIP","floor":20.0},{"not_picked":["Inflame+1","Fire Breathing+1","Sword Boomerang"],"picked":"SKIP","floor":22},{"not_picked":["Power Through","Headbutt","Feel No Pain"],"picked":"SKIP","floor":23},{"not_picked":["Pommel Strike","Sword Boomerang","Flex"],"picked":"SKIP","floor":25},{"not_picked":["Pommel Strike","Sentinel+1","Body Slam"],"picked":"SKIP","floor":31}],"player_experience":203596,"relics_obtained":[],"event_choices":[{"damage_healed":0.0,"max_hp_gain":0.0,"max_hp_loss":0.0,"gold_gain":0.0,"event_name":"NoteForYourself","player_choice":"Ignored","floor":4.0,"gold_loss":0.0,"damage_taken":0.0},{"cards_removed":["Strike_R"],"damage_healed":0.0,"max_hp_gain":0.0,"max_hp_loss":0.0,"gold_gain":0.0,"event_name":"Purifier","player_choice":"Purged","floor":7.0,"gold_loss":0.0,"damage_taken":0.0},{"damage_healed":0.0,"max_hp_gain":0.0,"max_hp_loss":0.0,"gold_gain":0.0,"event_name":"Match and Keep!","player_choice":"2 cards matched","floor":14.0,"gold_loss":0.0,"damage_taken":0.0,"cards_obtained":["Bash","Demon Form"]},{"damage_healed":0,"gold_gain":0,"player_choice":"Leave","damage_taken":0,"max_hp_gain":0,"max_hp_loss":0,"event_name":"FaceTrader","floor":21,"gold_loss":0},{"damage_healed":0,"gold_gain":0,"player_choice":"","damage_taken":8,"max_hp_gain":0,"max_hp_loss":0,"event_name":"Knowing Skull","floor":28,"potions_obtained":[],"gold_loss":0,"cards_obtained":[]}],"is_beta":false,"boss_relics":[{"not_picked":["Pandora\u0027s Box","Sozu","Runic Pyramid"]}],"items_purged_floors":[2,30],"is_endless":false,"potions_floor_spawned":[3,5,20,22],"killed_by":"Automaton","ascension_level":0}