{"gold_per_floor":[215,226,20,32,49,49,61,89,115,22,22,47,67,83,83,182,182,195,195,19,31,43,43,57,57],"floor_reached":25,"playtime":1123,"items_purged":["Strike_R"],"score":250,"play_id":"b8cb0c43-bc54-4373-b465-386314ab1637","local_time":"20190505195905","is_ascension_mode":true,"campfire_choices":[{"data":"Bash","floor":6,"key":"SMITH"},{"floor":15,"key":"REST"},{"floor":23,"key":"REST"}],"neow_cost":"NONE","seed_source_timestamp":20817962837500,"circlet_count":0,"master_deck":["Strike_R","Strike_R","Strike_R","Defend_R","Defend_R","Defend_R","Defend_R","Bash+1","Iron Wave","Metallicize","Spot Weakness","Spot Weakness","Flame Barrier","Clothesline","Inflame","Feel No Pain","Cleave","Rampage","Limit Break","Battle Trance","Reaper","Disarm","Ghostly Armor","True Grit","Berserk","Inflame","Thunderclap","True Grit+1"],"relics":["Burning Blood","Membership Card","Pen Nib","Vajra","Blood Vial","Darkstone Periapt","Art of War","Orrery","Paper Frog"],"potions_floor_usage":[7,13,14,16,24],"damage_taken":[{"damage":11,"enemies":"Cultist","floor":1,"turns":4},{"damage":3,"enemies":"Small Slimes","floor":2,"turns":4},{"damage":9,"enemies":"Jaw Worm","floor":4,"turns":3},{"damage":13,"enemies":"Blue Slaver","floor":5,"turns":4},{"damage":11,"enemies":"Looter","floor":7,"turns":3},{"damage":32,"enemies":"3 Sentries","floor":8,"turns":10},{"damage":26,"enemies":"Gremlin Nob","floor":12,"turns":4},{"damage":14,"enemies":"Lots of Slimes","floor":13,"turns":4},{"damage":15,"enemies":"Large Slime","floor":14,"turns":4},{"damage":34,"enemies":"The Guardian","floor":16,"turns":11},{"damage":25,"enemies":"Shell Parasite","floor":18,"turns":6},{"damage":61,"enemies":"3 Byrds","floor":21,"turns":5},{"damage":26,"enemies":"Snecko","floor":22,"turns":5},{"damage":38,"enemies":"3 Cultists","floor":24,"turns":5},{"damage":18,"enemies":"Shelled Parasite and Fungi","floor":25,"turns":2}],"seed_played":"-5753385259825778252","potions_obtained":[{"floor":2,"key":"FearPotion"},{"floor":4,"key":"BloodPotion"},{"floor":12,"key":"Explosive Potion"},{"floor":13,"key":"PowerPotion"},{"floor":21,"key":"SteroidPotion"}],"is_trial":false,"path_per_floor":["M","M","$","M","M","R","M","E","T","$","T","E","M","M","R","B",null,"M","?","$","M","M","R","M","M"],"character_chosen":"IRONCLAD","items_purchased":["Membership Card","Inflame","Blood Vial","Paper Frog","Inflame"],"campfire_rested":2,"item_purchase_floors":[3,10,10,20,20],"current_hp_per_floor":[75,78,78,75,68,68,71,45,45,45,45,27,21,14,38,12,80,76,76,76,31,13,37,7,0],"gold":57,"neow_bonus":"HUNDRED_GOLD","is_prod":false,"is_daily":false,"chose_seed":false,"campfire_upgraded":1,"win_rate":0,"timestamp":1557100745,"path_taken":["M","M","$","M","M","R","M","E","T","$","?","E","M","M","R","BOSS","M","?","?","M","M","R","M","?"],"build_version":"2019-01-23","purchased_purges":1,"victory":false,"max_hp_per_floor":[80,80,80,80,80,80,80,80,80,80,80,80,80,80,80,80,80,80,80,80,80,80,80,80,80],"card_choices":[{"not_picked":["Metallicize","Perfected Strike"],"picked":"Iron Wave","floor":1},{"not_picked":["Havoc","Headbutt"],"picked":"Metallicize","floor":2},{"not_picked":["Body Slam","Sword Boomerang"],"picked":"Spot Weakness","floor":4},{"not_picked":["Rage","Metallicize"],"picked":"Spot Weakness","floor":5},{"not_picked":["Anger","Pommel Strike"],"picked":"Flame Barrier","floor":7},{"not_picked":["Entrench","Seeing Red"],"picked":"Clothesline","floor":8},{"not_picked":["Brutality","Cleave"],"picked":"Feel No Pain","floor":12},{"not_picked":["Clash","Armaments"],"picked":"Cleave","floor":13},{"not_picked":["Anger","Clothesline"],"picked":"Rampage","floor":14},{"not_picked":["Berserk","Double Tap"],"picked":"Limit Break","floor":16},{"not_picked":["Armaments","Clash"],"picked":"Battle Trance","floor":17},{"not_picked":["Iron Wave","Rampage"],"picked":"Reaper","floor":17},{"not_picked":["Heavy Blade","True Grit"],"picked":"Disarm","floor":17},{"not_picked":["Shrug It Off","Clothesline"],"picked":"Ghostly Armor","floor":17},{"not_picked":["Iron Wave","Rupture"],"picked":"True Grit","floor":18},{"not_picked":["True Grit","Searing Blow"],"picked":"Thunderclap","floor":21},{"not_picked":["Body Slam","Havoc"],"picked":"True Grit+1","floor":22},{"not_picked":["Anger","Rampage+1","Seeing Red+1"],"picked":"SKIP","floor":24}],"player_experience":104239,"relics_obtained":[{"floor":8,"key":"Pen Nib"},{"floor":9,"key":"Vajra"},{"floor":11,"key":"Darkstone Periapt"},{"floor":12,"key":"Art of War"}],"event_choices":[{"damage_healed":0,"gold_gain":0,"cards_transformed":["Strike_R"],"player_choice":"Transformed","damage_taken":0,"max_hp_gain":0,"max_hp_loss":0,"event_name":"Transmorgrifier","floor":19,"gold_loss":0,"cards_obtained":["Berserk"]}],"is_beta":false,"boss_relics":[{"not_picked":["Astrolabe","Runic Pyramid"],"picked":"Orrery"}],"items_purged_floors":[20],"is_endless":false,"potions_floor_spawned":[2,4,12,13,21],"killed_by":"Shelled Parasite and Fungi","ascension_level":3}