{"gold_per_floor":[119,136,61,61,3,3,3,28,53,1,18,35,35,68,68,142,192,202,36,36,55,74,74,8,8,8,8,8,83,99,112,112,112],"floor_reached":33,"playtime":1376,"items_purged":["Strike_G"],"score":556,"play_id":"6dba02da-8eac-4d8d-966a-0faeba287508","local_time":"20190411150510","is_ascension_mode":true,"campfire_choices":[{"data":"Neutralize","floor":6,"key":"SMITH"},{"data":"Bouncing Flask","floor":13,"key":"SMITH"},{"data":"Leg Sweep","floor":15,"key":"SMITH"},{"floor":23,"key":"REST"},{"data":"Malaise","floor":25,"key":"SMITH"},{"data":"Footwork","floor":28,"key":"SMITH"},{"floor":32,"key":"REST"}],"neow_cost":"NONE","seed_source_timestamp":1145953637388853,"circlet_count":0,"master_deck":["AscendersBane","Defend_G+1","Defend_G+1","Defend_G+1","Defend_G+1","Defend_G+1","Strike_G+1","Strike_G+1","Survivor","Neutralize+1","Dagger Throw","Poisoned Stab","Leg Sweep+1","Bouncing Flask+1","Endless Agony","Malaise+1","Escape Plan","PiercingWail","Footwork+1","Backflip","Well Laid Plans","Backflip","Caltrops","Footwork"],"relics":["Ring of the Snake","NeowsBlessing","Omamori","StoneCalendar","Snake Skull","Juzu Bracelet","Tiny House","Question Card","Art of War","Tiny Chest"],"potions_floor_usage":[14,18,22,31,31,33],"damage_taken":[{"damage":0,"enemies":"2 Louse","floor":1,"turns":1},{"damage":0,"enemies":"Small Slimes","floor":2,"turns":1},{"damage":0,"enemies":"Gremlin Nob","floor":8,"turns":1},{"damage":0,"enemies":"Cultist","floor":11,"turns":3},{"damage":8,"enemies":"Exordium Thugs","floor":12,"turns":7},{"damage":10,"enemies":"Lagavulin","floor":14,"turns":5},{"damage":6,"enemies":"Hexaghost","floor":16,"turns":8},{"damage":23,"enemies":"3 Byrds","floor":18,"turns":4},{"damage":0,"enemies":"Chosen","floor":21,"turns":4},{"damage":26,"enemies":"3 Cultists","floor":22,"turns":7},{"damage":4,"enemies":"Centurion and Healer","floor":30,"turns":7},{"damage":20,"enemies":"Cultist and Chosen","floor":31,"turns":7},{"damage":40,"enemies":"Collector","floor":33,"turns":10}],"seed_played":"8315391431440062468","potions_obtained":[{"floor":12,"key":"GamblersBrew"},{"floor":16,"key":"Explosive Potion"},{"floor":17,"key":"SpeedPotion"},{"floor":21,"key":"SteroidPotion"},{"floor":30,"key":"Energy Potion"},{"floor":31,"key":"Swift Potion"}],"is_trial":false,"path_per_floor":["M","M","?","?","$","R","?","E","T","?","M","M","R","E","R","B",null,"M","$","?","M","M","R","?","R","T","?","R","T","M","M","R","B"],"character_chosen":"THE_SILENT","items_purchased":["Poisoned Stab","Footwork","Backflip"],"campfire_rested":2,"item_purchase_floors":[5,19,19],"current_hp_per_floor":[59,59,59,48,48,48,41,41,41,41,41,33,33,23,23,17,59,36,36,36,36,10,31,31,31,31,31,31,31,27,7,28,0],"gold":112,"neow_bonus":"THREE_ENEMY_KILL","is_prod":false,"is_daily":false,"chose_seed":false,"campfire_upgraded":5,"win_rate":0,"timestamp":1554962710,"path_taken":["M","M","?","?","$","R","?","E","T","?","M","M","R","E","R","BOSS","M","$","?","M","M","R","?","R","T","?","R","?","M","M","R","BOSS"],"build_version":"2019-01-23","purchased_purges":1,"victory":false,"max_hp_per_floor":[66,66,66,66,66,66,66,66,66,66,66,66,66,66,66,66,71,71,71,71,71,71,71,71,71,71,71,71,71,71,71,71,71],"card_choices":[{"not_picked":["Catalyst","Infinite Blades"],"picked":"Dagger Throw","floor":1},{"not_picked":["Endless Agony","Slice","Flying Knee"],"picked":"SKIP","floor":2},{"not_picked":["Setup","Underhanded Strike"],"picked":"Leg Sweep","floor":8},{"not_picked":["Skewer","Bane"],"picked":"Bouncing Flask","floor":11},{"not_picked":["Venomology","Bouncing Flask"],"picked":"Endless Agony","floor":12},{"not_picked":["Leg Sweep","Quick Slash","Poisoned Stab"],"picked":"SKIP","floor":14},{"not_picked":["Die Die Die","Bullet Time"],"picked":"Malaise","floor":16},{"not_picked":["Infinite Blades","Terror"],"picked":"Escape Plan","floor":17},{"not_picked":["Cloak And Dagger","Underhanded Strike+1"],"picked":"PiercingWail","floor":18},{"not_picked":["Prepared","Deflect"],"picked":"Well Laid Plans","floor":21},{"not_picked":["Riddle With Holes","Dagger Spray"],"picked":"Backflip","floor":22},{"not_picked":["Dagger Spray","Poisoned Stab","Cloak And Dagger"],"picked":"Caltrops","floor":30},{"not_picked":["Backflip","Dodge and Roll","PiercingWail"],"picked":"Footwork","floor":31}],"player_experience":892522,"relics_obtained":[{"floor":8,"key":"StoneCalendar"},{"floor":9,"key":"Snake Skull"},{"floor":14,"key":"Juzu Bracelet"},{"floor":29,"key":"Tiny Chest"}],"event_choices":[{"cards_removed":["Strike_G"],"damage_healed":0,"gold_gain":0,"player_choice":"Card Removal","damage_taken":0,"max_hp_gain":0,"max_hp_loss":0,"event_name":"The Cleric","floor":3,"gold_loss":75},{"damage_healed":0,"gold_gain":0,"player_choice":"Success","damage_taken":11,"relics_obtained":["Omamori"],"max_hp_gain":0,"max_hp_loss":0,"event_name":"Scrap Ooze","floor":4,"gold_loss":0},{"cards_removed":["Strike_G"],"damage_healed":0,"gold_gain":0,"player_choice":"Card Removal","damage_taken":7,"max_hp_gain":0,"max_hp_loss":0,"event_name":"Golden Wing","floor":7,"gold_loss":0},{"damage_healed":0,"gold_gain":0,"player_choice":"Left Gold","damage_taken":0,"max_hp_gain":0,"max_hp_loss":0,"event_name":"World of Goop","floor":10,"gold_loss":52},{"damage_healed":0,"gold_gain":0,"player_choice":"Simplicity","damage_taken":0,"max_hp_gain":0,"max_hp_loss":0,"event_name":"Back to Basics","floor":20,"gold_loss":0,"cards_upgraded":["Defend_G","Defend_G","Defend_G","Defend_G","Strike_G","Strike_G"]},{"damage_healed":0,"gold_gain":0,"player_choice":"Paid Gold","damage_taken":0,"relics_obtained":["Question Card"],"max_hp_gain":0,"max_hp_loss":0,"event_name":"WeMeetAgain","floor":24,"gold_loss":66},{"damage_healed":0,"gold_gain":0,"player_choice":"Stole Relic","damage_taken":0,"relics_obtained":["Art of War"],"max_hp_gain":0,"max_hp_loss":0,"event_name":"Addict","floor":27,"gold_loss":0,"cards_obtained":["Shame"]}],"is_beta":false,"boss_relics":[{"not_picked":["Runic Dome","WristBlade"],"picked":"Tiny House"}],"items_purged_floors":[19],"is_endless":false,"potions_floor_spawned":[12,16,21,30,31],"killed_by":"Collector","ascension_level":20}