{"gold_per_floor":[16,26,36,36,36,71,71,71,98,17,32,32,62,74,74,170,170,182,197,197,297,297,297],"floor_reached":23,"playtime":1314,"items_purged":[],"score":224,"play_id":"eea547b4-d1bc-4dd1-aac7-d6600f9e668f","local_time":"20190407083802","is_ascension_mode":false,"campfire_choices":[{"data":"Defragment","floor":7,"key":"SMITH"},{"floor":12,"key":"REST"},{"data":"Barrage","floor":15,"key":"SMITH"}],"neow_cost":"NO_GOLD","seed_source_timestamp":124005689727801,"circlet_count":0,"master_deck":["Strike_B","Defend_B","Defend_B","Defend_B","Defend_B","Zap","Dualcast","Coolheaded","Defragment+1","Barrage+1","Capacitor","Hologram","Loop","Creative AI","Darkness","Rebound","Rebound","Consume"],"relics":["Cracked Core","Blood Vial","Lantern","Bottled Tornado","Runic Pyramid","Peace Pipe","Molten Egg 2"],"potions_floor_usage":[14,18,18,21,23,23],"damage_taken":[{"damage":0,"enemies":"Small Slimes","floor":1,"turns":2},{"damage":0,"enemies":"Jaw Worm","floor":2,"turns":5},{"damage":0,"enemies":"2 Louse","floor":3,"turns":2},{"damage":49,"enemies":"Gremlin Nob","floor":6,"turns":5},{"damage":0,"enemies":"2 Fungi Beasts","floor":11,"turns":1},{"damage":0,"enemies":"Lagavulin","floor":13,"turns":6},{"damage":4,"enemies":"Exordium Thugs","floor":14,"turns":6},{"damage":8,"enemies":"The Guardian","floor":16,"turns":11},{"damage":2,"enemies":"2 Thieves","floor":18,"turns":3},{"damage":5,"enemies":"Shell Parasite","floor":19,"turns":7},{"damage":31,"enemies":"Colosseum Slavers","floor":21,"turns":5},{"damage":22,"enemies":"Colosseum Nobs","floor":21,"turns":5},{"damage":37,"enemies":"Book of Stabbing","floor":23,"turns":4}],"seed_played":"8563762604042666026","potions_obtained":[{"floor":2,"key":"FearPotion"},{"floor":3,"key":"SpeedPotion"},{"floor":6,"key":"AttackPotion"},{"floor":13,"key":"Block Potion"},{"floor":14,"key":"EntropicBrew"},{"floor":18,"key":"FairyPotion"},{"floor":19,"key":"Explosive Potion"}],"is_trial":false,"path_per_floor":["M","M","M","$","?","E","R","?","T","$","M","R","E","M","R","B",null,"M","M","?","?","?","E"],"character_chosen":"DEFECT","items_purchased":["Capacitor"],"campfire_rested":1,"item_purchase_floors":[10],"current_hp_per_floor":[75,75,75,75,75,26,26,26,26,26,28,50,52,50,50,44,75,73,70,70,21,21,0],"gold":297,"neow_bonus":"TRANSFORM_TWO_CARDS","is_prod":false,"is_daily":false,"chose_seed":false,"campfire_upgraded":2,"win_rate":0,"timestamp":1554619082,"path_taken":["M","M","M","$","?","E","R","?","T","?","M","R","E","M","R","BOSS","M","M","?","?","?","E"],"build_version":"2019-01-23","purchased_purges":0,"victory":false,"max_hp_per_floor":[75,75,75,75,75,75,75,75,75,75,75,75,75,75,75,75,75,75,75,75,75,75,75],"card_choices":[{"not_picked":["Go for the Eyes","Storm"],"picked":"Defragment","floor":1},{"not_picked":["Stack","Storm"],"picked":"Barrage","floor":2},{"not_picked":["Scrape","Tempest","Darkness"],"picked":"SKIP","floor":3},{"not_picked":["Sweeping Beam","Scrape","Barrage"],"picked":"SKIP","floor":6},{"not_picked":["Sunder","Gash"],"picked":"Hologram","floor":11},{"not_picked":["Gash","Undo","Steam"],"picked":"SKIP","floor":13},{"not_picked":["Sweeping Beam","Turbo"],"picked":"Loop","floor":14},{"not_picked":["Fission","Echo Form"],"picked":"Creative AI","floor":16},{"not_picked":["Ball Lightning","Sweeping Beam","Hologram"],"picked":"SKIP","floor":18},{"not_picked":["Rebound","Leap"],"picked":"Darkness","floor":19},{"not_picked":["Blizzard","Go for the Eyes"],"picked":"Consume","floor":21}],"player_experience":448178,"relics_obtained":[{"floor":6,"key":"Blood Vial"},{"floor":9,"key":"Lantern"},{"floor":13,"key":"Bottled Tornado"},{"floor":21,"key":"Peace Pipe"},{"floor":21,"key":"Molten Egg 2"}],"event_choices":[{"damage_healed":0,"gold_gain":0,"player_choice":"Leave","damage_taken":0,"max_hp_gain":0,"max_hp_loss":0,"event_name":"The Cleric","floor":5,"gold_loss":0},{"damage_healed":0,"gold_gain":0,"cards_transformed":["Strike_B"],"player_choice":"Change","damage_taken":0,"max_hp_gain":0,"max_hp_loss":0,"event_name":"Living Wall","floor":8,"gold_loss":0,"cards_obtained":["Fission"]},{"damage_healed":0,"gold_gain":0,"cards_transformed":["Fission","Hyperbeam"],"player_choice":"Became Test Subject","damage_taken":0,"max_hp_gain":0,"max_hp_loss":0,"event_name":"Drug Dealer","floor":20,"gold_loss":0,"cards_obtained":["Rebound","Rebound"]},{"damage_healed":0,"gold_gain":0,"player_choice":"Fight","damage_taken":0,"max_hp_gain":0,"max_hp_loss":0,"event_name":"Colosseum","floor":21,"gold_loss":0},{"damage_healed":0,"gold_gain":0,"player_choice":"Fought Nobs","damage_taken":0,"max_hp_gain":0,"max_hp_loss":0,"event_name":"Colosseum","floor":21,"gold_loss":0},{"damage_healed":0,"gold_gain":0,"player_choice":"Ignored","damage_taken":0,"max_hp_gain":0,"max_hp_loss":0,"event_name":"Ghosts","floor":22,"gold_loss":0}],"is_beta":false,"boss_relics":[{"not_picked":["Lizard Tail","Calling Bell"],"picked":"Runic Pyramid"}],"items_purged_floors":[],"is_endless":false,"potions_floor_spawned":[2,3,6,13,14,18,19],"killed_by":"Book of Stabbing","ascension_level":0}