{"gold_per_floor":[118,118,118,132,153,153,78,78,78,108,108,129,40,40,40,165,165,181,181,181,306,330,330,345,366,434,457,207,223,223,238,238,368,368,382,382,406,419,437,478,478,493,493,537,537,537,557,890,890,890],"floor_reached":50,"playtime":3182,"items_purged":["Defend_G","Writhe"],"score":544,"play_id":"eb12ce57-cb59-4991-996d-c5926240dede","local_time":"20181210213152","is_ascension_mode":false,"campfire_choices":[{"data":"Neutralize","floor":6,"key":"SMITH"},{"data":"Dagger Spray","floor":8,"key":"SMITH"},{"data":"Terror","floor":11,"key":"SMITH"},{"data":"Deadly Poison","floor":15,"key":"SMITH"},{"data":"Catalyst","floor":23,"key":"SMITH"},{"floor":32,"key":"RECALL"},{"floor":41,"key":"REST"},{"floor":46,"key":"REST"},{"floor":49,"key":"REST"}],"neow_cost":"NONE","seed_source_timestamp":1020992823021570,"circlet_count":0,"master_deck":["Defend_G+1","Defend_G+1","Defend_G+1","Defend_G+1","Strike_G+1","Strike_G+1","Strike_G+1","Strike_G+1","Survivor","Neutralize+1","Dagger Spray+1","Terror+1","Leg Sweep","Sucker Punch","Flying Knee","Deadly Poison+1","Well Laid Plans","Noxious Fumes+1","Catalyst+1","PiercingWail","PiercingWail+1","Deadly Poison","Adrenaline","Poisoned Stab+1","Forethought","Catalyst","Deadly Poison+1"],"relics":["Ring of the Serpent","NeowsBlessing","Meat on the Bone","Odd Mushroom","Molten Egg 2","Prayer Wheel","Question Card","Bottled Tornado","Art of War","Paper Crane","Fusion Hammer","Turnip","Juzu Bracelet"],"potions_floor_usage":[16,21,22,22,27,38,40,40,50],"damage_taken":[{"damage":0,"enemies":"Jaw Worm","floor":1,"turns":1},{"damage":0,"enemies":"Small Slimes","floor":4,"turns":1},{"damage":0,"enemies":"2 Louse","floor":5,"turns":1},{"damage":6,"enemies":"The Mushroom Lair","floor":10,"turns":4},{"damage":2,"enemies":"Looter","floor":12,"turns":3},{"damage":8,"enemies":"The Guardian","floor":16,"turns":10},{"damage":7,"enemies":"Spheric Guardian","floor":18,"turns":5},{"damage":13,"enemies":"Colosseum Slavers","floor":21,"turns":6},{"damage":39,"enemies":"Colosseum Nobs","floor":21,"turns":5},{"damage":11,"enemies":"2 Thieves","floor":22,"turns":3},{"damage":9,"enemies":"Centurion and Healer","floor":24,"turns":5},{"damage":3,"enemies":"Snake Plant","floor":25,"turns":4},{"damage":11,"enemies":"3 Cultists","floor":27,"turns":6},{"damage":0,"enemies":"Snecko","floor":29,"turns":4},{"damage":3,"enemies":"Centurion and Healer","floor":31,"turns":8},{"damage":20,"enemies":"Automaton","floor":33,"turns":11},{"damage":0,"enemies":"3 Shapes","floor":35,"turns":4},{"damage":2,"enemies":"Orb Walker","floor":37,"turns":4},{"damage":5,"enemies":"Sphere and 2 Shapes","floor":38,"turns":5},{"damage":14,"enemies":"3 Darklings","floor":39,"turns":4},{"damage":50,"enemies":"Reptomancer","floor":40,"turns":6},{"damage":16,"enemies":"Jaw Worm Horde","floor":42,"turns":4},{"damage":3,"enemies":"Nemesis","floor":44,"turns":5},{"damage":0,"enemies":"Writhing Mass","floor":47,"turns":4},{"damage":71,"enemies":"Awakened One","floor":50,"turns":13}],"seed_played":"-7469182739619965697","potions_obtained":[{"floor":1,"key":"Poison Potion"},{"floor":10,"key":"Swift Potion"},{"floor":12,"key":"PowerPotion"},{"floor":21,"key":"Energy Potion"},{"floor":25,"key":"Energy Potion"},{"floor":31,"key":"SteroidPotion"},{"floor":33,"key":"Block Potion"},{"floor":37,"key":"Regen Potion"},{"floor":42,"key":"Poison Potion"}],"is_trial":false,"path_per_floor":["M","?","?","M","M","R","$","R","T","?","R","M","$","?","R","B",null,"M","?","?","?","M","R","M","M","T","M","$","M","T","M","R","B",null,"M","?","M","M","M","E","R","M","T","E","?","R","M","?","R","B"],"character_chosen":"THE_SILENT","items_purchased":["Deadly Poison","Well Laid Plans","Art of War"],"campfire_rested":3,"item_purchase_floors":[13,13,28],"current_hp_per_floor":[70,63,63,63,63,63,63,63,63,57,57,55,55,55,55,47,65,58,58,58,18,19,19,22,31,31,32,32,44,44,41,41,33,65,65,65,63,58,44,20,39,35,35,44,44,63,63,63,65,0],"gold":890,"neow_bonus":"THREE_ENEMY_KILL","is_prod":false,"is_daily":false,"chose_seed":false,"campfire_upgraded":5,"win_rate":0,"timestamp":1544445112,"path_taken":["M","?","?","M","M","R","$","R","T","?","R","M","$","?","R","BOSS","M","?","?","?","M","R","M","M","T","M","$","M","?","M","R","BOSS","M","?","M","M","M","E","R","M","T","E","?","R","M","?","R","BOSS"],"build_version":"2018-12-06","purchased_purges":2,"victory":false,"max_hp_per_floor":[70,70,65,65,65,65,65,65,65,65,65,65,65,65,65,65,65,65,65,65,65,65,65,65,65,65,65,65,65,65,65,65,65,65,65,65,65,65,65,65,65,65,65,65,65,65,65,65,65,65],"card_choices":[{"not_picked":["Expertise","Eviscerate"],"picked":"Dagger Spray","floor":1},{"not_picked":["Reflex","Quick Slash"],"picked":"Terror","floor":4},{"not_picked":["Quick Slash","Finisher"],"picked":"Leg Sweep","floor":5},{"not_picked":["Dodge and Roll","Choke"],"picked":"Sucker Punch","floor":10},{"not_picked":["Quick Slash","Blade Dance"],"picked":"Flying Knee","floor":12},{"not_picked":["Acrobatics","Dagger Throw"],"picked":"Noxious Fumes+1","floor":18},{"not_picked":["Outmaneuver","Endless Agony+1","Caltrops"],"picked":"Catalyst","floor":22},{"not_picked":["Slice+1","Dagger Throw+1","Accuracy","Blade Dance"],"picked":"SKIP","floor":22},{"not_picked":["Prepared","Sucker Punch+1","Cloak And Dagger+1"],"picked":"PiercingWail","floor":24},{"not_picked":["Dodge and Roll+1","Flying Knee+1","Caltrops","Storm of Steel"],"picked":"SKIP","floor":24},{"not_picked":["Acrobatics+1","Calculated Gamble+1","Endless Agony+1","Backflip"],"picked":"SKIP","floor":25},{"not_picked":["Blade Dance","Outmaneuver","Tactician","Predator+1"],"picked":"SKIP","floor":25},{"not_picked":["Backflip","Backstab+1","Doppelganger"],"picked":"PiercingWail+1","floor":27},{"not_picked":["Dash+1","Slice+1","Underhanded Strike+1","Eviscerate+1"],"picked":"SKIP","floor":27},{"not_picked":["Dagger Throw+1","All Out Attack+1","Noxious Fumes","Slice+1"],"picked":"SKIP","floor":29},{"not_picked":["Dagger Spray+1","Backstab+1","Blur","Expertise+1"],"picked":"SKIP","floor":29},{"not_picked":["Choke+1","Dodge and Roll","Calculated Gamble"],"picked":"Deadly Poison","floor":31},{"not_picked":["Bane+1","Cloak And Dagger","Masterful Stab+1","PiercingWail"],"picked":"SKIP","floor":31},{"not_picked":["Glass Knife+1","Corpse Explosion","Unload+1"],"picked":"Adrenaline","floor":33},{"not_picked":["Outmaneuver","Bouncing Flask","Reflex+1"],"picked":"Poisoned Stab+1","floor":35},{"not_picked":["Slice+1","Flechettes+1","Riddle With Holes+1","All Out Attack+1"],"picked":"SKIP","floor":35},{"not_picked":["Acrobatics+1","Deflect+1","Backflip+1","Finisher+1"],"picked":"SKIP","floor":37},{"not_picked":["Endless Agony+1","Backstab+1","Backflip","Dagger Spray+1"],"picked":"SKIP","floor":37},{"not_picked":["Outmaneuver","Underhanded Strike+1","Leg Sweep+1","Riddle With Holes+1"],"picked":"SKIP","floor":38},{"not_picked":["Riddle With Holes+1","Blade Dance","Terror+1","Venomology"],"picked":"SKIP","floor":38},{"not_picked":["Acrobatics+1","Escape Plan+1","Slice+1"],"picked":"Catalyst","floor":39},{"not_picked":["Backflip+1","Poisoned Stab+1","Outmaneuver","Dodge and Roll"],"picked":"SKIP","floor":39},{"not_picked":["Well Laid Plans","Dagger Throw+1","Dagger Spray+1"],"picked":"Deadly Poison+1","floor":40},{"not_picked":["Prepared","Dodge and Roll","Quick Slash+1","Bouncing Flask+1"],"picked":"SKIP","floor":42},{"not_picked":["Choke+1","Masterful Stab+1","Poisoned Stab+1","Prepared"],"picked":"SKIP","floor":42},{"not_picked":["Blade Dance","Masterful Stab+1","PiercingWail","Endless Agony+1"],"picked":"SKIP","floor":44},{"not_picked":["Storm of Steel","Blade Dance+1","Bouncing Flask","Leg Sweep"],"picked":"SKIP","floor":47},{"not_picked":["Deadly Poison","Cloak And Dagger","Deflect+1","Skewer+1"],"picked":"SKIP","floor":47}],"player_experience":135505,"relics_obtained":[{"floor":9,"key":"Meat on the Bone"},{"floor":10,"key":"Odd Mushroom"},{"floor":21,"key":"Prayer Wheel"},{"floor":21,"key":"Question Card"},{"floor":26,"key":"Bottled Tornado"},{"floor":30,"key":"Paper Crane"},{"floor":40,"key":"Turnip"},{"floor":44,"key":"Juzu Bracelet"}],"event_choices":[{"cards_removed":["Strike_G"],"damage_healed":0,"gold_gain":0,"player_choice":"Card Removal","damage_taken":7,"max_hp_gain":0,"max_hp_loss":0,"event_name":"Golden Wing","floor":2,"gold_loss":0},{"damage_healed":0,"gold_gain":0,"player_choice":"Lose Max HP","damage_taken":0,"relics_obtained":["Golden Idol"],"max_hp_gain":0,"max_hp_loss":5,"event_name":"Golden Idol","floor":3,"gold_loss":0},{"damage_healed":0,"gold_gain":0,"player_choice":"Fought Mushrooms","damage_taken":0,"max_hp_gain":0,"max_hp_loss":0,"event_name":"Mushrooms","floor":10,"gold_loss":0},{"damage_healed":0,"gold_gain":0,"player_choice":"Leave","damage_taken":0,"max_hp_gain":0,"max_hp_loss":0,"event_name":"The Cleric","floor":14,"gold_loss":0},{"damage_healed":0,"gold_gain":0,"player_choice":"Simplicity","damage_taken":0,"max_hp_gain":0,"max_hp_loss":0,"event_name":"Back to Basics","floor":19,"gold_loss":0,"cards_upgraded":["Defend_G","Defend_G","Defend_G","Defend_G","Strike_G","Strike_G","Strike_G","Strike_G"]},{"damage_healed":0,"gold_gain":0,"player_choice":"Opened","damage_taken":0,"relics_obtained":["Molten Egg 2"],"max_hp_gain":0,"max_hp_loss":0,"event_name":"The Mausoleum","floor":20,"gold_loss":0,"cards_obtained":["Writhe"]},{"damage_healed":0,"gold_gain":0,"player_choice":"Fight","damage_taken":0,"max_hp_gain":0,"max_hp_loss":0,"event_name":"Colosseum","floor":21,"gold_loss":0},{"damage_healed":0,"gold_gain":0,"player_choice":"Fought Nobs","damage_taken":0,"max_hp_gain":0,"max_hp_loss":0,"event_name":"Colosseum","floor":21,"gold_loss":0},{"damage_healed":0,"gold_gain":0,"player_choice":"1 cards matched","damage_taken":0,"max_hp_gain":0,"max_hp_loss":0,"event_name":"Match and Keep!","floor":36,"gold_loss":0,"cards_obtained":["Forethought"]},{"damage_healed":0,"gold_gain":0,"player_choice":"Leave","damage_taken":0,"max_hp_gain":0,"max_hp_loss":0,"event_name":"FaceTrader","floor":45,"gold_loss":0},{"damage_healed":0,"gold_gain":333,"player_choice":"Gave Idol","damage_taken":0,"max_hp_gain":0,"max_hp_loss":0,"event_name":"The Moai Head","floor":48,"relics_lost":["Golden Idol"],"gold_loss":0}],"is_beta":false,"boss_relics":[{"not_picked":["White Beast Statue","Philosopher\u0027s Stone"],"picked":"Ring of the Serpent"},{"not_picked":["Pandora\u0027s Box","Lizard Tail"],"picked":"Fusion Hammer"}],"items_purged_floors":[7,28],"is_endless":false,"potions_floor_spawned":[1,10,12,21,25,31,33,37,42],"killed_by":"Awakened One","ascension_level":0}