{"gold_per_floor":[114,133,145,420,436,436,63,94,94,112,131,141,141,156,156,251,251,270,270,270,281,296,296,310,324,324,324,324],"floor_reached":28,"playtime":1948,"items_purged":["Regret"],"score":251,"play_id":"99685ee8-ef94-4476-9251-70b09c7809c9","local_time":"20190326224144","is_ascension_mode":false,"campfire_choices":[{"data":"True Grit","floor":6,"key":"SMITH"},{"floor":13,"key":"REST"},{"data":"Bash","floor":15,"key":"SMITH"},{"floor":23,"key":"REST"},{"floor":27,"key":"REST"}],"neow_cost":"PERCENT_DAMAGE","seed_source_timestamp":10481669634202,"circlet_count":0,"master_deck":["Strike_R","Strike_R","Strike_R","Strike_R","Strike_R","Defend_R","Defend_R","Defend_R","Defend_R","Bash+1","Rampage","True Grit+1","Seeing Red","Burning Pact","Warcry","Headbutt","Disarm+1","Demon Form","Shrug It Off+1","Inflame","Heavy Blade","Heavy Blade","Heavy Blade"],"relics":["Burning Blood","Girya","Ginger","Strawberry","Red Skull","Runic Pyramid","Toxic Egg 2"],"potions_floor_usage":[8,12,22,22,24,25,28],"damage_taken":[{"damage":1,"enemies":"Cultist","floor":1,"turns":3},{"damage":1,"enemies":"2 Louse","floor":2,"turns":4},{"damage":11,"enemies":"Jaw Worm","floor":3,"turns":3},{"damage":7,"enemies":"2 Fungi Beasts","floor":5,"turns":5},{"damage":46,"enemies":"Lagavulin","floor":8,"turns":9},{"damage":4,"enemies":"Blue Slaver","floor":10,"turns":4},{"damage":0,"enemies":"Large Slime","floor":11,"turns":4},{"damage":3,"enemies":"Exordium Wildlife","floor":12,"turns":5},{"damage":10,"enemies":"Looter","floor":14,"turns":4},{"damage":29,"enemies":"Hexaghost","floor":16,"turns":9},{"damage":42,"enemies":"2 Thieves","floor":18,"turns":5},{"damage":12,"enemies":"Shell Parasite","floor":21,"turns":5},{"damage":28,"enemies":"Shelled Parasite and Fungi","floor":22,"turns":6},{"damage":37,"enemies":"3 Cultists","floor":24,"turns":7},{"damage":8,"enemies":"Snake Plant","floor":25,"turns":5},{"damage":37,"enemies":"Book of Stabbing","floor":28,"turns":5}],"seed_played":"-4866664060241215815","potions_obtained":[{"floor":5,"key":"Fire Potion"},{"floor":11,"key":"Block Potion"},{"floor":14,"key":"Fire Potion"},{"floor":16,"key":"Weak Potion"},{"floor":21,"key":"Fruit Juice"},{"floor":24,"key":"FearPotion"},{"floor":25,"key":"Explosive Potion"}],"is_trial":false,"path_per_floor":["M","M","M","?","M","R","$","E","T","M","M","M","R","M","R","B",null,"M","?","?","M","M","R","M","M","T","R","E"],"character_chosen":"IRONCLAD","items_purchased":["Ginger"],"campfire_rested":3,"item_purchase_floors":[7],"current_hp_per_floor":[61,66,61,61,60,60,60,27,27,29,35,38,64,60,60,37,87,51,34,34,28,11,40,9,7,7,36,0],"gold":324,"neow_bonus":"ONE_RARE_RELIC","is_prod":false,"is_daily":false,"chose_seed":false,"campfire_upgraded":2,"win_rate":0,"timestamp":1553654504,"path_taken":["M","M","?","?","?","R","$","E","T","M","M","M","R","M","R","BOSS","M","?","?","M","M","R","M","M","T","R","E"],"build_version":"2019-01-23","purchased_purges":1,"victory":false,"max_hp_per_floor":[80,80,80,80,80,80,80,87,87,87,87,87,87,87,87,87,87,87,92,92,92,97,97,97,97,97,97,97],"card_choices":[{"not_picked":["Wild Strike","Twin Strike","Body Slam"],"picked":"SKIP","floor":1},{"not_picked":["Thunderclap","Bloodletting"],"picked":"Rampage","floor":2},{"not_picked":["Exhume","Corruption"],"picked":"True Grit","floor":3},{"not_picked":["Infernal Blade","Perfected Strike"],"picked":"Seeing Red","floor":5},{"not_picked":["True Grit","Bludgeon","Second Wind"],"picked":"SKIP","floor":8},{"not_picked":["Sword Boomerang","Twin Strike"],"picked":"Burning Pact","floor":10},{"not_picked":["Pommel Strike","Sword Boomerang"],"picked":"Warcry","floor":11},{"not_picked":["Sword Boomerang","Entrench"],"picked":"Headbutt","floor":12},{"not_picked":["Pommel Strike","Wild Strike"],"picked":"Disarm","floor":14},{"not_picked":["Exhume","Double Tap"],"picked":"Demon Form","floor":16},{"not_picked":["Twin Strike","Searing Blow"],"picked":"Shrug It Off+1","floor":18},{"not_picked":["True Grit","Searing Blow"],"picked":"Inflame","floor":21},{"not_picked":["Anger","Combust+1"],"picked":"Heavy Blade","floor":22},{"not_picked":["Entrench","Power Through"],"picked":"Heavy Blade","floor":24},{"not_picked":["Searing Blow+1","Headbutt"],"picked":"Heavy Blade","floor":25}],"player_experience":99797,"relics_obtained":[{"floor":8,"key":"Strawberry"},{"floor":9,"key":"Red Skull"},{"floor":26,"key":"Toxic Egg 2"}],"event_choices":[{"damage_healed":0,"gold_gain":275,"player_choice":"Desecrate","damage_taken":0,"max_hp_gain":0,"max_hp_loss":0,"event_name":"Golden Shrine","floor":4,"gold_loss":0,"cards_obtained":["Regret"]},{"damage_healed":0,"gold_gain":0,"player_choice":"Shed Blood","damage_taken":22,"max_hp_gain":5,"max_hp_loss":0,"event_name":"Forgotten Altar","floor":19,"gold_loss":0},{"damage_healed":0,"gold_gain":0,"player_choice":"Forge","damage_taken":0,"max_hp_gain":0,"max_hp_loss":0,"event_name":"Accursed Blacksmith","floor":20,"gold_loss":0,"cards_upgraded":["Disarm"]}],"is_beta":false,"boss_relics":[{"not_picked":["Pandora\u0027s Box","Empty Cage"],"picked":"Runic Pyramid"}],"items_purged_floors":[7],"is_endless":false,"potions_floor_spawned":[5,11,14,16,21,24,25],"killed_by":"Book of Stabbing","ascension_level":0}