{"gold_per_floor":[218,218,230,245,255,283,283,131,131,131,142,142,142,217,217,217],"floor_reached":16,"playtime":475,"items_purged":["Strike_R"],"score":100,"play_id":"bf8ca19d-492b-48e1-8c36-c2644f059bf5","local_time":"20190413132349","is_ascension_mode":false,"campfire_choices":[{"data":"Whirlwind","floor":7,"key":"SMITH"},{"data":"Corruption","floor":10,"key":"SMITH"},{"data":"Flex","floor":13,"key":"SMITH"},{"data":"Thunderclap","floor":15,"key":"SMITH"}],"neow_cost":"NONE","seed_source_timestamp":10881958557255,"circlet_count":0,"master_deck":["Strike_R","Strike_R","Strike_R","Defend_R","Defend_R","Defend_R","Defend_R","Bash","Whirlwind+1","Flex+1","Thunderclap+1","Corruption+1","Injury"],"relics":["Burning Blood","Gambling Chip","Pantograph","Golden Idol"],"potions_floor_usage":[6],"damage_taken":[{"damage":5,"enemies":"2 Louse","floor":1,"turns":3},{"damage":10,"enemies":"Cultist","floor":3,"turns":4},{"damage":7,"enemies":"Small Slimes","floor":4,"turns":2},{"damage":10,"enemies":"Looter","floor":5,"turns":3},{"damage":36,"enemies":"Lagavulin","floor":6,"turns":5},{"damage":16,"enemies":"Large Slime","floor":11,"turns":4},{"damage":46,"enemies":"Slime Boss","floor":16,"turns":6}],"seed_played":"-7102688068679523611","potions_obtained":[{"floor":4,"key":"SteroidPotion"},{"floor":11,"key":"SpeedPotion"}],"is_trial":false,"path_per_floor":["M","?","M","M","M","E","R","$","T","R","M","?","R","?","R","B"],"character_chosen":"IRONCLAD","items_purchased":["Corruption"],"campfire_rested":0,"item_purchase_floors":[8],"current_hp_per_floor":[80,80,76,75,71,41,41,41,41,41,31,31,31,20,20,0],"gold":217,"neow_bonus":"HUNDRED_GOLD","is_prod":false,"is_daily":false,"chose_seed":false,"campfire_upgraded":4,"win_rate":0,"timestamp":1555133029,"path_taken":["M","?","?","M","M","E","R","$","T","R","M","?","R","?","R","BOSS"],"build_version":"2019-01-23","purchased_purges":1,"victory":false,"max_hp_per_floor":[80,80,80,80,80,80,80,80,80,80,80,80,80,80,80,80],"card_choices":[{"not_picked":["Sword Boomerang","Carnage"],"picked":"Whirlwind","floor":1},{"not_picked":["Clash","Power Through"],"picked":"Flex","floor":3},{"not_picked":["Ghostly Armor","Fire Breathing"],"picked":"Thunderclap","floor":4},{"not_picked":["Wild Strike","Havoc","Warcry"],"picked":"SKIP","floor":5},{"not_picked":["Rupture","Sword Boomerang","Clash"],"picked":"SKIP","floor":6},{"not_picked":["Fire Breathing","Hemokinesis","Carnage"],"picked":"SKIP","floor":11}],"player_experience":429741,"relics_obtained":[{"floor":6,"key":"Gambling Chip"},{"floor":9,"key":"Pantograph"}],"event_choices":[{"cards_removed":["Strike_R"],"damage_healed":0,"gold_gain":0,"player_choice":"Card Removal","damage_taken":0,"max_hp_gain":0,"max_hp_loss":0,"event_name":"Wheel of Change","floor":2,"gold_loss":0},{"damage_healed":0,"gold_gain":0,"player_choice":"Take Wound","damage_taken":0,"relics_obtained":["Golden Idol"],"max_hp_gain":0,"max_hp_loss":0,"event_name":"Golden Idol","floor":12,"gold_loss":0,"cards_obtained":["Injury"]},{"damage_healed":0,"gold_gain":75,"player_choice":"Gather Gold","damage_taken":11,"max_hp_gain":0,"max_hp_loss":0,"event_name":"World of Goop","floor":14,"gold_loss":0}],"is_beta":false,"boss_relics":[],"items_purged_floors":[8],"is_endless":false,"potions_floor_spawned":[4,11],"killed_by":"Slime Boss","ascension_level":0}