{"gold_per_floor":[117,117,267,282,36,36,49,49,49,75,75,92,120,140,140,217,217,231,246,262,262],"floor_reached":21,"playtime":1257,"items_purged":["Doubt"],"score":389,"play_id":"98084509-3ab3-46a8-b8ae-494e31107d03","local_time":"20190508190828","is_ascension_mode":true,"campfire_choices":[{"data":"Zap","floor":6.0,"key":"SMITH"},{"data":"Static Discharge","floor":8.0,"key":"SMITH"},{"data":"Go for the Eyes","floor":15.0,"key":"SMITH"}],"neow_cost":"NONE","seed_source_timestamp":210980756831157,"circlet_count":0,"master_deck":["AscendersBane","Zap+1","Dualcast","Go for the Eyes+1","Static Discharge+1","Heatsinks","Glacier","Recycle","Gash","Leap","Heatsinks","Electrodynamics","Force Field","Hello World","Consume","Gash","Darkness","Ball Lightning","Redo","Chill","Go for the Eyes","Gash"],"special_seed":0,"relics":["Cracked Core","Oddly Smooth Stone","Pen Nib","Mercury Hourglass","Darkstone Periapt","Pandora\u0027s Box"],"potions_floor_usage":[21],"damage_taken":[{"damage":0.0,"enemies":"Small Slimes","floor":1.0,"turns":3.0},{"damage":0.0,"enemies":"Cultist","floor":4.0,"turns":3.0},{"damage":6.0,"enemies":"Jaw Worm","floor":7.0,"turns":3.0},{"damage":8.0,"enemies":"3 Sentries","floor":10.0,"turns":5.0},{"damage":0.0,"enemies":"3 Louse","floor":12.0,"turns":3.0},{"damage":0.0,"enemies":"Lagavulin","floor":13.0,"turns":8.0},{"damage":0.0,"enemies":"Blue Slaver","floor":14.0,"turns":5.0},{"damage":5.0,"enemies":"The Guardian","floor":16.0,"turns":13.0},{"damage":14.0,"enemies":"Chosen","floor":18.0,"turns":5.0},{"damage":9.0,"enemies":"2 Thieves","floor":19.0,"turns":3.0},{"damage":32.0,"enemies":"Snecko","floor":20.0,"turns":5.0},{"damage":14,"enemies":"Centurion and Healer","floor":21,"turns":1}],"seed_played":"7919512999576218554","potions_obtained":[{"floor":1.0,"key":"Swift Potion"},{"floor":7.0,"key":"GamblersBrew"},{"floor":13.0,"key":"Weak Potion"},{"floor":16.0,"key":"Weak Potion"},{"floor":20.0,"key":"PowerPotion"}],"is_trial":false,"path_per_floor":["M","?","?","M","$","R","M","R","T","E","?","M","E","M","R","B",null,"M","M","M","M"],"character_chosen":"DEFECT","items_purchased":["Oddly Smooth Stone"],"campfire_rested":0,"item_purchase_floors":[5],"current_hp_per_floor":[71,48,48,48,48,48,42,42,42,34,34,34,34,34,34,29,66,52,43,11,0],"gold":262,"neow_bonus":"TEN_PERCENT_HP_BONUS","is_prod":false,"is_daily":false,"chose_seed":false,"campfire_upgraded":3,"win_rate":0,"timestamp":1557367708,"path_taken":["M","?","?","M","$","R","M","R","T","E","?","?","E","M","R","BOSS","M","?","M","?"],"build_version":"2019-01-23","purchased_purges":1,"victory":false,"max_hp_per_floor":[78,78,78,78,78,78,78,78,78,78,78,78,78,78,78,78,78,78,78,78,78],"card_choices":[{"not_picked":["Fusion","Redo"],"picked":"Go for the Eyes","floor":1.0},{"not_picked":["Tempest","Sweeping Beam"],"picked":"Static Discharge","floor":4.0},{"not_picked":["Stack","Coolheaded"],"picked":"Heatsinks","floor":7.0},{"not_picked":["Hello World","FTL"],"picked":"Glacier","floor":10.0},{"not_picked":["Aggregate","Steam"],"picked":"Gash","floor":12.0},{"not_picked":["Seek","Barrage"],"picked":"Leap","floor":13.0},{"not_picked":["Sunder","Compile Driver"],"picked":"Heatsinks","floor":14.0},{"not_picked":["Thunder Strike","Core Surge"],"picked":"Electrodynamics","floor":16.0},{"not_picked":["Chaos","Beam Cell"],"picked":"Chill","floor":18.0},{"not_picked":["Turbo","Steam"],"picked":"Go for the Eyes","floor":19.0},{"not_picked":["Stack","Rebound"],"picked":"Gash","floor":20.0}],"player_experience":662951,"relics_obtained":[{"floor":9.0,"key":"Pen Nib"},{"floor":10.0,"key":"Mercury Hourglass"},{"floor":13.0,"key":"Darkstone Periapt"}],"event_choices":[{"damage_healed":0.0,"max_hp_gain":0.0,"max_hp_loss":0.0,"gold_gain":0.0,"event_name":"Shining Light","player_choice":"Entered Light","floor":2.0,"gold_loss":0.0,"damage_taken":23.0,"cards_upgraded":["Defend_B","Defend_B"]},{"damage_healed":0.0,"max_hp_gain":0.0,"max_hp_loss":0.0,"gold_gain":150.0,"event_name":"Liars Game","player_choice":"AGREE","floor":3.0,"gold_loss":0.0,"damage_taken":0.0,"cards_obtained":["Doubt"]},{"damage_healed":0.0,"max_hp_gain":0.0,"max_hp_loss":0.0,"gold_gain":0.0,"cards_transformed":["Strike_B"],"event_name":"Transmorgrifier","player_choice":"Transformed","floor":11.0,"gold_loss":0.0,"damage_taken":0.0,"cards_obtained":["Recycle"]}],"is_beta":false,"boss_relics":[{"not_picked":["Ectoplasm","Philosopher\u0027s Stone"],"picked":"Pandora\u0027s Box"}],"items_purged_floors":[5],"is_endless":false,"potions_floor_spawned":[1,7,13,16,20],"killed_by":"Centurion and Healer","ascension_level":16}