{"gold_per_floor":[111,111,123,123,139,139,63,13,13,30,65,65],"floor_reached":12,"playtime":189,"items_purged":[],"score":78,"play_id":"52add5b2-be4f-45a5-8e4b-e95328265144","local_time":"20190504210316","is_ascension_mode":false,"campfire_choices":[{"data":"Genetic Algorithm","floor":6,"key":"SMITH"}],"neow_cost":"NONE","seed_source_timestamp":98765937802100,"circlet_count":0,"master_deck":["Strike_B","Strike_B","Defend_B","Defend_B","Defend_B","Defend_B","Zap","Dualcast","Ball Lightning","Multi-Cast","Genetic Algorithm+1","Buffer","Loop","BootSequence","BootSequence"],"relics":["Cracked Core","NeowsBlessing","Darkstone Periapt","Question Card"],"potions_floor_usage":[],"damage_taken":[{"damage":0,"enemies":"2 Louse","floor":1,"turns":1},{"damage":0,"enemies":"Cultist","floor":3,"turns":1},{"damage":0,"enemies":"Jaw Worm","floor":5,"turns":1},{"damage":10,"enemies":"Looter","floor":10,"turns":3},{"damage":65,"enemies":"3 Sentries","floor":11,"turns":10},{"damage":6,"enemies":"3 Louse","floor":12,"turns":1}],"seed_played":"6708997013122169437","potions_obtained":[{"floor":5,"key":"Strength Potion"},{"floor":10,"key":"FearPotion"},{"floor":11,"key":"LiquidBronze"}],"is_trial":false,"path_per_floor":["M","?","M","?","M","R","$","?","T","M","E","M"],"character_chosen":"DEFECT","items_purchased":["Loop"],"campfire_rested":0,"item_purchase_floors":[7],"current_hp_per_floor":[75,75,75,80,80,80,80,80,80,70,5,0],"gold":65,"neow_bonus":"THREE_ENEMY_KILL","is_prod":false,"is_daily":false,"chose_seed":false,"campfire_upgraded":1,"win_rate":0,"timestamp":1557018196,"path_taken":["M","?","?","?","M","R","$","?","T","M","E","M"],"build_version":"2019-01-23","purchased_purges":0,"victory":false,"max_hp_per_floor":[75,75,75,80,80,80,80,80,80,80,80,80],"card_choices":[{"not_picked":["Gash","Lockon"],"picked":"Ball Lightning","floor":1},{"not_picked":["Gash","Conserve Battery"],"picked":"Genetic Algorithm","floor":3},{"not_picked":["Sweeping Beam","Auto Shields"],"picked":"Buffer","floor":5},{"not_picked":["Redo","Conserve Battery"],"picked":"BootSequence","floor":10},{"not_picked":["Doom and Gloom","Meteor Strike"],"picked":"BootSequence","floor":11}],"player_experience":93602,"relics_obtained":[{"floor":9,"key":"Darkstone Periapt"},{"floor":11,"key":"Question Card"}],"event_choices":[{"damage_healed":0,"gold_gain":0,"cards_transformed":["Strike_B"],"player_choice":"Transformed","damage_taken":0,"max_hp_gain":0,"max_hp_loss":0,"event_name":"Transmorgrifier","floor":2,"gold_loss":0,"cards_obtained":["Multi-Cast"]},{"damage_healed":0,"gold_gain":0,"player_choice":"Donut","damage_taken":0,"max_hp_gain":5,"max_hp_loss":0,"event_name":"Big Fish","floor":4,"gold_loss":0},{"cards_removed":["Strike_B"],"damage_healed":0,"gold_gain":0,"player_choice":"Card Removal","damage_taken":0,"max_hp_gain":0,"max_hp_loss":0,"event_name":"The Cleric","floor":8,"gold_loss":50}],"is_beta":false,"boss_relics":[],"items_purged_floors":[],"is_endless":false,"potions_floor_spawned":[5,10,11],"killed_by":"3 Louse","ascension_level":0}