{"gold_per_floor":[119,119,119,119,119,119,137,147,147,210,285,285],"floor_reached":12,"playtime":443,"items_purged":[],"score":119,"play_id":"094952c8-142a-4254-ba1a-a978d98deb3f","local_time":"20190415220110","is_ascension_mode":true,"campfire_choices":[{"data":"Creative AI","floor":6,"key":"SMITH"}],"neow_cost":"NONE","seed_source_timestamp":458932178322240,"circlet_count":0,"master_deck":["AscendersBane","Strike_B","Strike_B","Strike_B","Defend_B","Defend_B","Defend_B","Defend_B","Zap","Dualcast","Creative AI+1","Cold Snap","Decay","Ball Lightning","Sweeping Beam","Capacitor"],"relics":["Cracked Core","Bottled Lightning","Orichalcum"],"potions_floor_usage":[],"damage_taken":[{"damage":2,"enemies":"Jaw Worm","floor":1,"turns":3},{"damage":7,"enemies":"Small Slimes","floor":7,"turns":4},{"damage":6,"enemies":"2 Louse","floor":8,"turns":2},{"damage":24,"enemies":"Gremlin Nob","floor":10,"turns":4},{"damage":13,"enemies":"Exordium Thugs","floor":12,"turns":4}],"seed_played":"8053626376139588113","potions_obtained":[{"floor":10,"key":"Ancient Potion"}],"is_trial":false,"path_per_floor":["M","?","?","?","?","R","M","M","T","?","?","M"],"character_chosen":"DEFECT","items_purchased":[],"campfire_rested":0,"item_purchase_floors":[],"current_hp_per_floor":[62,67,60,60,60,60,53,47,47,23,12,0],"gold":285,"neow_bonus":"ONE_RANDOM_RARE_CARD","is_prod":false,"is_daily":false,"chose_seed":false,"campfire_upgraded":1,"win_rate":0,"timestamp":1555358470,"path_taken":["M","?","?","?","?","R","?","M","T","?","?","M"],"build_version":"2019-01-23","purchased_purges":0,"victory":false,"max_hp_per_floor":[71,76,76,76,76,76,76,76,76,76,76,76],"card_choices":[{"not_picked":["Stack","Sweeping Beam"],"picked":"Cold Snap","floor":1},{"not_picked":["Reinforced Body","Double Energy"],"picked":"Ball Lightning","floor":7},{"not_picked":["Streamline","Hologram"],"picked":"Sweeping Beam","floor":8},{"not_picked":["Cold Snap","Steam"],"picked":"Capacitor","floor":10}],"player_experience":638461,"relics_obtained":[{"floor":9,"key":"Bottled Lightning"},{"floor":10,"key":"Orichalcum"}],"event_choices":[{"damage_healed":0,"gold_gain":0,"player_choice":"Donut","damage_taken":0,"max_hp_gain":5,"max_hp_loss":0,"event_name":"Big Fish","floor":2,"gold_loss":0},{"cards_removed":["Strike_B"],"damage_healed":0,"gold_gain":0,"player_choice":"Card Removal","damage_taken":7,"max_hp_gain":0,"max_hp_loss":0,"event_name":"Golden Wing","floor":3,"gold_loss":0},{"damage_healed":0,"gold_gain":0,"player_choice":"Ignored","damage_taken":0,"max_hp_gain":0,"max_hp_loss":0,"event_name":"Liars Game","floor":4,"gold_loss":0},{"damage_healed":0,"gold_gain":0,"player_choice":"Cursed","damage_taken":0,"max_hp_gain":0,"max_hp_loss":0,"event_name":"Wheel of Change","floor":5,"gold_loss":0,"cards_obtained":["Decay"]},{"damage_healed":0,"gold_gain":0,"player_choice":"Searched \u00271\u0027 times","damage_taken":0,"max_hp_gain":0,"max_hp_loss":0,"event_name":"Dead Adventurer","floor":10,"gold_loss":0},{"damage_healed":0,"gold_gain":75,"player_choice":"Gather Gold","damage_taken":11,"max_hp_gain":0,"max_hp_loss":0,"event_name":"World of Goop","floor":11,"gold_loss":0}],"is_beta":false,"boss_relics":[],"items_purged_floors":[],"is_endless":false,"potions_floor_spawned":[10],"killed_by":"Exordium Thugs","ascension_level":16}