{"gold_per_floor":[109,184,184,198,198,230,155,155,155,155,174,28,42,62,62,163,163,177,190,16,16,32,63,81,98,98,98,26,42,142,156,156,156],"floor_reached":33,"playtime":1671,"items_purged":["Strike_B","Strike_B","Strike_B"],"score":296,"play_id":"4eb9268d-7657-4265-b82a-065913dc69ed","local_time":"20181004185315","is_ascension_mode":true,"campfire_choices":[{"data":"Barrage","floor":8,"key":"SMITH"},{"data":"Ball Lightning","floor":10,"key":"SMITH"},{"floor":15,"key":"REST"},{"data":"Conserve Battery","floor":27,"key":"SMITH"},{"data":"Conserve Battery","floor":32,"key":"SMITH"}],"neow_cost":"NONE","seed_source_timestamp":428016392973644,"circlet_count":0,"master_deck":["Strike_B","Defend_B","Defend_B","Defend_B","Defend_B","Zap+1","Dualcast+1","Barrage+1","Ball Lightning+1","Leap","Barrage","Electrodynamics+1","Leap","Conserve Battery+1","Ball Lightning","Steam","Leap","Conserve Battery+1","Doubt","Conserve Battery+1","Biased Cognition"],"relics":["Cracked Core","Bag of Marbles","Pen Nib","Calipers","Cursed Key","Anchor","Meat on the Bone"],"potions_floor_usage":[16,16,16,16,16,19,23,29],"damage_taken":[{"damage":1,"enemies":"Cultist","floor":1,"turns":3},{"damage":7,"enemies":"Jaw Worm","floor":4,"turns":2},{"damage":40,"enemies":"Lagavulin","floor":6,"turns":7},{"damage":0,"enemies":"Small Slimes","floor":11,"turns":1},{"damage":0,"enemies":"2 Fungi Beasts","floor":13,"turns":2},{"damage":0,"enemies":"Gremlin Gang","floor":14,"turns":3},{"damage":16,"enemies":"Slime Boss","floor":16,"turns":8},{"damage":7,"enemies":"Chosen","floor":18,"turns":4},{"damage":9,"enemies":"2 Thieves","floor":19,"turns":3},{"damage":0,"enemies":"Snake Plant","floor":22,"turns":2},{"damage":4,"enemies":"Book of Stabbing","floor":23,"turns":4},{"damage":4,"enemies":"Centurion and Healer","floor":24,"turns":2},{"damage":11,"enemies":"Cultist and Chosen","floor":25,"turns":5},{"damage":20,"enemies":"Snake Plant","floor":29,"turns":4},{"damage":0,"enemies":"Sentry and Sphere","floor":31,"turns":3},{"damage":53,"enemies":"Collector","floor":33,"turns":12}],"seed_played":"6813527238885014276","potions_obtained":[{"floor":1,"key":"AttackPotion"},{"floor":11,"key":"EntropicBrew"},{"floor":13,"key":"Ancient Potion"},{"floor":19,"key":"Dexterity Potion"},{"floor":22,"key":"Poison Potion"},{"floor":25,"key":"Ancient Potion"}],"is_trial":false,"path_per_floor":["M","?","?","M","?","E","$","R","T","R","M","$","M","M","R","B",null,"M","M","$","?","M","E","M","M","T","R","$","M","?","M","R"],"character_chosen":"DEFECT","items_purchased":["Barrage","Ball Lightning","EssenceOfSteel"],"campfire_rested":1,"item_purchase_floors":[12,20,28],"current_hp_per_floor":[74,63,48,41,66,26,26,26,26,26,26,26,26,26,48,32,75,68,59,59,59,59,55,51,40,40,40,40,32,32,44,44,0],"gold":156,"neow_bonus":"RANDOM_COMMON_RELIC","is_prod":false,"is_daily":false,"chose_seed":false,"campfire_upgraded":4,"win_rate":0,"timestamp":1538671995,"path_taken":["M","?","?","?","?","E","$","R","T","R","M","$","M","M","R","BOSS","M","M","$","?","M","E","M","M","T","R","$","M","?","M","R","BOSS"],"build_version":"2018-09-27","purchased_purges":3,"victory":false,"max_hp_per_floor":[75,75,75,75,75,75,75,75,75,75,75,75,75,75,75,75,75,75,75,75,75,75,75,75,75,75,75,75,75,75,75,75,75],"card_choices":[{"not_picked":["White Noise","Steam"],"picked":"Barrage","floor":1},{"not_picked":["Rip and Tear","Streamline","Skim"],"picked":"SKIP","floor":4},{"not_picked":["Lockon","Blizzard"],"picked":"Ball Lightning","floor":6},{"not_picked":["Rip and Tear","Redo"],"picked":"Leap","floor":11},{"not_picked":["Sweeping Beam","Lockon","Doom and Gloom"],"picked":"SKIP","floor":13},{"not_picked":["Genetic Algorithm","Hologram","Loop"],"picked":"SKIP","floor":14},{"not_picked":["Multi-Cast","Meteor Strike"],"picked":"Electrodynamics","floor":16},{"not_picked":["Rebound","Hologram+1"],"picked":"Leap","floor":18},{"not_picked":["Gash+1","Undo"],"picked":"Conserve Battery","floor":19},{"not_picked":["Hologram","Sunder"],"picked":"Steam","floor":22},{"not_picked":["Recycle+1","Beam Cell"],"picked":"Leap","floor":23},{"not_picked":["Amplify","Leap"],"picked":"Conserve Battery","floor":24},{"not_picked":["Gash","Tempest","Hologram+1"],"picked":"SKIP","floor":25},{"not_picked":["Force Field","Coolheaded"],"picked":"Conserve Battery+1","floor":29},{"not_picked":["Hologram","Go for the Eyes"],"picked":"Biased Cognition","floor":31}],"player_experience":142270,"relics_obtained":[{"floor":6,"key":"Pen Nib"},{"floor":9,"key":"Calipers"},{"floor":23,"key":"Anchor"},{"floor":26,"key":"Meat on the Bone"}],"event_choices":[{"event_name":"World of Goop","player_choice":"Gather Gold","floor":2,"damage_taken":0},{"event_name":"Shining Light","player_choice":"Entered Light","floor":3,"damage_taken":0},{"event_name":"Big Fish","player_choice":"Banana","floor":5,"damage_taken":0},{"event_name":"Accursed Blacksmith","player_choice":"Forge","floor":21,"damage_taken":0},{"event_name":"Golden Shrine","player_choice":"Pray","floor":30,"damage_taken":0}],"is_beta":false,"boss_relics":[{"not_picked":["Fusion Hammer","Coffee Dripper"],"picked":"Cursed Key"}],"items_purged_floors":[7,12,20],"is_endless":false,"potions_floor_spawned":[1,11,13,14,19,22,25],"killed_by":"Collector","ascension_level":2}