{"gold_per_floor":[218,218,4,4,19,19,59,73,73,112,154,202,233,65,65,195,195,195,195,195,40,40,40,0,0,0,0,0,0,0,0,0,0,0,0,0,0,0,0,0,0,0,0,0,0,0,0,0,0,0,0,0,0,0,0],"floor_reached":55,"playtime":3585,"items_purged":["Strike_B"],"score":1050,"play_id":"22444d2a-36c7-4882-82ef-9c1a62e8d976","local_time":"20190410061329","is_ascension_mode":true,"campfire_choices":[{"data":"Metamorphosis","floor":6,"key":"SMITH"},{"floor":15,"key":"REST"},{"data":"Defragment","floor":23,"key":"SMITH"},{"floor":27,"key":"REST"},{"data":"Loop","floor":32,"key":"SMITH"},{"data":"Hologram","floor":40,"key":"SMITH"},{"floor":42,"key":"REST"},{"floor":46,"key":"RECALL"},{"floor":49,"key":"REST"},{"floor":52,"key":"REST"}],"neow_cost":"NONE","seed_source_timestamp":372268126768081,"circlet_count":0,"master_deck":["Defend_B+1","Defend_B","Zap","Dualcast+1","Coolheaded","Metamorphosis+1","Force Field","Cold Snap","Conserve Battery","Hologram+1","Leap","Loop+1","All For One","Capacitor+1","Defragment+1","Redo+1","Chill","Force Field","Chill","White Noise","Gash","Electrodynamics+1","Go for the Eyes+1","Hologram+1","White Noise","Seek","Impatience","Coolheaded","FTL"],"relics":["Cracked Core","Bloody Idol","Matryoshka","Orichalcum","Bronze Scales","MawBank","Pen Nib","Emotion Chip","War Paint","Ectoplasm","Regal Pillow","Anchor","Frozen Egg 2","Bag of Preparation","Empty Cage","Pocketwatch","Vajra","Oddly Smooth Stone"],"potions_floor_usage":[12,25,38,47,48,54,55],"damage_taken":[{"damage":14,"enemies":"Jaw Worm","floor":1,"turns":5},{"damage":1,"enemies":"2 Louse","floor":5,"turns":2},{"damage":10,"enemies":"Lagavulin","floor":7,"turns":4},{"damage":3,"enemies":"Small Slimes","floor":8,"turns":3},{"damage":9,"enemies":"3 Sentries","floor":10,"turns":10},{"damage":18,"enemies":"Gremlin Nob","floor":12,"turns":5},{"damage":0,"enemies":"2 Fungi Beasts","floor":13,"turns":4},{"damage":0,"enemies":"Slime Boss","floor":16,"turns":4},{"damage":7,"enemies":"Spheric Guardian","floor":18,"turns":5},{"damage":12,"enemies":"2 Thieves","floor":24,"turns":4},{"damage":13,"enemies":"Book of Stabbing","floor":25,"turns":5},{"damage":5,"enemies":"Centurion and Healer","floor":28,"turns":6},{"damage":0,"enemies":"Gremlin Leader","floor":30,"turns":7},{"damage":0,"enemies":"Chosen and Byrds","floor":31,"turns":4},{"damage":46,"enemies":"Champ","floor":33,"turns":8},{"damage":0,"enemies":"Orb Walker","floor":35,"turns":4},{"damage":1,"enemies":"3 Darklings","floor":36,"turns":2},{"damage":3,"enemies":"Transient","floor":38,"turns":5},{"damage":0,"enemies":"Spire Growth","floor":39,"turns":5},{"damage":28,"enemies":"Nemesis","floor":41,"turns":5},{"damage":1,"enemies":"Jaw Worm Horde","floor":45,"turns":3},{"damage":16,"enemies":"Reptomancer","floor":47,"turns":6},{"damage":11,"enemies":"Sphere and 2 Shapes","floor":48,"turns":4},{"damage":57,"enemies":"Awakened One","floor":50,"turns":10},{"damage":36,"enemies":"Shield and Spear","floor":54,"turns":8},{"damage":58,"enemies":"The Heart","floor":55,"turns":2}],"seed_played":"-1658172480399518880","potions_obtained":[{"floor":5,"key":"FocusPotion"},{"floor":7,"key":"SpeedPotion"},{"floor":10,"key":"SteroidPotion"},{"floor":16,"key":"Regen Potion"},{"floor":25,"key":"Fire Potion"},{"floor":33,"key":"Energy Potion"},{"floor":41,"key":"SkillPotion"},{"floor":48,"key":"FearPotion"},{"floor":54,"key":"Energy Potion"}],"is_trial":false,"path_per_floor":["M","?","$","?","M","R","E","M","T","E","?","E","M","$","R","B",null,"M","?","?","$","?","R","M","E","T","R","M","?","E","M","R","B",null,"M","M","?","M","M","R","E","R","T","?","M","R","E","M","R","B",null,"R","$","E","B"],"character_chosen":"DEFECT","items_purchased":["Coolheaded","Metamorphosis","War Paint","Loop","Defragment"],"campfire_rested":5,"item_purchase_floors":[3,3,14,14,21],"current_hp_per_floor":[54,54,54,54,53,53,43,40,40,31,31,13,13,13,33,33,60,53,53,53,53,53,53,41,28,28,63,58,58,58,58,58,12,55,55,54,54,51,51,51,23,57,57,57,56,56,40,41,66,9,52,66,66,30,0],"gold":0,"neow_bonus":"HUNDRED_GOLD","is_prod":false,"is_daily":false,"chose_seed":false,"campfire_upgraded":4,"win_rate":0,"timestamp":1554869609,"path_taken":["M","?","$","?","M","R","E","M","T","E","?","E","M","$","R","BOSS","M","?","?","$","?","R","M","E","T","R","?","?","E","M","R","BOSS","M","M","?","M","M","R","E","R","T","?","M","R","E","M","R","BOSS","R","$","E","BOSS"],"build_version":"2019-01-23","purchased_purges":1,"victory":false,"max_hp_per_floor":[75,69,69,69,69,69,69,69,69,69,69,69,69,69,69,69,69,69,69,69,69,69,69,69,69,69,69,69,69,69,69,69,69,69,69,69,66,66,66,66,66,66,66,66,66,66,66,66,66,66,66,66,66,66,66],"card_choices":[{"not_picked":["Gash","Turbo","Heatsinks"],"picked":"SKIP","floor":1},{"not_picked":["Steam Power","Rebound"],"picked":"Force Field","floor":5},{"not_picked":["Reboot","Steam Power"],"picked":"Cold Snap","floor":7},{"not_picked":["Streamline","Sweeping Beam"],"picked":"Conserve Battery","floor":8},{"not_picked":["Darkness","Steam"],"picked":"Hologram","floor":10},{"not_picked":["Ball Lightning","Sweeping Beam","Doom and Gloom"],"picked":"SKIP","floor":12},{"not_picked":["Conserve Battery","Ball Lightning"],"picked":"Leap","floor":13},{"not_picked":["Meteor Strike","Echo Form"],"picked":"All For One","floor":16},{"not_picked":["Turbo","Storm"],"picked":"Capacitor+1","floor":18},{"not_picked":["Barrage","Hologram"],"picked":"Redo+1","floor":24},{"not_picked":["Leap","Undo","Lockon"],"picked":"SKIP","floor":25},{"not_picked":["Redo","Turbo+1"],"picked":"Chill","floor":28},{"not_picked":["Leap","Doom and Gloom+1"],"picked":"White Noise","floor":30},{"not_picked":["Streamline","Blizzard"],"picked":"Gash","floor":31},{"not_picked":["Seek","Rainbow"],"picked":"Electrodynamics+1","floor":33},{"not_picked":["Cold Snap","Coolheaded+1"],"picked":"Go for the Eyes+1","floor":35},{"not_picked":["Steam+1","Coolheaded+1"],"picked":"Hologram+1","floor":36},{"not_picked":["Darkness+1","Turbo+1"],"picked":"White Noise","floor":38},{"not_picked":["Hello World+1","Static Discharge+1","Barrage"],"picked":"SKIP","floor":39},{"not_picked":["Lockon","Barrage+1"],"picked":"Seek","floor":41},{"not_picked":["Swift Strike","Purity"],"picked":"Impatience","floor":44},{"not_picked":["Reinforced Body","Conserve Battery+1"],"picked":"Coolheaded","floor":45},{"not_picked":["Hello World+1","Redo","Cold Snap+1"],"picked":"SKIP","floor":47},{"not_picked":["Gash+1","Glacier+1"],"picked":"FTL","floor":48},{"not_picked":["Heatsinks+1","Hello World+1","Aggregate"],"picked":"SKIP","floor":54}],"player_experience":498919,"relics_obtained":[{"floor":7,"key":"Matryoshka"},{"floor":9,"key":"Orichalcum"},{"floor":9,"key":"Bronze Scales"},{"floor":10,"key":"MawBank"},{"floor":12,"key":"Emotion Chip"},{"floor":25,"key":"Regal Pillow"},{"floor":26,"key":"Anchor"},{"floor":26,"key":"Frozen Egg 2"},{"floor":30,"key":"Bag of Preparation"},{"floor":41,"key":"Pocketwatch"},{"floor":47,"key":"Vajra"},{"floor":54,"key":"Oddly Smooth Stone"}],"event_choices":[{"damage_healed":0,"gold_gain":0,"player_choice":"Lose Max HP","damage_taken":0,"relics_obtained":["Golden Idol"],"max_hp_gain":0,"max_hp_loss":6,"event_name":"Golden Idol","floor":2,"gold_loss":0},{"damage_healed":0,"gold_gain":0,"player_choice":"Ignored","damage_taken":0,"max_hp_gain":0,"max_hp_loss":0,"event_name":"Liars Game","floor":4,"gold_loss":0},{"damage_healed":0,"gold_gain":30,"player_choice":"Searched \u00272\u0027 times","damage_taken":0,"relics_obtained":["Pen Nib"],"max_hp_gain":0,"max_hp_loss":0,"event_name":"Dead Adventurer","floor":11,"gold_loss":0},{"damage_healed":0,"gold_gain":0,"player_choice":"Gave Idol","damage_taken":0,"relics_obtained":["Bloody Idol"],"max_hp_gain":0,"max_hp_loss":0,"event_name":"Forgotten Altar","floor":19,"relics_lost":["Golden Idol"],"gold_loss":0},{"damage_healed":0,"gold_gain":99,"player_choice":"Stole From Cult","damage_taken":0,"max_hp_gain":0,"max_hp_loss":0,"event_name":"Nest","floor":20,"gold_loss":0},{"cards_removed":["Strike_B"],"damage_healed":0,"gold_gain":0,"player_choice":"Purged","damage_taken":0,"max_hp_gain":0,"max_hp_loss":0,"event_name":"Purifier","floor":22,"gold_loss":0},{"damage_healed":0,"gold_gain":0,"cards_transformed":["Defend_B","Strike_B"],"player_choice":"Became Test Subject","damage_taken":0,"max_hp_gain":0,"max_hp_loss":0,"event_name":"Drug Dealer","floor":29,"gold_loss":0,"cards_obtained":["Force Field","Chill"]},{"damage_healed":0,"gold_gain":0,"player_choice":"Max HP","damage_taken":0,"max_hp_gain":0,"max_hp_loss":3,"event_name":"Winding Halls","floor":37,"gold_loss":0},{"damage_healed":0,"gold_gain":0,"player_choice":"Memory 1","damage_taken":0,"max_hp_gain":0,"max_hp_loss":0,"event_name":"SensoryStone","floor":44,"gold_loss":0}],"is_beta":false,"boss_relics":[{"not_picked":["Tiny House","Snecko Eye"],"picked":"Ectoplasm"},{"not_picked":["Coffee Dripper","Sozu"],"picked":"Empty Cage"}],"items_purged_floors":[21],"is_endless":false,"potions_floor_spawned":[5,7,10,16,25,33,36,41,45,48,54],"killed_by":"The Heart","ascension_level":6}