{"gold_per_floor":[215,215,230,10,25,25,41,74,98,98,109,120,120,149,149,249,249,259,272,287,287,117,117,142,142,191,191,217,232,232,246,246,349,349,363,363,463,115,115,115,133,133,182,200,200,146,146,157,157,157],"floor_reached":50,"playtime":3280,"items_purged":["Strike_R","Strike_R"],"score":515,"play_id":"55636e17-8260-4bd6-bcb2-65e34c5805f0","local_time":"20190413005627","is_ascension_mode":true,"campfire_choices":[{"data":"Bash","floor":6,"key":"SMITH"},{"data":"Feel No Pain","floor":13,"key":"SMITH"},{"floor":15,"key":"REST"},{"data":"Whirlwind","floor":23,"key":"SMITH"},{"data":"Searing Blow+1","floor":30,"key":"SMITH"},{"data":"Disarm","floor":32,"key":"SMITH"},{"data":"True Grit","floor":40,"key":"SMITH"},{"data":"Armaments","floor":42,"key":"SMITH"},{"data":"Searing Blow+2","floor":45,"key":"SMITH"},{"data":"True Grit","floor":47,"key":"SMITH"},{"floor":49,"key":"RECALL"}],"neow_cost":"NONE","seed_source_timestamp":115465087146719,"circlet_count":0,"master_deck":["Defend_R","Defend_R","Defend_R","Defend_R","Bash+1","True Grit+1","Battle Trance","Flame Barrier+1","Metallicize","Feel No Pain+1","Clothesline+1","Searing Blow+3","Warcry+1","Disarm+1","Cleave+1","Whirlwind+1","Writhe","Iron Wave+1","Clothesline+1","Exhume","Spot Weakness+1","Metallicize","Armaments+1","Inflame","True Grit+1"],"relics":["Burning Blood","Anchor","Vajra","Dream Catcher","Coffee Dripper","Bag of Marbles","Molten Egg 2","Bag of Preparation","Happy Flower","Red Skull","Empty Cage","Nunchaku","Whetstone","Potion Belt"],"potions_floor_usage":[20,28,28,50,50],"damage_taken":[{"damage":5,"enemies":"Cultist","floor":1,"turns":4},{"damage":0,"enemies":"2 Louse","floor":3,"turns":3},{"damage":0,"enemies":"Jaw Worm","floor":5,"turns":4},{"damage":4,"enemies":"Blue Slaver","floor":7,"turns":4},{"damage":32,"enemies":"Lagavulin","floor":8,"turns":12},{"damage":3,"enemies":"Gremlin Gang","floor":11,"turns":5},{"damage":9,"enemies":"3 Louse","floor":12,"turns":4},{"damage":19,"enemies":"Gremlin Nob","floor":14,"turns":6},{"damage":45,"enemies":"Slime Boss","floor":16,"turns":30},{"damage":2,"enemies":"Chosen","floor":18,"turns":4},{"damage":2,"enemies":"Shell Parasite","floor":19,"turns":10},{"damage":0,"enemies":"Snake Plant","floor":20,"turns":3},{"damage":25,"enemies":"Slavers","floor":24,"turns":5},{"damage":10,"enemies":"Gremlin Leader","floor":28,"turns":7},{"damage":18,"enemies":"3 Cultists","floor":29,"turns":6},{"damage":8,"enemies":"Centurion and Healer","floor":31,"turns":8},{"damage":38,"enemies":"Collector","floor":33,"turns":9},{"damage":19,"enemies":"3 Shapes","floor":35,"turns":10},{"damage":9,"enemies":"Mind Bloom Boss Battle","floor":37,"turns":9},{"damage":4,"enemies":"Orb Walker","floor":41,"turns":4},{"damage":21,"enemies":"Sphere and 2 Shapes","floor":44,"turns":11},{"damage":22,"enemies":"3 Darklings","floor":48,"turns":4},{"damage":54,"enemies":"Donu and Deca","floor":50,"turns":8}],"seed_played":"-2914260880704999962","potions_obtained":[{"floor":3,"key":"SteroidPotion"},{"floor":7,"key":"Poison Potion"},{"floor":8,"key":"Swift Potion"},{"floor":12,"key":"Strength Potion"},{"floor":20,"key":"GamblersBrew"},{"floor":28,"key":"BloodPotion"},{"floor":33,"key":"Fire Potion"},{"floor":35,"key":"BloodPotion"},{"floor":44,"key":"Poison Potion"}],"is_trial":false,"path_per_floor":["M","?","M","$","M","R","M","E","T","?","M","M","R","E","R","B",null,"M","M","M","?","$","R","E","?","T","T","E","M","R","M","R","B",null,"M","?","?","$","?","R","M","R","T","M","R","$","R","M","R","B"],"character_chosen":"IRONCLAD","items_purchased":["Flame Barrier","Anchor","Cleave","Whirlwind","Metallicize","Armaments","Whetstone","True Grit"],"campfire_rested":1,"item_purchase_floors":[4,4,22,22,38,38,38,46],"current_hp_per_floor":[80,80,80,80,80,80,80,54,54,54,57,54,54,41,65,26,80,80,80,80,80,80,80,61,61,61,61,57,45,45,43,43,11,80,67,67,64,64,64,64,66,66,66,51,51,51,51,35,35,0],"gold":157,"neow_bonus":"HUNDRED_GOLD","is_prod":false,"is_daily":false,"chose_seed":false,"campfire_upgraded":9,"win_rate":0,"timestamp":1555131387,"path_taken":["M","?","M","$","M","R","M","E","T","?","M","M","R","E","R","BOSS","M","M","M","?","$","R","E","?","T","?","E","M","R","?","R","BOSS","M","?","?","$","?","R","M","R","T","?","R","?","R","M","R","BOSS"],"build_version":"2019-01-23","purchased_purges":2,"victory":false,"max_hp_per_floor":[80,80,80,80,80,80,80,80,80,80,80,80,80,80,80,80,80,80,80,80,80,80,80,80,80,80,80,80,80,80,80,80,80,80,80,80,80,80,80,80,80,80,80,80,80,80,80,80,80,80],"card_choices":[{"not_picked":["Sword Boomerang","Pommel Strike"],"picked":"True Grit","floor":1},{"not_picked":["Metallicize","Iron Wave"],"picked":"Battle Trance","floor":3},{"not_picked":["Headbutt","Dual Wield"],"picked":"Metallicize","floor":5},{"not_picked":["Double Tap","Sword Boomerang"],"picked":"Feel No Pain","floor":7},{"not_picked":["Double Tap","Thunderclap"],"picked":"Clothesline","floor":8},{"not_picked":["Thunderclap","Clash","Hemokinesis"],"picked":"SKIP","floor":11},{"not_picked":["Thunderclap","Clash","Hemokinesis"],"picked":"SKIP","floor":11},{"not_picked":["Pommel Strike","Intimidate","Flex"],"picked":"SKIP","floor":12},{"not_picked":["Second Wind","Fire Breathing","Headbutt"],"picked":"SKIP","floor":14},{"not_picked":["Warcry","Seeing Red"],"picked":"Armaments","floor":15},{"not_picked":["Headbutt+1","Wild Strike+1"],"picked":"Searing Blow+1","floor":18},{"not_picked":["Clash+1","Corruption+1"],"picked":"Warcry+1","floor":19},{"not_picked":["Perfected Strike","True Grit"],"picked":"Disarm","floor":20},{"not_picked":["Clash","Infernal Blade","Dropkick+1"],"picked":"SKIP","floor":24},{"not_picked":["True Grit","Pommel Strike+1"],"picked":"Iron Wave+1","floor":28},{"not_picked":["Combust","Burning Pact","Pummel+1"],"picked":"SKIP","floor":29},{"not_picked":["Twin Strike+1","Sever Soul+1"],"picked":"Clothesline+1","floor":31},{"not_picked":["Offering","Immolate+1"],"picked":"Exhume","floor":33},{"not_picked":["Disarm","Burning Pact+1"],"picked":"Spot Weakness+1","floor":35},{"not_picked":["Perfected Strike+1","Sever Soul+1"],"picked":"Inflame","floor":41},{"not_picked":["Warcry+1","Heavy Blade+1","Clothesline+1"],"picked":"SKIP","floor":44},{"not_picked":["Anger+1","Clothesline+1","Second Wind+1"],"picked":"SKIP","floor":48}],"player_experience":122065,"relics_obtained":[{"floor":8,"key":"Vajra"},{"floor":14,"key":"Dream Catcher"},{"floor":24,"key":"Bag of Marbles"},{"floor":26,"key":"Bag of Preparation"},{"floor":27,"key":"Happy Flower"},{"floor":28,"key":"Red Skull"},{"floor":37,"key":"Nunchaku"},{"floor":43,"key":"Potion Belt"}],"event_choices":[{"damage_healed":0,"gold_gain":0,"player_choice":"Leave","damage_taken":0,"max_hp_gain":0,"max_hp_loss":0,"event_name":"The Cleric","floor":2,"gold_loss":0},{"damage_healed":0,"gold_gain":0,"player_choice":"Grow","damage_taken":0,"max_hp_gain":0,"max_hp_loss":0,"event_name":"Living Wall","floor":10,"gold_loss":0,"cards_upgraded":["Flame Barrier"]},{"cards_removed":["Strike_R"],"damage_healed":0,"gold_gain":0,"player_choice":"Elegance","damage_taken":0,"max_hp_gain":0,"max_hp_loss":0,"event_name":"Back to Basics","floor":21,"gold_loss":0},{"damage_healed":0,"gold_gain":0,"player_choice":"Opened","damage_taken":0,"relics_obtained":["Molten Egg 2"],"max_hp_gain":0,"max_hp_loss":0,"event_name":"The Mausoleum","floor":25,"gold_loss":0,"cards_obtained":["Writhe"]},{"damage_healed":0,"gold_gain":0,"player_choice":"Ignored","damage_taken":0,"max_hp_gain":0,"max_hp_loss":0,"event_name":"Tomb of Lord Red Mask","floor":36,"gold_loss":0},{"damage_healed":0,"gold_gain":0,"player_choice":"Fight","damage_taken":0,"max_hp_gain":0,"max_hp_loss":0,"event_name":"MindBloom","floor":37,"gold_loss":0},{"cards_removed":["Armaments"],"damage_healed":0,"gold_gain":0,"player_choice":"Removed Skill","damage_taken":0,"max_hp_gain":0,"max_hp_loss":0,"event_name":"Falling","floor":39,"gold_loss":0}],"is_beta":false,"boss_relics":[{"not_picked":["Runic Pyramid","Fusion Hammer"],"picked":"Coffee Dripper"},{"not_picked":["Black Star","Calling Bell"],"picked":"Empty Cage"}],"items_purged_floors":[22,38],"is_endless":false,"potions_floor_spawned":[3,7,8,12,14,19,20,28,33,35,37,44],"killed_by":"Donu and Deca","ascension_level":1}