{"gold_per_floor":[119,119,146,71,71,30,57,332,332,365,365,379,406,420,420,494,494,509,509,519,79,111,136,136,136,136,136,150,179,189,189,189,266,266,279,1278,1500,997,1009,1038,1090,1090,1113,1145,107,135,135,146,146,146],"floor_reached":51,"playtime":2526,"items_purged":["Strike_R","Regret","Normality","Normality"],"score":1739,"play_id":"c72501a9-b499-4809-9866-4ba4221f6471","local_time":"20190312234002","is_ascension_mode":true,"campfire_choices":[{"floor":11.0,"key":"REST"},{"floor":15.0,"key":"REST"},{"data":"Metallicize","floor":24.0,"key":"SMITH"},{"floor":27.0,"key":"REST"},{"floor":32.0,"key":"REST"},{"data":"Corruption","floor":42.0,"key":"SMITH"},{"data":"Body Slam","floor":47,"key":"SMITH"},{"floor":49,"key":"REST"}],"neow_cost":"TEN_PERCENT_HP_LOSS","seed_source_timestamp":101543514010200,"circlet_count":0,"master_deck":["AscendersBane","Strike_R","Strike_R","Strike_R","Strike_R","Defend_R","Defend_R+1","Defend_R","Defend_R","Bash","Metallicize+1","Metallicize+1","Corruption+1","Shockwave","Flame Barrier","Impervious","Impervious","Ghostly Armor","Body Slam","Infernal Blade","Necronomicurse","Flex","Warcry","Impervious","Warcry+1","Metallicize","Body Slam+1","Infernal Blade+1","Entrench","Normality","Metallicize+1","Impervious","Inflame+1"],"special_seed":0,"relics":["Burning Blood","Torii","PreservedInsect","Paper Frog","Dead Branch","Unceasing Top","Bag of Preparation","Sundial","Cursed Key","Pear","Red Mask","Ginger","Necronomicon","Blue Candle","Meat on the Bone","Bottled Lightning","Empty Cage","Tiny Chest","Juzu Bracelet","War Paint","Gambling Chip","Bag of Marbles","Pocketwatch","Frozen Egg 2","Orichalcum","PrismaticShard","Red Skull"],"potions_floor_usage":[],"damage_taken":[{"damage":2.0,"enemies":"2 Louse","floor":1.0,"turns":3.0},{"damage":20.0,"enemies":"Lagavulin","floor":7.0,"turns":9.0},{"damage":40.0,"enemies":"Gremlin Nob","floor":10.0,"turns":6.0},{"damage":8.0,"enemies":"Jaw Worm","floor":12.0,"turns":5.0},{"damage":6.0,"enemies":"3 Sentries","floor":13.0,"turns":5.0},{"damage":9.0,"enemies":"Small Slimes","floor":14.0,"turns":5.0},{"damage":14.0,"enemies":"Slime Boss","floor":16.0,"turns":9.0},{"damage":3.0,"enemies":"3 Byrds","floor":18.0,"turns":3.0},{"damage":10.0,"enemies":"2 Thieves","floor":20.0,"turns":5.0},{"damage":25.0,"enemies":"Masked Bandits","floor":22.0,"turns":6.0},{"damage":1.0,"enemies":"Slavers","floor":23.0,"turns":6.0},{"damage":9.0,"enemies":"Shelled Parasite and Fungi","floor":28.0,"turns":4.0},{"damage":9.0,"enemies":"Gremlin Leader","floor":29.0,"turns":5.0},{"damage":13.0,"enemies":"Centurion and Healer","floor":30.0,"turns":4.0},{"damage":46.0,"enemies":"Collector","floor":33.0,"turns":6.0},{"damage":3.0,"enemies":"3 Shapes","floor":35.0,"turns":9.0},{"damage":31.0,"enemies":"3 Darklings","floor":39.0,"turns":6.0},{"damage":28.0,"enemies":"Nemesis","floor":40.0,"turns":10.0},{"damage":12.0,"enemies":"2 Orb Walkers","floor":41.0,"turns":6.0},{"damage":16,"enemies":"Giant Head","floor":44,"turns":5},{"damage":0,"enemies":"Nemesis","floor":46,"turns":1},{"damage":1,"enemies":"Jaw Worm Horde","floor":48,"turns":2},{"damage":1,"enemies":"Donu and Deca","floor":50,"turns":2}],"seed_played":"2679392247944670460","potions_obtained":[{"floor":1.0,"key":"AttackPotion"},{"floor":10.0,"key":"EssenceOfSteel"},{"floor":13.0,"key":"Block Potion"},{"floor":20.0,"key":"Fire Potion"},{"floor":22.0,"key":"Dexterity Potion"},{"floor":40.0,"key":"SteroidPotion"},{"floor":46,"key":"BloodPotion"}],"is_trial":false,"path_per_floor":["M","?","T","$","?","$","E","?","T","E","R","M","E","M","R","B",null,"M","?","M","$","?","E","R","?","T","R","M","E","M","T","R","B",null,"M","?","?","$","M","E","?","R","T","E","$","E","R","M","R","B",null],"character_chosen":"IRONCLAD","items_purchased":["Metallicize","Body Slam","Pear","Metallicize","Tiny Chest","Juzu Bracelet","Frozen Egg 2","Orichalcum","PrismaticShard","Metallicize+1","Impervious"],"campfire_rested":5,"item_purchase_floors":[6,21,21,38,38,38,45,45,45,45,45],"current_hp_per_floor":[68,68,68,68,57,57,43,43,43,9,29,27,27,24,44,36,60,63,44,40,50,31,36,36,15,15,39,36,33,38,38,62,34,71,74,74,74,74,49,39,45,45,45,47,47,53,53,58,82,83],"gold":146,"neow_bonus":"ONE_RARE_RELIC","is_prod":false,"is_daily":false,"chose_seed":false,"campfire_upgraded":3,"win_rate":0,"timestamp":1552430402,"path_taken":["M","?","?","$","?","$","E","?","T","E","R","M","E","M","R","BOSS","M","?","M","$","?","E","R","?","T","R","M","E","M","?","R","BOSS","M","?","?","$","M","E","?","R","T","E","$","E","R","M","R","BOSS"],"build_version":"2019-01-23","purchased_purges":4,"victory":true,"max_hp_per_floor":[68,68,68,68,68,68,68,68,68,68,68,68,68,68,68,68,68,68,73,73,83,83,83,83,83,83,83,83,83,83,83,83,83,83,83,83,83,83,83,83,83,83,83,83,83,83,83,83,83,83],"card_choices":[{"not_picked":["Battle Trance","Inflame"],"picked":"Metallicize","floor":1.0},{"not_picked":["Flame Barrier","Demon Form"],"picked":"Corruption","floor":7.0},{"not_picked":["Thunderclap","Headbutt"],"picked":"Shockwave","floor":10.0},{"not_picked":["Thunderclap","Cleave"],"picked":"Flame Barrier","floor":12.0},{"not_picked":["Havoc","Power Through"],"picked":"Impervious","floor":13.0},{"not_picked":["Anger","Clothesline","Heavy Blade"],"picked":"SKIP","floor":14.0},{"not_picked":["Limit Break","Berserk"],"picked":"Impervious","floor":16.0},{"not_picked":["Armaments","Cleave+1","Bloodletting"],"picked":"SKIP","floor":18.0},{"not_picked":["Cleave","Anger"],"picked":"Ghostly Armor","floor":20.0},{"not_picked":["Bloodletting","Clash+1"],"picked":"Infernal Blade","floor":22.0},{"not_picked":["Iron Wave","Pummel","Sword Boomerang"],"picked":"SKIP","floor":23.0},{"not_picked":["Cleave","Heavy Blade"],"picked":"Flex","floor":28.0},{"not_picked":["Offering","Rampage"],"picked":"Warcry","floor":29.0},{"not_picked":["Perfected Strike","Rupture","Sword Boomerang+1"],"picked":"SKIP","floor":30.0},{"not_picked":["Fiend Fire","Demon Form"],"picked":"Impervious","floor":33.0},{"not_picked":["Clash","Sword Boomerang"],"picked":"Warcry","floor":35.0},{"not_picked":["Reckless Charge","Headbutt"],"picked":"Body Slam","floor":39.0},{"not_picked":["Thunderclap","Havoc"],"picked":"Infernal Blade+1","floor":40.0},{"not_picked":["Iron Wave","Cleave+1"],"picked":"Entrench","floor":41.0},{"not_picked":["Pommel Strike+1","Twin Strike","Body Slam"],"picked":"SKIP","floor":44},{"not_picked":["Sunder","Poisoned Stab+1"],"picked":"Inflame+1","floor":46},{"not_picked":["Sweeping Beam","Beam Cell","Glacier+1"],"picked":"SKIP","floor":48}],"player_experience":475577,"relics_obtained":[{"floor":3.0,"key":"PreservedInsect"},{"floor":7.0,"key":"Dead Branch"},{"floor":9.0,"key":"Unceasing Top"},{"floor":10.0,"key":"Bag of Preparation"},{"floor":13.0,"key":"Sundial"},{"floor":22.0,"key":"Red Mask"},{"floor":23.0,"key":"Ginger"},{"floor":25.0,"key":"Necronomicon"},{"floor":26.0,"key":"Blue Candle"},{"floor":29.0,"key":"Meat on the Bone"},{"floor":31.0,"key":"Bottled Lightning"},{"floor":40.0,"key":"War Paint"},{"floor":41.0,"key":"Gambling Chip"},{"floor":43.0,"key":"Bag of Marbles"},{"floor":44,"key":"Pocketwatch"},{"floor":46,"key":"Red Skull"}],"event_choices":[{"damage_healed":0.0,"max_hp_gain":0.0,"max_hp_loss":0.0,"gold_gain":0.0,"event_name":"Living Wall","player_choice":"Grow","floor":2.0,"gold_loss":0.0,"damage_taken":0.0,"cards_upgraded":["Metallicize"]},{"damage_healed":0.0,"max_hp_gain":0.0,"max_hp_loss":0.0,"gold_gain":0.0,"event_name":"Scrap Ooze","player_choice":"Success","floor":5.0,"gold_loss":0.0,"damage_taken":11.0,"relics_obtained":["Paper Frog"]},{"damage_healed":0.0,"max_hp_gain":0.0,"max_hp_loss":0.0,"gold_gain":275.0,"event_name":"Golden Shrine","player_choice":"Desecrate","floor":8.0,"gold_loss":0.0,"damage_taken":0.0,"cards_obtained":["Regret"]},{"damage_healed":0.0,"max_hp_gain":5.0,"max_hp_loss":0.0,"gold_gain":0.0,"event_name":"Forgotten Altar","player_choice":"Shed Blood","floor":19.0,"gold_loss":0.0,"damage_taken":24.0},{"damage_healed":0.0,"max_hp_gain":0.0,"max_hp_loss":0.0,"gold_gain":0.0,"event_name":"Masked Bandits","player_choice":"Fought Bandits","floor":22.0,"gold_loss":0.0,"damage_taken":0.0},{"damage_healed":0.0,"max_hp_gain":0.0,"max_hp_loss":0.0,"gold_gain":0.0,"event_name":"Cursed Tome","player_choice":"Obtained Book","floor":25.0,"gold_loss":0.0,"damage_taken":21.0},{"damage_healed":0.0,"max_hp_gain":0.0,"max_hp_loss":0.0,"gold_gain":999.0,"event_name":"MindBloom","player_choice":"Gold","floor":36.0,"gold_loss":0.0,"damage_taken":0.0,"cards_obtained":["Normality","Normality"]},{"damage_healed":0.0,"max_hp_gain":0.0,"max_hp_loss":0.0,"gold_gain":222.0,"event_name":"Tomb of Lord Red Mask","player_choice":"Wore Mask","floor":37.0,"gold_loss":0.0,"damage_taken":0.0},{"damage_healed":0.0,"max_hp_gain":0.0,"max_hp_loss":0.0,"gold_gain":0.0,"event_name":"Mysterious Sphere","player_choice":"Fight","floor":41.0,"gold_loss":0.0,"damage_taken":0.0}],"is_beta":false,"boss_relics":[{"not_picked":["Eternal Feather","Velvet Choker"],"picked":"Cursed Key"},{"not_picked":["Coffee Dripper","Black Blood"],"picked":"Empty Cage"}],"items_purged_floors":[4,21,38,45],"is_endless":false,"potions_floor_spawned":[1,10,13,20,22,23,29,39,40,46,48],"ascension_level":18}