{"gold_per_floor":[161,173,188,200,260,289,289,316,316,316,332,36,36,36,36,36],"floor_reached":16,"playtime":1330,"items_purged":[],"score":160,"play_id":"0b329210-c3bd-42b8-9fac-ae552ef59dbf","local_time":"20190428073205","is_ascension_mode":true,"campfire_choices":[{"data":"Pummel","floor":7,"key":"SMITH"},{"floor":10,"key":"REST"},{"floor":15,"key":"REST"}],"neow_cost":"NONE","seed_source_timestamp":1271150422260510,"circlet_count":0,"master_deck":["Strike_R+1","Strike_R","Strike_R","Strike_R","Strike_R","Defend_R+1","Defend_R","Defend_R","Bash+1","Clash","Headbutt","Shrug It Off","True Grit","Shrug It Off","Pummel+1","Demon Form","Warcry+1","Shrug It Off+1"],"relics":["Tiny House","Whetstone","Boot","Toxic Egg 2","Shuriken"],"potions_floor_usage":[4,6,16],"damage_taken":[{"damage":7,"enemies":"Cultist","floor":1,"turns":5},{"damage":0,"enemies":"Small Slimes","floor":2,"turns":2},{"damage":4,"enemies":"2 Louse","floor":3,"turns":4},{"damage":5,"enemies":"Large Slime","floor":4,"turns":7},{"damage":44,"enemies":"Gremlin Nob","floor":6,"turns":6},{"damage":28,"enemies":"Lagavulin","floor":8,"turns":7},{"damage":22,"enemies":"Gremlin Gang","floor":11,"turns":5},{"damage":36,"enemies":"Slime Boss","floor":16,"turns":11}],"seed_played":"1804291564290541264","potions_obtained":[{"floor":0,"key":"FairyPotion"},{"floor":2,"key":"Energy Potion"},{"floor":3,"key":"SpeedPotion"},{"floor":11,"key":"EssenceOfSteel"}],"is_trial":false,"path_per_floor":["M","M","M","M","?","E","R","E","T","R","M","$","?","?","R","B"],"character_chosen":"IRONCLAD","items_purchased":["Shrug It Off+1","Shuriken"],"campfire_rested":2,"item_purchase_floors":[12,12],"current_hp_per_floor":[70,70,66,61,61,17,17,8,8,33,11,11,11,11,36,0],"gold":36,"neow_bonus":"BOSS_RELIC","is_prod":false,"is_daily":false,"chose_seed":false,"campfire_upgraded":1,"win_rate":0,"timestamp":1556454725,"path_taken":["M","M","M","M","?","E","R","E","T","R","M","$","?","?","R","BOSS"],"build_version":"2019-01-23","purchased_purges":0,"victory":false,"max_hp_per_floor":[85,85,85,85,85,85,85,85,85,85,85,85,85,85,85,85],"card_choices":[{"not_picked":["Warcry","Wild Strike"],"picked":"Clash","floor":0},{"not_picked":["Clash","Infernal Blade"],"picked":"Headbutt","floor":1},{"not_picked":["Wild Strike","Clash"],"picked":"Shrug It Off","floor":2},{"not_picked":["Burning Pact","Perfected Strike"],"picked":"True Grit","floor":3},{"not_picked":["Flame Barrier","True Grit"],"picked":"Shrug It Off","floor":4},{"not_picked":["Dropkick","Corruption"],"picked":"Pummel","floor":6},{"not_picked":["Sword Boomerang","Berserk"],"picked":"Demon Form","floor":8},{"not_picked":["Perfected Strike","Sever Soul"],"picked":"Warcry+1","floor":11}],"player_experience":353365,"relics_obtained":[{"floor":6,"key":"Whetstone"},{"floor":8,"key":"Boot"},{"floor":9,"key":"Toxic Egg 2"}],"event_choices":[{"damage_healed":0,"gold_gain":60,"player_choice":"Gained Gold","damage_taken":0,"max_hp_gain":0,"max_hp_loss":0,"event_name":"Golden Wing","floor":5,"gold_loss":0},{"cards_removed":["Defend_R"],"damage_healed":0,"gold_gain":0,"player_choice":"Forget","damage_taken":0,"max_hp_gain":0,"max_hp_loss":0,"event_name":"Living Wall","floor":13,"gold_loss":0},{"damage_healed":0,"gold_gain":0,"player_choice":"Fled","damage_taken":0,"max_hp_gain":0,"max_hp_loss":0,"event_name":"Scrap Ooze","floor":14,"gold_loss":0}],"is_beta":false,"boss_relics":[],"items_purged_floors":[],"is_endless":false,"potions_floor_spawned":[2,3,11],"killed_by":"Slime Boss","ascension_level":9}