{"gold_per_floor":[111,127,127,139,153,153,165,197,197,229,245,213,213,69,69,69],"floor_reached":16,"playtime":1092,"items_purged":[],"score":123,"play_id":"d1ec3af6-075a-4869-b103-32a0b7eb8ff3","local_time":"20190427235734","is_ascension_mode":true,"campfire_choices":[{"data":"Cleave","floor":6,"key":"SMITH"},{"data":"Shrug It Off","floor":13,"key":"SMITH"},{"data":"Wild Strike","floor":15,"key":"SMITH"}],"neow_cost":"NONE","seed_source_timestamp":352691077138776,"circlet_count":0,"master_deck":["Strike_R","Strike_R","Strike_R","Strike_R","Strike_R","Defend_R","Defend_R","Defend_R","Defend_R","Bash+1","Entrench","Cleave+1","Wild Strike+1","Limit Break","Metallicize","Reaper","Shrug It Off+1"],"relics":["Burning Blood","Regal Pillow","Orichalcum","Oddly Smooth Stone"],"potions_floor_usage":[8,8,8,10,11,16],"damage_taken":[{"damage":6,"enemies":"Cultist","floor":1,"turns":3},{"damage":10,"enemies":"Small Slimes","floor":2,"turns":4},{"damage":9,"enemies":"2 Louse","floor":4,"turns":2},{"damage":11,"enemies":"Looter","floor":5,"turns":2},{"damage":9,"enemies":"3 Louse","floor":7,"turns":3},{"damage":30,"enemies":"3 Sentries","floor":8,"turns":6},{"damage":11,"enemies":"Gremlin Nob","floor":10,"turns":3},{"damage":7,"enemies":"2 Fungi Beasts","floor":11,"turns":3},{"damage":56,"enemies":"The Guardian","floor":16,"turns":13}],"seed_played":"2506622918485175163","potions_obtained":[{"floor":1,"key":"SkillPotion"},{"floor":2,"key":"PowerPotion"},{"floor":4,"key":"PowerPotion"},{"floor":8,"key":"Fire Potion"},{"floor":10,"key":"BloodPotion"},{"floor":11,"key":"FearPotion"}],"is_trial":false,"path_per_floor":["M","M","?","M","M","R","M","E","T","E","M","?","R","$","R","B"],"character_chosen":"IRONCLAD","items_purchased":["Oddly Smooth Stone"],"campfire_rested":0,"item_purchase_floors":[14],"current_hp_per_floor":[80,76,81,78,73,73,70,46,46,41,48,48,48,48,48,0],"gold":69,"neow_bonus":"UPGRADE_CARD","is_prod":false,"is_daily":false,"chose_seed":false,"campfire_upgraded":3,"win_rate":0,"timestamp":1556423854,"path_taken":["M","?","?","M","M","R","M","E","T","E","M","?","R","$","R","BOSS"],"build_version":"2019-01-23","purchased_purges":0,"victory":false,"max_hp_per_floor":[80,80,85,85,85,85,85,85,85,85,85,85,85,85,85,85],"card_choices":[{"not_picked":["Body Slam","Cleave"],"picked":"Entrench","floor":1},{"not_picked":["Sever Soul","Infernal Blade"],"picked":"Cleave","floor":2},{"not_picked":["Armaments","Headbutt"],"picked":"Wild Strike","floor":4},{"not_picked":["Havoc","Thunderclap"],"picked":"Limit Break","floor":5},{"not_picked":["Clash","Sword Boomerang","Twin Strike"],"picked":"SKIP","floor":7},{"not_picked":["Rage","Sentinel"],"picked":"Metallicize","floor":8},{"not_picked":["Heavy Blade","Uppercut"],"picked":"Reaper","floor":10},{"not_picked":["True Grit","Flex"],"picked":"Shrug It Off","floor":11}],"player_experience":58006,"relics_obtained":[{"floor":8,"key":"Regal Pillow"},{"floor":10,"key":"Orichalcum"}],"event_choices":[{"damage_healed":0,"gold_gain":0,"player_choice":"Donut","damage_taken":0,"max_hp_gain":5,"max_hp_loss":0,"event_name":"Big Fish","floor":3,"gold_loss":0},{"damage_healed":0,"gold_gain":0,"player_choice":"Left Gold","damage_taken":0,"max_hp_gain":0,"max_hp_loss":0,"event_name":"World of Goop","floor":12,"gold_loss":32}],"is_beta":false,"boss_relics":[],"items_purged_floors":[],"is_endless":false,"potions_floor_spawned":[1,2,4,8,10,11],"killed_by":"The Guardian","ascension_level":2}