{"path_per_floor":["M","?","$","M","T","M","M","R","T","M","M","M","R","M","R","B",null,"M","?","M","M","M","R","$","E","T","$","M","R","M","M","R"],"character_chosen":"THE_SILENT","items_purchased":["Snake Skull","Paper Crane","Footwork"],"gold_per_floor":[109,109,34,58,105,130,145,145,145,170,186,209,209,234,234,359,359,377,377,393,412,422,422,30,65,92,53,67,67,84,100,100,100],"floor_reached":33,"campfire_rested":1,"playtime":3473,"item_purchase_floors":[24,24,27],"current_hp_per_floor":[70,70,70,70,70,70,67,67,67,69,65,67,67,57,57,50,70,49,49,56,19,26,26,26,23,28,28,30,30,31,33,54,0],"items_purged":["Injury"],"gold":100,"score":265,"play_id":"aa518697-7935-4694-bb84-820a9619be06","local_time":"20180531113623","is_prod":false,"is_daily":false,"chose_seed":false,"is_ascension_mode":false,"campfire_upgraded":5,"win_rate":0.0,"timestamp":1527784583,"campfire_choices":[{"data":"Dagger Spray","floor":8,"key":"SMITH"},{"data":"Malaise","floor":13,"key":"SMITH"},{"data":"Infinite Blades","floor":15,"key":"SMITH"},{"data":"Venomology","floor":23,"key":"SMITH"},{"data":"Burst","floor":29,"key":"SMITH"},{"floor":32,"key":"REST"}],"path_taken":["M","?","$","?","?","M","M","R","T","M","M","M","R","M","R","BOSS","M","?","M","M","M","R","$","E","T","$","M","R","M","M","R","BOSS"],"build_version":"2018-05-24","seed_source_timestamp":731573569214313,"purchased_purges":1,"victory":false,"master_deck":["Defend_G","Defend_G","Defend_G","Defend_G","Defend_G","Strike_G","Strike_G","Strike_G","Strike_G","Survivor","Neutralize","Backflip","Crippling Poison","Dagger Spray+1","Malaise+1","Backstab","Flechettes","Infinite Blades+1","Venomology+1","Slice","Burst+1","Dagger Spray","Dagger Throw","Infinite Blades","Finisher","Dagger Throw+1","Dagger Spray","Footwork","Terror","Slice+1","Backstab"],"max_hp_per_floor":[70,70,70,70,70,70,70,70,70,70,70,70,70,70,70,70,70,70,70,70,70,70,70,70,70,70,70,70,70,70,70,70,70],"relics":["Ring of the Snake","Bloody Idol","Bag of Marbles","Blood Vial","Orrery","Snake Skull","Paper Crane","Blue Candle","Vajra"],"card_choices":[{"not_picked":["Eviscerate","Heel Hook"],"picked":"Backflip","floor":1},{"not_picked":["Malaise","Predator"],"picked":"Crippling Poison","floor":4},{"not_picked":["Deadly Poison","Noxious Fumes"],"picked":"Dagger Spray","floor":6},{"not_picked":["Bouncing Flask","Prepared"],"picked":"Malaise","floor":7},{"not_picked":["Backflip","Outmaneuver","Leg Sweep"],"picked":"SKIP","floor":10},{"not_picked":["PiercingWail","Night Terror"],"picked":"Backstab","floor":11},{"not_picked":["Dodge and Roll","Calculated Gamble"],"picked":"Flechettes","floor":12},{"not_picked":["Dagger Throw","Dodge and Roll"],"picked":"Infinite Blades","floor":14},{"not_picked":["Envenom","After Image"],"picked":"Venomology","floor":16},{"not_picked":["Sucker Punch","Poisoned Stab"],"picked":"Slice","floor":17},{"not_picked":["Slice","Flechettes"],"picked":"Burst","floor":17},{"not_picked":["Infinite Blades","Flying Knee"],"picked":"Dagger Spray","floor":17},{"not_picked":["Eviscerate","Deflect"],"picked":"Dagger Throw","floor":17},{"not_picked":["Acrobatics","Outmaneuver"],"picked":"Infinite Blades","floor":17},{"not_picked":["Outmaneuver","Sucker Punch+1"],"picked":"Finisher","floor":18},{"not_picked":["Quick Slash","Distraction"],"picked":"Dagger Throw+1","floor":20},{"not_picked":["Venomology","Deadly Poison+1"],"picked":"Dagger Spray","floor":21},{"not_picked":["Predator","Crippling Poison","Quick Slash"],"picked":"SKIP","floor":22},{"not_picked":["Noxious Fumes","Crippling Poison","Heel Hook"],"picked":"SKIP","floor":25},{"not_picked":["Prepared","Underhanded Strike+1"],"picked":"Terror","floor":28},{"not_picked":["Sucker Punch","Flying Knee+1"],"picked":"Slice+1","floor":30},{"not_picked":["Deadly Poison","Blur"],"picked":"Backstab","floor":31}],"player_experience":74644,"potions_floor_usage":[16,18,22,25,25,25,28,28,30,33,33],"damage_taken":[{"damage":0,"enemies":"Cultist","floor":1,"turns":5},{"damage":0,"enemies":"2 Louse","floor":4,"turns":3},{"damage":0,"enemies":"Small Slimes","floor":6,"turns":3},{"damage":3,"enemies":"Gremlin Gang","floor":7,"turns":3},{"damage":0,"enemies":"Exordium Thugs","floor":10,"turns":2},{"damage":5,"enemies":"3 Louse","floor":11,"turns":2},{"damage":0,"enemies":"Large Slime","floor":12,"turns":5},{"damage":12,"enemies":"Exordium Wildlife","floor":14,"turns":3},{"damage":9,"enemies":"The Guardian","floor":16,"turns":16},{"damage":21,"enemies":"2 Thieves","floor":18,"turns":3},{"damage":0,"enemies":"Chosen","floor":20,"turns":3},{"damage":44,"enemies":"Sentry and Sphere","floor":21,"turns":6},{"damage":0,"enemies":"Snake Plant","floor":22,"turns":6},{"damage":10,"enemies":"Slavers","floor":25,"turns":3},{"damage":5,"enemies":"Slaver and Parasite","floor":28,"turns":7},{"damage":6,"enemies":"Cultist and Chosen","floor":30,"turns":3},{"damage":5,"enemies":"Chosen and Byrds","floor":31,"turns":3},{"damage":72,"enemies":"Automaton","floor":33,"turns":8}],"relics_obtained":[{"floor":5,"key":"Bag of Marbles"},{"floor":9,"key":"Blood Vial"},{"floor":25,"key":"Blue Candle"},{"floor":26,"key":"Vajra"}],"event_choices":[{"event_name":"Golden Idol","player_choice":"Take Wound","floor":2,"damage_taken":0},{"event_name":"Forgotten Altar","player_choice":"Gave Idol","floor":19,"damage_taken":0}],"boss_relics":[{"not_picked":["Calling Bell","Runic Pyramid"],"picked":"Orrery"}],"items_purged_floors":[3],"potions_floor_spawned":[1,6,10,12,21,22,25],"seed_played":"5495168660071094100","killed_by":"Automaton","ascension_level":0,"potions_obtained":[{"floor":1,"key":"Dexterity Potion"},{"floor":6,"key":"Swift Potion"},{"floor":10,"key":"Strength Potion"},{"floor":12,"key":"PowerPotion"},{"floor":21,"key":"SteroidPotion"},{"floor":22,"key":"Explosive Potion"},{"floor":25,"key":"Explosive Potion"}],"is_trial":false}