{"gold_per_floor":[115,129,23,39,39,72,72,100,123,123,139,151,151,151,151,151],"floor_reached":16,"playtime":611,"items_purged":[],"score":224,"play_id":"2c9fe36a-e18f-4afe-9a74-163564e583c8","local_time":"20190427202444","is_ascension_mode":true,"campfire_choices":[{"floor":7,"key":"REST"},{"floor":10,"key":"REST"},{"data":"Anger","floor":15,"key":"SMITH"}],"neow_cost":"NONE","seed_source_timestamp":45001070957931,"circlet_count":0,"master_deck":["AscendersBane","Strike_R","Strike_R","Strike_R","Strike_R","Strike_R","Defend_R","Defend_R","Defend_R","Defend_R","Bash","Flame Barrier","Pummel","Panacea","Disarm","Anger+1","Cleave","Clothesline","Spot Weakness","Uppercut+1"],"relics":["Burning Blood","NeowsBlessing","Dream Catcher","Bag of Marbles","Omamori"],"potions_floor_usage":[5,8,11],"damage_taken":[{"damage":0,"enemies":"Cultist","floor":1,"turns":1},{"damage":0,"enemies":"Small Slimes","floor":2,"turns":1},{"damage":0,"enemies":"2 Louse","floor":4,"turns":1},{"damage":0,"enemies":"Large Slime","floor":5,"turns":2},{"damage":66,"enemies":"3 Sentries","floor":6,"turns":15},{"damage":36,"enemies":"Gremlin Nob","floor":8,"turns":5},{"damage":5,"enemies":"Red Slaver","floor":11,"turns":3},{"damage":7,"enemies":"3 Louse","floor":12,"turns":3},{"damage":52,"enemies":"Slime Boss","floor":16,"turns":8}],"seed_played":"-6511430936222090834","potions_obtained":[{"floor":2,"key":"SmokeBomb"},{"floor":6,"key":"Block Potion"},{"floor":8,"key":"Weak Potion"}],"is_trial":false,"path_per_floor":["M","M","$","M","M","E","R","E","T","R","M","M","?","?","R","B"],"character_chosen":"IRONCLAD","items_purchased":["Panacea"],"campfire_rested":2,"item_purchase_floors":[3],"current_hp_per_floor":[74,75,75,75,75,15,37,7,7,29,30,29,47,47,47,0],"gold":151,"neow_bonus":"THREE_ENEMY_KILL","is_prod":false,"is_daily":false,"chose_seed":false,"campfire_upgraded":1,"win_rate":0,"timestamp":1556364284,"path_taken":["M","M","$","M","M","E","R","E","T","R","M","?","?","?","R","BOSS"],"build_version":"2019-01-23","purchased_purges":0,"victory":false,"max_hp_per_floor":[75,75,75,75,75,75,75,75,75,75,75,75,75,75,75,75],"card_choices":[{"not_picked":["Clash","Armaments"],"picked":"Flame Barrier","floor":1},{"not_picked":["Clash","Sentinel"],"picked":"Pummel","floor":2},{"not_picked":["Perfected Strike","Infernal Blade"],"picked":"Disarm","floor":4},{"not_picked":["Entrench","Rampage"],"picked":"Anger","floor":6},{"not_picked":["Ghostly Armor","Thunderclap"],"picked":"Cleave","floor":7},{"not_picked":["Evolve","Intimidate"],"picked":"Clothesline","floor":8},{"not_picked":["Fire Breathing","Iron Wave"],"picked":"Spot Weakness","floor":10},{"not_picked":["Double Tap","Cleave"],"picked":"Uppercut","floor":11},{"not_picked":["Sword Boomerang","Fire Breathing","Rupture"],"picked":"SKIP","floor":12}],"player_experience":1110372,"relics_obtained":[{"floor":6,"key":"Dream Catcher"},{"floor":8,"key":"Bag of Marbles"},{"floor":9,"key":"Omamori"}],"event_choices":[{"damage_healed":18,"gold_gain":0,"player_choice":"Healed and dodged fight","damage_taken":0,"max_hp_gain":0,"max_hp_loss":0,"event_name":"Mushrooms","floor":13,"gold_loss":0,"cards_obtained":["Parasite"]},{"damage_healed":0,"gold_gain":0,"player_choice":"Grow","damage_taken":0,"max_hp_gain":0,"max_hp_loss":0,"event_name":"Living Wall","floor":14,"gold_loss":0,"cards_upgraded":["Uppercut"]}],"is_beta":false,"boss_relics":[],"items_purged_floors":[],"is_endless":false,"potions_floor_spawned":[2,5,6,8],"killed_by":"Slime Boss","ascension_level":20}