{"gold_per_floor":[117,137,40,53,65,65,96,116,186,186,186,186,220,240,240,340,340,354,453,468,468,71,104,104,137,137,151,151,179,179,233,233,233],"floor_reached":33,"playtime":2770,"items_purged":["Strike_G","Strike_G"],"score":470,"play_id":"adf160ea-b500-42c8-9b6d-516c11b25fab","local_time":"20190324121733","is_ascension_mode":true,"campfire_choices":[{"data":"Blade Dance","floor":6,"key":"SMITH"},{"floor":10,"key":"REST"},{"data":"Glass Knife","floor":15,"key":"SMITH"},{"floor":24,"key":"REST"},{"floor":28,"key":"REST"},{"floor":30,"key":"REST"},{"data":"Blade Dance","floor":32,"key":"SMITH"}],"neow_cost":"NONE","seed_source_timestamp":141660144316319,"circlet_count":0,"master_deck":["AscendersBane","Defend_G","Defend_G","Defend_G","Defend_G","Defend_G","Survivor","Neutralize","Dodge and Roll","Blade Dance+1","Dodge and Roll","Cloak And Dagger","Footwork+1","Glass Knife+1","Deadly Poison+1","Accuracy+1","Phantasmal Killer+1","PiercingWail","Blade Dance+1","Leg Sweep+1"],"relics":["Ring of the Snake","Boot","Ninja Scroll","Ice Cream","Astrolabe","PreservedInsect","Bag of Preparation","Centennial Puzzle","WingedGreaves","Singing Bowl","Regal Pillow","Tiny Chest"],"potions_floor_usage":[13,13,16,16,23,33],"damage_taken":[{"damage":2,"enemies":"Cultist","floor":1,"turns":5},{"damage":2,"enemies":"2 Louse","floor":2,"turns":3},{"damage":3,"enemies":"Jaw Worm","floor":4,"turns":5},{"damage":4,"enemies":"Red Slaver","floor":5,"turns":6},{"damage":23,"enemies":"3 Sentries","floor":7,"turns":16},{"damage":14,"enemies":"Lots of Slimes","floor":8,"turns":6},{"damage":1,"enemies":"Lagavulin","floor":13,"turns":8},{"damage":0,"enemies":"Blue Slaver","floor":14,"turns":2},{"damage":13,"enemies":"The Guardian","floor":16,"turns":18},{"damage":4,"enemies":"3 Byrds","floor":18,"turns":6},{"damage":0,"enemies":"Spheric Guardian","floor":20,"turns":3},{"damage":51,"enemies":"Gremlin Leader","floor":23,"turns":8},{"damage":9,"enemies":"Slavers","floor":25,"turns":6},{"damage":0,"enemies":"Centurion and Healer","floor":27,"turns":4},{"damage":24,"enemies":"Gremlin Leader","floor":29,"turns":7},{"damage":61,"enemies":"Automaton","floor":33,"turns":16}],"seed_played":"2105232994968359849","potions_obtained":[{"floor":1,"key":"Swift Potion"},{"floor":2,"key":"Weak Potion"},{"floor":8,"key":"FearPotion"},{"floor":13,"key":"Ancient Potion"},{"floor":14,"key":"FearPotion"},{"floor":18,"key":"Fire Potion"},{"floor":20,"key":"GamblersBrew"},{"floor":23,"key":"FairyPotion"},{"floor":29,"key":"Block Potion"}],"is_trial":false,"path_per_floor":["M","M","$","M","M","R","E","M","T","R","?","?","E","M","R","B",null,"M","?","M","?","$","E","R","E","T","M","R","E","R","T","R","B"],"character_chosen":"THE_SILENT","items_purchased":["Dodge and Roll","PreservedInsect","Bag of Preparation"],"campfire_rested":4,"item_purchase_floors":[3,22,22],"current_hp_per_floor":[61,59,59,56,52,52,29,15,15,36,36,36,35,35,35,22,58,54,54,54,54,54,3,24,15,15,15,36,12,48,48,48,0],"gold":233,"neow_bonus":"THREE_CARDS","is_prod":false,"is_daily":false,"chose_seed":false,"campfire_upgraded":3,"win_rate":0,"timestamp":1553426253,"path_taken":["M","M","$","M","M","R","E","?","T","R","?","?","E","?","R","BOSS","M","?","M","?","$","E","R","E","T","M","R","E","R","?","R","BOSS"],"build_version":"2019-01-23","purchased_purges":2,"victory":false,"max_hp_per_floor":[70,70,70,70,70,70,70,70,70,70,70,70,70,70,70,70,70,70,70,70,70,70,70,70,70,70,70,70,70,70,70,70,70],"card_choices":[{"not_picked":["Masterful Stab","Eviscerate"],"picked":"Dodge and Roll","floor":0},{"not_picked":["Predator","Catalyst","Eviscerate"],"picked":"SKIP","floor":1},{"not_picked":["Choke","Setup"],"picked":"Blade Dance","floor":2},{"not_picked":["Terror","Deflect","Choke"],"picked":"SKIP","floor":4},{"not_picked":["Backflip","A Thousand Cuts"],"picked":"Cloak And Dagger","floor":5},{"not_picked":["Finisher","Acrobatics"],"picked":"Footwork","floor":7},{"not_picked":["Dagger Throw","Deflect","Prepared"],"picked":"SKIP","floor":8},{"not_picked":["Calculated Gamble","Malaise"],"picked":"Glass Knife","floor":13},{"not_picked":["Choke","Dagger Throw","Dagger Spray"],"picked":"SKIP","floor":14},{"not_picked":["Sucker Punch","Bane","Backflip"],"picked":"SKIP","floor":18},{"not_picked":["Finisher","Bouncing Flask","Poisoned Stab"],"picked":"SKIP","floor":20},{"not_picked":["Quick Slash","Backstab+1"],"picked":"PiercingWail","floor":23},{"not_picked":["Outmaneuver","Underhanded Strike","Heel Hook"],"picked":"SKIP","floor":25},{"not_picked":["Catalyst","Sucker Punch+1"],"picked":"Blade Dance","floor":27},{"not_picked":["Dagger Spray","Riddle With Holes"],"picked":"Leg Sweep+1","floor":29}],"player_experience":349474,"relics_obtained":[{"floor":7,"key":"Boot"},{"floor":9,"key":"Ninja Scroll"},{"floor":13,"key":"Ice Cream"},{"floor":23,"key":"Centennial Puzzle"},{"floor":25,"key":"WingedGreaves"},{"floor":26,"key":"Singing Bowl"},{"floor":29,"key":"Regal Pillow"},{"floor":31,"key":"Tiny Chest"}],"event_choices":[{"damage_healed":0,"gold_gain":0,"player_choice":"Searched \u00270\u0027 times","damage_taken":0,"max_hp_gain":0,"max_hp_loss":0,"event_name":"Dead Adventurer","floor":11,"gold_loss":0},{"damage_healed":0,"gold_gain":0,"player_choice":"Forge","damage_taken":0,"max_hp_gain":0,"max_hp_loss":0,"event_name":"Accursed Blacksmith","floor":12,"gold_loss":0,"cards_upgraded":["Footwork"]},{"damage_healed":0,"gold_gain":99,"player_choice":"Stole From Cult","damage_taken":0,"max_hp_gain":0,"max_hp_loss":0,"event_name":"Nest","floor":19,"gold_loss":0},{"damage_healed":0,"gold_gain":0,"player_choice":"Ignored","damage_taken":0,"max_hp_gain":0,"max_hp_loss":0,"event_name":"Vampires","floor":21,"gold_loss":0}],"is_beta":false,"boss_relics":[{"not_picked":["White Beast Statue","Fusion Hammer"],"picked":"Astrolabe"}],"items_purged_floors":[3,22],"is_endless":false,"potions_floor_spawned":[1,2,8,13,14,18,20,23,29],"killed_by":"Automaton","ascension_level":10}