{"gold_per_floor":[12,12,0,14,29,29,29,103,103,103,133,149,149,164,164,164],"floor_reached":16,"playtime":392,"items_purged":[],"score":200,"play_id":"0588df91-248e-4fbe-9018-fe30a8b823d9","local_time":"20190404111313","is_ascension_mode":true,"campfire_choices":[{"data":"Dagger Spray","floor":6,"key":"SMITH"},{"data":"Neutralize","floor":10,"key":"SMITH"},{"data":"Deadly Poison","floor":13,"key":"SMITH"},{"data":"Glass Knife","floor":15,"key":"SMITH"}],"neow_cost":"NO_GOLD","seed_source_timestamp":528220532257647,"circlet_count":0,"master_deck":["AscendersBane","Defend_G","Defend_G","Defend_G","Defend_G","Defend_G","Strike_G","Strike_G","Strike_G","Strike_G","Survivor","Neutralize+1","Dagger Spray+1","Blur","Poisoned Stab","Deadly Poison+1","Glass Knife+1","PiercingWail"],"relics":["Ring of the Snake","Bird Faced Urn","Dodecahedron","Bottled Flame","Dream Catcher"],"potions_floor_usage":[11,16],"damage_taken":[{"damage":0,"enemies":"Jaw Worm","floor":1,"turns":6},{"damage":4,"enemies":"Small Slimes","floor":4,"turns":4},{"damage":0,"enemies":"2 Louse","floor":5,"turns":4},{"damage":20,"enemies":"Gremlin Nob","floor":11,"turns":4},{"damage":4,"enemies":"Looter","floor":12,"turns":4},{"damage":0,"enemies":"Red Slaver","floor":14,"turns":5},{"damage":25,"enemies":"The Guardian","floor":16,"turns":8}],"seed_played":"3113476316693038475","potions_obtained":[{"floor":4,"key":"Ancient Potion"},{"floor":5,"key":"LiquidBronze"},{"floor":11,"key":"SteroidPotion"}],"is_trial":false,"path_per_floor":["M","?","?","M","M","R","?","T","T","R","E","M","R","M","R","B"],"character_chosen":"THE_SILENT","items_purchased":[],"campfire_rested":0,"item_purchase_floors":[],"current_hp_per_floor":[59,52,52,48,48,48,48,48,48,48,28,24,24,24,24,0],"gold":164,"neow_bonus":"ONE_RARE_RELIC","is_prod":false,"is_daily":false,"chose_seed":false,"campfire_upgraded":4,"win_rate":0,"timestamp":1554343993,"path_taken":["M","?","?","M","M","R","?","?","T","R","E","?","R","M","R","BOSS"],"build_version":"2019-01-23","purchased_purges":0,"victory":false,"max_hp_per_floor":[66,66,66,66,66,66,66,66,66,66,66,66,66,66,66,66],"card_choices":[{"not_picked":["Flying Knee","Dodge and Roll"],"picked":"Dagger Spray","floor":1},{"not_picked":["Masterful Stab","Dodge and Roll"],"picked":"Blur","floor":4},{"not_picked":["Dodge and Roll","Deflect"],"picked":"Poisoned Stab","floor":5},{"not_picked":["Slice","Poisoned Stab"],"picked":"Deadly Poison","floor":11},{"not_picked":["Backstab","Tactician"],"picked":"Glass Knife","floor":12},{"not_picked":["Cloak And Dagger","Dagger Throw"],"picked":"PiercingWail","floor":14}],"player_experience":822821,"relics_obtained":[{"floor":8,"key":"Dodecahedron"},{"floor":9,"key":"Bottled Flame"},{"floor":11,"key":"Dream Catcher"}],"event_choices":[{"cards_removed":["Strike_G"],"damage_healed":0,"gold_gain":0,"player_choice":"Card Removal","damage_taken":7,"max_hp_gain":0,"max_hp_loss":0,"event_name":"Golden Wing","floor":2,"gold_loss":0},{"damage_healed":0,"gold_gain":0,"player_choice":"Left Gold","damage_taken":0,"max_hp_gain":0,"max_hp_loss":0,"event_name":"World of Goop","floor":3,"gold_loss":12},{"damage_healed":0,"gold_gain":0,"player_choice":"Ignored","damage_taken":0,"max_hp_gain":0,"max_hp_loss":0,"event_name":"Liars Game","floor":7,"gold_loss":0}],"is_beta":false,"boss_relics":[],"items_purged_floors":[],"is_endless":false,"potions_floor_spawned":[4,5,11],"killed_by":"The Guardian","ascension_level":20}