{"gold_per_floor":[364,381,103,120,120,120,120,120,120,20,20,20,31,45,45,150,150,161,186,201,301,301],"floor_reached":22,"playtime":1680,"items_purged":["Shame","Defend_B"],"score":174,"play_id":"0f23cab0-66f7-4a68-9184-9c3217e46bd0","local_time":"20181124020204","is_ascension_mode":false,"campfire_choices":[{"data":"White Noise","floor":6,"key":"SMITH"},{"data":"Self Repair","floor":8,"key":"SMITH"},{"data":"White Noise","floor":12,"key":"SMITH"},{"data":"Doom and Gloom","floor":15,"key":"SMITH"}],"neow_cost":"CURSE","seed_source_timestamp":1068127431522984,"circlet_count":0,"master_deck":["Strike_B","Strike_B","Strike_B","Defend_B","Defend_B","Defend_B","Zap","Dualcast","White Noise+1","Doom and Gloom+1","Self Repair+1","Ball Lightning","Coolheaded","Leap","White Noise+1","Redo","Tempest","Electrodynamics","Self Repair+1"],"relics":["Cracked Core","Lantern","Bottled Lightning","Inserter","Red Mask"],"potions_floor_usage":[16,18,19],"damage_taken":[{"damage":5,"enemies":"Cultist","floor":1,"turns":5},{"damage":5,"enemies":"Small Slimes","floor":2,"turns":3},{"damage":6,"enemies":"Jaw Worm","floor":4,"turns":3},{"damage":11,"enemies":"3 Louse","floor":13,"turns":3},{"damage":5,"enemies":"2 Fungi Beasts","floor":14,"turns":3},{"damage":10,"enemies":"Slime Boss","floor":16,"turns":7},{"damage":6,"enemies":"3 Byrds","floor":18,"turns":3},{"damage":34,"enemies":"Masked Bandits","floor":19,"turns":4},{"damage":34,"enemies":"Spheric Guardian","floor":20,"turns":6},{"damage":33,"enemies":"Shelled Parasite and Fungi","floor":22,"turns":7}],"seed_played":"2356355468532076864","potions_obtained":[{"floor":1,"key":"Poison Potion"},{"floor":2,"key":"EssenceOfSteel"},{"floor":16,"key":"Fire Potion"},{"floor":18,"key":"Weak Potion"}],"is_trial":false,"path_per_floor":["M","M","$","M","?","R","?","R","T","$","?","R","M","M","R","B",null,"M","?","M","?","M"],"character_chosen":"DEFECT","items_purchased":["Self Repair","Ball Lightning","Coolheaded","Leap"],"campfire_rested":0,"item_purchase_floors":[3,3,3,3],"current_hp_per_floor":[70,65,65,66,66,66,63,63,63,63,63,63,62,67,67,57,75,69,45,31,31,0],"gold":301,"neow_bonus":"TWO_FIFTY_GOLD","is_prod":false,"is_daily":false,"chose_seed":false,"campfire_upgraded":4,"win_rate":0.0,"timestamp":1542992524,"path_taken":["M","?","$","M","?","R","?","R","T","?","?","R","M","M","R","BOSS","M","?","M","?","M"],"build_version":"2018-11-15","purchased_purges":2,"victory":false,"max_hp_per_floor":[75,75,75,75,75,75,75,75,75,75,75,75,75,75,75,75,75,75,75,75,75,75],"card_choices":[{"not_picked":["Glacier","Compile Driver"],"picked":"White Noise","floor":1},{"not_picked":["Heatsinks","Lockon"],"picked":"Doom and Gloom","floor":2},{"not_picked":["Melter","Compile Driver"],"picked":"White Noise","floor":4},{"not_picked":["White Noise","Hologram"],"picked":"Redo","floor":13},{"not_picked":["Steam","Hologram"],"picked":"Tempest","floor":14},{"not_picked":["Thunder Strike","Seek"],"picked":"Electrodynamics","floor":16},{"not_picked":["Gash","Hologram","Sweeping Beam"],"picked":"SKIP","floor":18},{"not_picked":["Loop","Gash+1"],"picked":"Self Repair+1","floor":19},{"not_picked":["Sweeping Beam","Barrage","Compile Driver"],"picked":"SKIP","floor":20}],"player_experience":27636,"relics_obtained":[{"floor":9,"key":"Bottled Lightning"},{"floor":19,"key":"Red Mask"}],"event_choices":[{"cards_removed":["Strike_B"],"damage_healed":0,"gold_gain":0,"player_choice":"Forget","damage_taken":0,"max_hp_gain":0,"max_hp_loss":0,"event_name":"Living Wall","floor":5,"gold_loss":0},{"damage_healed":0,"gold_gain":0,"player_choice":"Success","damage_taken":3,"relics_obtained":["Lantern"],"max_hp_gain":0,"max_hp_loss":0,"event_name":"Scrap Ooze","floor":7,"gold_loss":0},{"damage_healed":0,"gold_gain":0,"player_choice":"Leave","damage_taken":0,"max_hp_gain":0,"max_hp_loss":0,"event_name":"The Cleric","floor":11,"gold_loss":0},{"damage_healed":0,"gold_gain":0,"player_choice":"Fought Bandits","damage_taken":0,"max_hp_gain":0,"max_hp_loss":0,"event_name":"Masked Bandits","floor":19,"gold_loss":0},{"damage_healed":0,"gold_gain":100,"player_choice":"Pray","damage_taken":0,"max_hp_gain":0,"max_hp_loss":0,"event_name":"Golden Shrine","floor":21,"gold_loss":0}],"is_beta":false,"boss_relics":[{"not_picked":["Empty Cage","Astrolabe"],"picked":"Inserter"}],"items_purged_floors":[3,10],"is_endless":false,"potions_floor_spawned":[1,2,16,18],"killed_by":"Shelled Parasite and Fungi","ascension_level":0}