{"gold_per_floor":[119,68,68,68,83,119,119,163,163,181,215,215,53,74,74,163,163,188,231,231,81,105,149,149,180,203,219,219,219,219,233,233,326,326,342,363,413,427,442,485,485,86,112,125,125,164,184,220,220,220,220,220,220,14,57,57],"floor_reached":57,"playtime":4317,"items_purged":["Pain","Strike_G","Shame","Doubt"],"score":2796,"play_id":"e051f1c3-0900-4d05-b6d3-5e08ab954c50","local_time":"20190506004901","is_ascension_mode":true,"campfire_choices":[{"data":"Skewer","floor":7.0,"key":"SMITH"},{"data":"Well Laid Plans","floor":15.0,"key":"SMITH"},{"data":"Finisher","floor":24.0,"key":"SMITH"},{"data":"Malaise","floor":29.0,"key":"SMITH"},{"floor":32.0,"key":"REST"},{"floor":41.0,"key":"RECALL"},{"data":"Footwork","floor":45.0,"key":"SMITH"},{"data":"Burst","floor":49.0,"key":"SMITH"},{"floor":53.0,"key":"REST"}],"neow_cost":"NONE","seed_source_timestamp":85851135850600,"circlet_count":0,"master_deck":["AscendersBane","Defend_G","Defend_G","Defend_G","Defend_G","Survivor","Neutralize+1","Cloak And Dagger","PiercingWail","Skewer+1","Escape Plan","Finisher+1","Caltrops","Well Laid Plans+1","Venomology","Malaise+1","PiercingWail","Blade Dance","Backflip","Prepared+1","Bite","Bite+1","Bite","Bite","Bite+1","Bouncing Flask","Backflip+1","Burst+1","PiercingWail","Footwork+1","Outmaneuver+1","Backflip","Crippling Poison+1","Calculated Gamble","Accuracy+1","Bouncing Flask+1","Prepared+1"],"special_seed":0,"relics":["Ring of the Snake","NeowsBlessing","Golden Idol","Ninja Scroll","Pear","Mercury Hourglass","WarpedTongs","Cursed Key","Red Mask","Mummified Hand","Snake Skull","Runic Pyramid","Paper Crane","Potion Belt","Happy Flower","Molten Egg 2","Vajra","Whetstone"],"potions_floor_usage":[56,56,56,56],"damage_taken":[{"damage":0.0,"enemies":"2 Louse","floor":1.0,"turns":1.0},{"damage":0.0,"enemies":"Small Slimes","floor":5.0,"turns":1.0},{"damage":0.0,"enemies":"3 Sentries","floor":6.0,"turns":1.0},{"damage":21.0,"enemies":"Gremlin Nob","floor":8.0,"turns":4.0},{"damage":0.0,"enemies":"Cultist","floor":10.0,"turns":2.0},{"damage":6.0,"enemies":"Lagavulin","floor":11.0,"turns":5.0},{"damage":0.0,"enemies":"2 Fungi Beasts","floor":14.0,"turns":3.0},{"damage":27.0,"enemies":"Slime Boss","floor":16.0,"turns":9.0},{"damage":4.0,"enemies":"Shell Parasite","floor":18.0,"turns":4.0},{"damage":2.0,"enemies":"Masked Bandits","floor":19.0,"turns":4.0},{"damage":0.0,"enemies":"3 Byrds","floor":22.0,"turns":3.0},{"damage":7.0,"enemies":"Slavers","floor":23.0,"turns":5.0},{"damage":17.0,"enemies":"Book of Stabbing","floor":25.0,"turns":7.0},{"damage":5.0,"enemies":"Centurion and Healer","floor":27.0,"turns":5.0},{"damage":2.0,"enemies":"Shelled Parasite and Fungi","floor":31.0,"turns":5.0},{"damage":18.0,"enemies":"Automaton","floor":33.0,"turns":12.0},{"damage":10.0,"enemies":"3 Darklings","floor":35.0,"turns":5.0},{"damage":4.0,"enemies":"Orb Walker","floor":36.0,"turns":3.0},{"damage":8.0,"enemies":"Sphere and 2 Shapes","floor":38.0,"turns":7.0},{"damage":4.0,"enemies":"3 Darklings","floor":39.0,"turns":6.0},{"damage":2.0,"enemies":"Nemesis","floor":40.0,"turns":11.0},{"damage":0.0,"enemies":"4 Shapes","floor":44.0,"turns":6.0},{"damage":21.0,"enemies":"Giant Head","floor":46.0,"turns":8.0},{"damage":2.0,"enemies":"Maw","floor":47.0,"turns":9.0},{"damage":5.0,"enemies":"Nemesis","floor":48.0,"turns":9.0},{"damage":59.0,"enemies":"Donu and Deca","floor":50.0,"turns":10.0},{"damage":64.0,"enemies":"Time Eater","floor":51.0,"turns":15.0},{"damage":6.0,"enemies":"Shield and Spear","floor":55.0,"turns":7.0},{"damage":75,"enemies":"The Heart","floor":56,"turns":12}],"seed_played":"-5659724773018037326","potions_obtained":[{"floor":6.0,"key":"SkillPotion"},{"floor":8.0,"key":"SteroidPotion"},{"floor":11.0,"key":"SpeedPotion"},{"floor":19.0,"key":"Strength Potion"},{"floor":22.0,"key":"Swift Potion"},{"floor":46.0,"key":"GamblersBrew"},{"floor":55.0,"key":"Regen Potion"}],"is_trial":false,"path_per_floor":["M","$","?","?","M","E","R","E","T","M","E","?","$","M","R","B",null,"M","?","?","$","M","E","R","E","T","M","?","R","?","M","R","B",null,"M","M","?","M","M","E","R","$","T","M","R","E","M","E","R","B","B",null,"R","$","E","B",null],"character_chosen":"THE_SILENT","items_purchased":["PiercingWail","Well Laid Plans","Backflip","Potion Belt","EntropicBrew","Fire Potion"],"campfire_rested":2,"item_purchase_floors":[2,13,21,42,42,54],"current_hp_per_floor":[59,59,59,59,59,59,59,38,48,50,46,46,46,48,48,23,58,56,56,56,56,58,53,53,38,38,35,35,35,35,43,64,70,70,67,70,63,69,70,70,70,70,70,70,70,61,70,70,70,49,16,57,70,70,70,22],"gold":57,"neow_bonus":"THREE_ENEMY_KILL","is_prod":false,"is_daily":false,"chose_seed":false,"campfire_upgraded":6,"win_rate":0,"timestamp":1557096541,"path_taken":["M","$","?","?","M","E","R","E","T","M","E","?","$","M","R","BOSS","M","?","?","$","M","E","R","E","T","?","?","R","?","M","R","BOSS","M","M","?","?","M","E","R","$","T","M","R","E","?","E","R","BOSS","BOSS","R","$","E","BOSS"],"build_version":"2019-01-23","purchased_purges":4,"victory":true,"max_hp_per_floor":[66,66,60,60,60,60,60,60,70,70,70,70,70,70,70,70,70,70,70,70,70,70,70,70,70,70,70,70,70,70,70,70,70,70,70,70,70,70,70,70,70,70,70,70,70,70,70,70,70,70,70,70,70,70,70,70],"card_choices":[{"not_picked":["Dodge and Roll","Slice"],"picked":"Cloak And Dagger","floor":1.0},{"not_picked":["All Out Attack","Calculated Gamble"],"picked":"Skewer","floor":5.0},{"not_picked":["Slice","Blur"],"picked":"Escape Plan","floor":6.0},{"not_picked":["Reflex","All Out Attack"],"picked":"Finisher","floor":8.0},{"not_picked":["Deadly Poison","Flechettes","Outmaneuver"],"picked":"SKIP","floor":10.0},{"not_picked":["Masterful Stab","Terror"],"picked":"Caltrops","floor":11.0},{"not_picked":["Bane","Dagger Spray"],"picked":"Venomology","floor":14.0},{"not_picked":["Venomology","Night Terror"],"picked":"Malaise","floor":16.0},{"not_picked":["Eviscerate","Outmaneuver"],"picked":"PiercingWail","floor":18.0},{"not_picked":["All Out Attack","Skewer"],"picked":"Blade Dance","floor":19.0},{"not_picked":["Cloak And Dagger","Slice"],"picked":"Prepared+1","floor":22.0},{"not_picked":["Tactician","Poisoned Stab","All Out Attack"],"picked":"SKIP","floor":23.0},{"not_picked":["Sucker Punch","Slice","Grand Finale"],"picked":"SKIP","floor":25.0},{"not_picked":["Dodge and Roll","Skewer+1","Deflect"],"picked":"SKIP","floor":27.0},{"not_picked":["Poisoned Stab","Dagger Spray"],"picked":"Backflip+1","floor":31.0},{"not_picked":["Doppelganger","Night Terror"],"picked":"Burst","floor":33.0},{"not_picked":["Predator","Dagger Throw"],"picked":"PiercingWail","floor":35.0},{"not_picked":["Cloak And Dagger+1","Endless Agony"],"picked":"Footwork","floor":36.0},{"not_picked":["Slice","Expertise"],"picked":"Outmaneuver+1","floor":38.0},{"not_picked":["Quick Slash","Outmaneuver+1"],"picked":"Backflip","floor":39.0},{"not_picked":["Riddle With Holes","Well Laid Plans"],"picked":"Crippling Poison+1","floor":40.0},{"not_picked":["Quick Slash","Slice"],"picked":"Calculated Gamble","floor":44.0},{"not_picked":["Sucker Punch","Leg Sweep","Deflect"],"picked":"SKIP","floor":46.0},{"not_picked":["Eviscerate+1","Poisoned Stab+1"],"picked":"Accuracy+1","floor":47.0},{"not_picked":["Crippling Poison+1","Outmaneuver"],"picked":"Bouncing Flask+1","floor":48.0},{"not_picked":["Finisher+1","Poisoned Stab+1"],"picked":"Prepared+1","floor":55.0}],"player_experience":642198,"relics_obtained":[{"floor":6.0,"key":"Ninja Scroll"},{"floor":8.0,"key":"Blood Vial"},{"floor":9.0,"key":"Pear"},{"floor":11.0,"key":"Mercury Hourglass"},{"floor":19.0,"key":"Red Mask"},{"floor":23.0,"key":"Mummified Hand"},{"floor":25.0,"key":"Snake Skull"},{"floor":40.0,"key":"Paper Crane"},{"floor":43.0,"key":"Happy Flower"},{"floor":46.0,"key":"Molten Egg 2"},{"floor":48.0,"key":"Vajra"},{"floor":55.0,"key":"Whetstone"}],"event_choices":[{"damage_healed":0.0,"max_hp_gain":0.0,"max_hp_loss":6.0,"gold_gain":0.0,"event_name":"Golden Idol","player_choice":"Lose Max HP","floor":3.0,"gold_loss":0.0,"damage_taken":0.0,"relics_obtained":["Golden Idol"]},{"damage_healed":0.0,"max_hp_gain":0.0,"max_hp_loss":0.0,"gold_gain":0.0,"event_name":"Living Wall","player_choice":"Grow","floor":4.0,"gold_loss":0.0,"damage_taken":0.0,"cards_upgraded":["Neutralize"]},{"damage_healed":0.0,"max_hp_gain":0.0,"max_hp_loss":0.0,"gold_gain":0.0,"event_name":"Accursed Blacksmith","player_choice":"Rummage","floor":12.0,"gold_loss":0.0,"damage_taken":0.0,"relics_obtained":["WarpedTongs"],"cards_obtained":["Pain"]},{"damage_healed":0.0,"max_hp_gain":0.0,"max_hp_loss":0.0,"gold_gain":0.0,"event_name":"Masked Bandits","player_choice":"Fought Bandits","floor":19.0,"gold_loss":0.0,"damage_taken":0.0},{"cards_removed":["Strike_G"],"damage_healed":0.0,"max_hp_gain":0.0,"max_hp_loss":0.0,"gold_gain":0.0,"event_name":"Purifier","player_choice":"Purged","floor":20.0,"gold_loss":0.0,"damage_taken":0.0},{"damage_healed":0.0,"max_hp_gain":0.0,"max_hp_loss":0.0,"gold_gain":0.0,"event_name":"Vampires","player_choice":"Became a vampire (Vial)","floor":28.0,"relics_lost":["Blood Vial"],"gold_loss":0.0,"damage_taken":0.0,"cards_obtained":["Bite","Bite","Bite","Bite","Bite"]},{"damage_healed":0.0,"max_hp_gain":0.0,"max_hp_loss":0.0,"gold_gain":0.0,"cards_transformed":["Defend_G"],"event_name":"Transmorgrifier","player_choice":"Transformed","floor":30.0,"gold_loss":0.0,"damage_taken":0.0,"cards_obtained":["Bouncing Flask"]},{"damage_healed":0.0,"max_hp_gain":0.0,"max_hp_loss":0.0,"gold_gain":50.0,"event_name":"FaceTrader","player_choice":"Touch","floor":37.0,"gold_loss":0.0,"damage_taken":7.0}],"is_beta":false,"boss_relics":[{"not_picked":["Busted Crown","Ectoplasm"],"picked":"Cursed Key"},{"not_picked":["Black Star","Snecko Eye"],"picked":"Runic Pyramid"}],"items_purged_floors":[13,21,42,54],"is_endless":false,"potions_floor_spawned":[6,8,11,14,19,22,23,35,36,38,46,55],"ascension_level":20}