{"gold_per_floor":[114,114,128,128,36,68,68,78,131,131,131,131,95,115,115,115],"floor_reached":16,"playtime":500,"items_purged":[],"score":137,"play_id":"4bc20572-6e9a-4bfb-8b5b-ae988e2676d4","local_time":"20190110193641","is_ascension_mode":true,"campfire_choices":[{"data":"Entrench","floor":7,"key":"SMITH"},{"data":"Whirlwind","floor":10,"key":"SMITH"},{"data":"Flex","floor":15,"key":"SMITH"}],"neow_cost":"NONE","seed_source_timestamp":499824594548857,"circlet_count":0,"master_deck":["Strike_R","Strike_R","Strike_R","Strike_R","Strike_R","Defend_R","Defend_R","Defend_R","Defend_R","Bash+1","Flex+1","Whirlwind+1","Cleave","Entrench+1","Body Slam+1"],"relics":["Burning Blood","Oddly Smooth Stone","CultistMask","Potion Belt","Dream Catcher","Frozen Egg 2","Molten Egg 2"],"potions_floor_usage":[16,16,16],"damage_taken":[{"damage":0,"enemies":"Jaw Worm","floor":1,"turns":5},{"damage":4,"enemies":"Cultist","floor":3,"turns":4},{"damage":50,"enemies":"Gremlin Nob","floor":6,"turns":5},{"damage":2,"enemies":"Small Slimes","floor":8,"turns":3},{"damage":0,"enemies":"3 Louse","floor":14,"turns":2},{"damage":53,"enemies":"Slime Boss","floor":16,"turns":12}],"seed_played":"-7309216286701861464","potions_obtained":[{"floor":1,"key":"BloodPotion"},{"floor":6,"key":"FearPotion"},{"floor":14,"key":"Weak Potion"}],"is_trial":false,"path_per_floor":["M","?","M","?","$","E","R","M","T","R","?","T","?","M","R","B"],"character_chosen":"IRONCLAD","items_purchased":["Whirlwind","Cleave"],"campfire_rested":0,"item_purchase_floors":[5,5],"current_hp_per_floor":[78,78,80,80,80,36,36,40,40,40,37,37,37,43,43,0],"gold":115,"neow_bonus":"RANDOM_COMMON_RELIC","is_prod":false,"is_daily":false,"chose_seed":false,"campfire_upgraded":3,"win_rate":0,"timestamp":1547116601,"path_taken":["M","?","?","?","$","E","R","M","T","R","?","?","?","M","R","BOSS"],"build_version":"2019-01-03v4","purchased_purges":0,"victory":false,"max_hp_per_floor":[80,80,80,80,80,80,80,80,80,80,80,80,80,80,80,80],"card_choices":[{"not_picked":["Blood for Blood","Sentinel","Clash"],"picked":"SKIP","floor":1},{"not_picked":["Second Wind","Twin Strike"],"picked":"Flex","floor":3},{"not_picked":["Twin Strike","Headbutt"],"picked":"Entrench","floor":6},{"not_picked":["Flex","Clothesline","Clash"],"picked":"SKIP","floor":8},{"not_picked":["Twin Strike+1","Anger+1"],"picked":"Body Slam+1","floor":14}],"player_experience":356867,"relics_obtained":[{"floor":6,"key":"Potion Belt"},{"floor":9,"key":"Dream Catcher"},{"floor":12,"key":"Molten Egg 2"}],"event_choices":[{"damage_healed":0,"gold_gain":0,"player_choice":"Trade","damage_taken":0,"relics_obtained":["CultistMask"],"max_hp_gain":0,"max_hp_loss":0,"event_name":"FaceTrader","floor":2,"gold_loss":0},{"damage_healed":0,"gold_gain":0,"player_choice":"Grow","damage_taken":0,"max_hp_gain":0,"max_hp_loss":0,"event_name":"Living Wall","floor":4,"gold_loss":0,"cards_upgraded":["Bash"]},{"damage_healed":0,"gold_gain":0,"player_choice":"Success","damage_taken":3,"relics_obtained":["Frozen Egg 2"],"max_hp_gain":0,"max_hp_loss":0,"event_name":"Scrap Ooze","floor":11,"gold_loss":0},{"damage_healed":0,"gold_gain":0,"player_choice":"Left Gold","damage_taken":0,"max_hp_gain":0,"max_hp_loss":0,"event_name":"World of Goop","floor":13,"gold_loss":36}],"is_beta":false,"boss_relics":[],"items_purged_floors":[],"is_endless":false,"potions_floor_spawned":[1,6,14],"killed_by":"Slime Boss","ascension_level":8}