{"gold_per_floor":[112,112,187,212,6,44,44,79,79,79,118,118,118,143,143,143],"floor_reached":16,"playtime":501,"items_purged":["Strike_G"],"score":174,"play_id":"62f3c48c-6521-4849-af3e-799830192ef2","local_time":"20190331142150","is_ascension_mode":true,"campfire_choices":[{"floor":7,"key":"REST"},{"floor":10,"key":"REST"},{"floor":13,"key":"REST"},{"floor":15,"key":"REST"}],"neow_cost":"NONE","seed_source_timestamp":574820674913253,"circlet_count":0,"master_deck":["AscendersBane","Defend_G","Defend_G","Defend_G","Defend_G","Defend_G","Strike_G","Strike_G","Strike_G","Survivor","Neutralize","Finisher","Dodge and Roll","Caltrops","Dagger Spray","Deadly Poison","Poisoned Stab","Backflip"],"relics":["Ring of the Snake","Golden Idol","Bottled Tornado","Vajra","Blue Candle","Oddly Smooth Stone"],"potions_floor_usage":[6],"damage_taken":[{"damage":1,"enemies":"Cultist","floor":1,"turns":4},{"damage":0,"enemies":"2 Louse","floor":4,"turns":2},{"damage":28,"enemies":"3 Sentries","floor":6,"turns":9},{"damage":45,"enemies":"Gremlin Nob","floor":8,"turns":5},{"damage":29,"enemies":"3 Sentries","floor":11,"turns":7},{"damage":12,"enemies":"Small Slimes","floor":14,"turns":2},{"damage":31,"enemies":"The Guardian","floor":16,"turns":3}],"seed_played":"8224134567295496696","potions_obtained":[{"floor":1,"key":"Fruit Juice"},{"floor":14,"key":"AttackPotion"}],"is_trial":false,"path_per_floor":["M","?","?","M","$","E","R","E","T","R","E","?","R","M","R","B"],"character_chosen":"THE_SILENT","items_purchased":["Caltrops","Dagger Spray"],"campfire_rested":4,"item_purchase_floors":[5,5],"current_hp_per_floor":[69,69,58,58,58,35,57,12,12,34,5,5,27,15,37,6],"gold":143,"neow_bonus":"TEN_PERCENT_HP_BONUS","is_prod":false,"is_daily":false,"chose_seed":false,"campfire_upgraded":0,"win_rate":0,"timestamp":1554034910,"path_taken":["M","?","?","M","$","E","R","E","T","R","E","?","R","M","R","BOSS"],"build_version":"2019-01-23","purchased_purges":1,"victory":false,"max_hp_per_floor":[77,71,71,71,71,76,76,76,76,76,76,76,76,76,76,76],"card_choices":[{"not_picked":["Riddle With Holes","Flying Knee"],"picked":"Finisher","floor":1},{"not_picked":["Flechettes","Prepared"],"picked":"Dodge and Roll","floor":4},{"not_picked":["Terror","Underhanded Strike"],"picked":"Deadly Poison","floor":6},{"not_picked":["Masterful Stab","Burst"],"picked":"Poisoned Stab","floor":8},{"not_picked":["Deadly Poison","Riddle With Holes"],"picked":"Backflip","floor":11},{"not_picked":["Dagger Spray","All Out Attack","Eviscerate"],"picked":"SKIP","floor":14}],"player_experience":398038,"relics_obtained":[{"floor":6,"key":"Bottled Tornado"},{"floor":8,"key":"Vajra"},{"floor":9,"key":"Blue Candle"},{"floor":11,"key":"Oddly Smooth Stone"}],"event_choices":[{"damage_healed":0,"gold_gain":0,"player_choice":"Lose Max HP","damage_taken":0,"relics_obtained":["Golden Idol"],"max_hp_gain":0,"max_hp_loss":6,"event_name":"Golden Idol","floor":2,"gold_loss":0},{"damage_healed":0,"gold_gain":75,"player_choice":"Gather Gold","damage_taken":11,"max_hp_gain":0,"max_hp_loss":0,"event_name":"World of Goop","floor":3,"gold_loss":0},{"cards_removed":["Strike_G"],"damage_healed":0,"gold_gain":0,"player_choice":"Forget","damage_taken":0,"max_hp_gain":0,"max_hp_loss":0,"event_name":"Living Wall","floor":12,"gold_loss":0}],"is_beta":false,"boss_relics":[],"items_purged_floors":[5],"is_endless":false,"potions_floor_spawned":[1,14],"killed_by":"The Guardian","ascension_level":10}