{"gold_per_floor":[362,86,104,114,14,14,48,64,64,77,77,93,93,107,107,184,184,201,211,211],"floor_reached":20,"playtime":964,"items_purged":["Clumsy","Strike_B"],"score":356,"play_id":"ee5fec67-e00c-4dd5-81d3-b26737ca52b2","local_time":"20190505201502","is_ascension_mode":true,"campfire_choices":[{"data":"Defragment","floor":6,"key":"SMITH"},{"data":"Consume","floor":11,"key":"SMITH"},{"data":"Zap","floor":13,"key":"SMITH"},{"floor":15,"key":"REST"}],"neow_cost":"CURSE","seed_source_timestamp":572673976847100,"circlet_count":0,"master_deck":["AscendersBane","Strike_B","Strike_B","Strike_B","Defend_B","Defend_B","Defend_B","Defend_B","Zap+1","Dualcast","Barrage","Defragment+1","Sweeping Beam","Conserve Battery","Cold Snap","Compile Driver","Consume+1","Self Repair","Conserve Battery","Echo Form","Go for the Eyes","Undo"],"relics":["Cracked Core","StoneCalendar","WingedGreaves","Cursed Key"],"potions_floor_usage":[8,8,16,19,20],"damage_taken":[{"damage":2,"enemies":"Cultist","floor":1,"turns":4},{"damage":9,"enemies":"Jaw Worm","floor":3,"turns":4},{"damage":0,"enemies":"Small Slimes","floor":4,"turns":2},{"damage":11,"enemies":"3 Sentries","floor":7,"turns":8},{"damage":0,"enemies":"Exordium Wildlife","floor":8,"turns":2},{"damage":1,"enemies":"Looter","floor":10,"turns":4},{"damage":1,"enemies":"2 Fungi Beasts","floor":12,"turns":4},{"damage":13,"enemies":"3 Louse","floor":14,"turns":2},{"damage":32,"enemies":"Slime Boss","floor":16,"turns":7},{"damage":34,"enemies":"3 Byrds","floor":18,"turns":5},{"damage":19,"enemies":"Spheric Guardian","floor":19,"turns":6},{"damage":24,"enemies":"Snake Plant","floor":20,"turns":4}],"seed_played":"-4458014492103068292","potions_obtained":[{"floor":1,"key":"Block Potion"},{"floor":8,"key":"Poison Potion"},{"floor":18,"key":"EssenceOfSteel"},{"floor":19,"key":"SkillPotion"}],"is_trial":false,"path_per_floor":["M","$","M","M","$","R","E","M","T","M","R","M","R","M","R","B",null,"M","M","M"],"character_chosen":"DEFECT","items_purchased":["Defragment","Sweeping Beam","Explosive Potion"],"campfire_rested":1,"item_purchase_floors":[2,2,2],"current_hp_per_floor":[62,62,53,53,53,53,42,42,42,41,41,47,47,41,62,37,63,43,24,0],"gold":211,"neow_bonus":"TWO_FIFTY_GOLD","is_prod":false,"is_daily":false,"chose_seed":false,"campfire_upgraded":3,"win_rate":0,"timestamp":1557054902,"path_taken":["M","$","M","M","?","R","E","M","T","M","R","M","R","M","R","BOSS","M","M","M"],"build_version":"2019-01-23","purchased_purges":2,"victory":false,"max_hp_per_floor":[71,71,71,71,71,71,71,71,71,71,71,71,71,71,71,71,71,71,71,71],"card_choices":[{"not_picked":["Streamline","Gash"],"picked":"Barrage","floor":1},{"not_picked":["Sweeping Beam","Rebound"],"picked":"Conserve Battery","floor":3},{"not_picked":["Melter","Reboot"],"picked":"Cold Snap","floor":4},{"not_picked":["Barrage","Redo"],"picked":"Compile Driver","floor":7},{"not_picked":["Compile Driver","Gash"],"picked":"Consume","floor":8},{"not_picked":["Rebound","Double Energy"],"picked":"Self Repair","floor":10},{"not_picked":["Steam","Compile Driver"],"picked":"Conserve Battery","floor":12},{"not_picked":["Tempest","Sunder","Consume"],"picked":"SKIP","floor":14},{"not_picked":["Meteor Strike","Multi-Cast"],"picked":"Echo Form","floor":16},{"not_picked":["Darkness","Barrage"],"picked":"Go for the Eyes","floor":18},{"not_picked":["Coolheaded","Cold Snap"],"picked":"Undo","floor":19}],"player_experience":1239443,"relics_obtained":[{"floor":7,"key":"StoneCalendar"},{"floor":9,"key":"WingedGreaves"}],"event_choices":[],"is_beta":false,"boss_relics":[{"not_picked":["Tiny House","Velvet Choker"],"picked":"Cursed Key"}],"items_purged_floors":[2,5],"is_endless":false,"potions_floor_spawned":[1,4,8,18,19],"killed_by":"Snake Plant","ascension_level":20}