{"gold_per_floor":[363,39,39,39,56,56,87,105,105,116,19,19,19],"floor_reached":13,"playtime":499,"items_purged":[],"score":166,"play_id":"88c3d6b2-f79a-47bf-b2fc-46bd6f2ba607","local_time":"20190408142442","is_ascension_mode":true,"campfire_choices":[{"data":"Malaise","floor":6,"key":"SMITH"}],"neow_cost":"CURSE","seed_source_timestamp":885200485293192,"circlet_count":0,"master_deck":["AscendersBane","Defend_G","Defend_G","Defend_G","Defend_G","Defend_G","Strike_G","Strike_G","Strike_G","Strike_G","Strike_G","Survivor","Neutralize","Caltrops","Malaise+1","Deadly Poison","Noxious Fumes","Poisoned Stab","Dash","Dodge and Roll"],"relics":["Ring of the Snake","Art of War","GremlinMask","Ninja Scroll","Letter Opener"],"potions_floor_usage":[7,10],"damage_taken":[{"damage":0,"enemies":"2 Louse","floor":1,"turns":3},{"damage":3,"enemies":"Cultist","floor":5,"turns":5},{"damage":35,"enemies":"Gremlin Nob","floor":7,"turns":5},{"damage":0,"enemies":"Jaw Worm","floor":8,"turns":4},{"damage":3,"enemies":"Exordium Wildlife","floor":10,"turns":5},{"damage":19,"enemies":"Exordium Thugs","floor":13,"turns":7}],"seed_played":"8011275205375022560","potions_obtained":[{"floor":1,"key":"Swift Potion"},{"floor":8,"key":"Fire Potion"}],"is_trial":false,"path_per_floor":["M","$","?","?","M","R","E","M","T","M","$","?","M"],"character_chosen":"THE_SILENT","items_purchased":["Art of War","Malaise","Dash","Dodge and Roll"],"campfire_rested":0,"item_purchase_floors":[2,2,11,11],"current_hp_per_floor":[59,59,59,59,56,56,21,21,21,18,18,18,0],"gold":19,"neow_bonus":"TWO_FIFTY_GOLD","is_prod":false,"is_daily":false,"chose_seed":false,"campfire_upgraded":1,"win_rate":0,"timestamp":1554701082,"path_taken":["M","$","?","?","M","R","E","?","T","M","$","?","M"],"build_version":"2019-01-23","purchased_purges":0,"victory":false,"max_hp_per_floor":[66,66,66,66,66,66,66,66,66,66,66,66,66],"card_choices":[{"not_picked":["Dagger Spray","Bane"],"picked":"Caltrops","floor":1},{"not_picked":["Underhanded Strike","Flying Knee"],"picked":"Deadly Poison","floor":5},{"not_picked":["Underhanded Strike","Unload"],"picked":"Noxious Fumes","floor":7},{"not_picked":["Terror","Outmaneuver"],"picked":"Poisoned Stab","floor":8},{"not_picked":["Prepared","Skewer","Flying Knee"],"picked":"SKIP","floor":10}],"player_experience":861157,"relics_obtained":[{"floor":7,"key":"Ninja Scroll"},{"floor":9,"key":"Letter Opener"}],"event_choices":[{"cards_removed":["Decay"],"damage_healed":0,"gold_gain":0,"player_choice":"Forget","damage_taken":0,"max_hp_gain":0,"max_hp_loss":0,"event_name":"Living Wall","floor":3,"gold_loss":0},{"damage_healed":0,"gold_gain":0,"player_choice":"Trade","damage_taken":0,"relics_obtained":["GremlinMask"],"max_hp_gain":0,"max_hp_loss":0,"event_name":"FaceTrader","floor":4,"gold_loss":0},{"damage_healed":0,"gold_gain":0,"player_choice":"Searched \u00270\u0027 times","damage_taken":0,"max_hp_gain":0,"max_hp_loss":0,"event_name":"Dead Adventurer","floor":12,"gold_loss":0}],"is_beta":false,"boss_relics":[],"items_purged_floors":[],"is_endless":false,"potions_floor_spawned":[1,8],"killed_by":"Exordium Thugs","ascension_level":20}