{"gold_per_floor":[114,132,132,207,207,207,238,238,238,257,267,80,90,102,102,102],"floor_reached":16,"playtime":386,"items_purged":[],"score":199,"play_id":"872472aa-c00f-429f-91cd-83ae7098e4fb","local_time":"20190401011625","is_ascension_mode":true,"campfire_choices":[{"data":"Anger","floor":6,"key":"SMITH"},{"data":"Shockwave","floor":8,"key":"SMITH"},{"data":"Good Instincts","floor":15,"key":"SMITH"}],"neow_cost":"NONE","seed_source_timestamp":93689034509300,"circlet_count":0,"master_deck":["AscendersBane","Strike_R","Strike_R","Strike_R","Defend_R","Defend_R","Defend_R","Defend_R","Bash","Anger+1","Battle Trance","Shockwave+1","Burning Pact","Metallicize","Good Instincts+1","Disarm"],"relics":["Burning Blood","Regal Pillow","Vajra","Calipers"],"potions_floor_usage":[7,16],"damage_taken":[{"damage":2,"enemies":"2 Louse","floor":1,"turns":3},{"damage":7,"enemies":"Jaw Worm","floor":2,"turns":3},{"damage":32,"enemies":"Gremlin Nob","floor":7,"turns":4},{"damage":6,"enemies":"Cultist","floor":10,"turns":3},{"damage":5,"enemies":"3 Louse","floor":11,"turns":4},{"damage":3,"enemies":"Looter","floor":13,"turns":4},{"damage":1,"enemies":"Red Slaver","floor":14,"turns":4},{"damage":55,"enemies":"Slime Boss","floor":16,"turns":10}],"seed_played":"5217910533628588786","potions_obtained":[{"floor":2,"key":"Regen Potion"},{"floor":10,"key":"SkillPotion"},{"floor":13,"key":"SpeedPotion"}],"is_trial":false,"path_per_floor":["M","M","?","?","?","R","E","R","T","M","M","$","M","M","R","B"],"character_chosen":"IRONCLAD","items_purchased":["Metallicize","Good Instincts"],"campfire_rested":0,"item_purchase_floors":[12,12],"current_hp_per_floor":[72,71,64,53,53,53,36,36,36,36,37,37,40,45,45,0],"gold":102,"neow_bonus":"RANDOM_COMMON_RELIC","is_prod":false,"is_daily":false,"chose_seed":false,"campfire_upgraded":3,"win_rate":0,"timestamp":1554074185,"path_taken":["M","M","?","?","?","R","E","R","T","M","M","$","M","?","R","BOSS"],"build_version":"2019-01-23","purchased_purges":0,"victory":false,"max_hp_per_floor":[75,75,75,75,75,75,75,75,75,75,75,75,75,75,75,75],"card_choices":[{"not_picked":["True Grit","Sword Boomerang"],"picked":"Anger","floor":1},{"not_picked":["Reckless Charge","Wild Strike"],"picked":"Battle Trance","floor":2},{"not_picked":["Offering","Seeing Red"],"picked":"Shockwave","floor":7},{"not_picked":["Bloodletting","Infernal Blade","Twin Strike"],"picked":"SKIP","floor":10},{"not_picked":["Armaments","Sword Boomerang"],"picked":"Burning Pact","floor":11},{"not_picked":["Clothesline","Sword Boomerang","Second Wind"],"picked":"SKIP","floor":13},{"not_picked":["Feel No Pain","Evolve"],"picked":"Disarm","floor":14}],"player_experience":507100,"relics_obtained":[{"floor":7,"key":"Vajra"},{"floor":9,"key":"Calipers"}],"event_choices":[{"cards_removed":["Strike_R"],"damage_healed":0,"gold_gain":0,"player_choice":"Card Removal","damage_taken":7,"max_hp_gain":0,"max_hp_loss":0,"event_name":"Golden Wing","floor":3,"gold_loss":0},{"damage_healed":0,"gold_gain":75,"player_choice":"Gather Gold","damage_taken":11,"max_hp_gain":0,"max_hp_loss":0,"event_name":"World of Goop","floor":4,"gold_loss":0},{"cards_removed":["Strike_R"],"damage_healed":0,"gold_gain":0,"player_choice":"Purged","damage_taken":0,"max_hp_gain":0,"max_hp_loss":0,"event_name":"Purifier","floor":5,"gold_loss":0}],"is_beta":false,"boss_relics":[],"items_purged_floors":[],"is_endless":false,"potions_floor_spawned":[2,10,13],"killed_by":"Slime Boss","ascension_level":19}