{"gold_per_floor":[113,113,113,113,129,162,175,44,118,118,118,142,163,238,238,337,337,351,376,376,400,7,7,50,74,74,93,93,106,0,24,24,24],"floor_reached":33,"playtime":1570,"items_purged":[],"score":588,"play_id":"90130434-c720-4d08-a15d-0396a2aef66d","local_time":"20190419210426","is_ascension_mode":true,"campfire_choices":[{"data":"Neutralize","floor":11,"key":"SMITH"},{"floor":15,"key":"REST"},{"floor":23,"key":"REST"},{"floor":28,"key":"REST"},{"floor":32,"key":"REST"}],"neow_cost":"NONE","seed_source_timestamp":45065339513262,"circlet_count":0,"master_deck":["AscendersBane","Defend_G","Defend_G","Defend_G","Defend_G","Defend_G","Strike_G","Strike_G","Strike_G","Survivor","Neutralize+1","Crippling Poison","Bane","Poisoned Stab","Dash","Caltrops","Terror","Quick Slash","Deadly Poison","Malaise","Backflip+1","Crippling Poison","Catalyst","Well Laid Plans"],"relics":["Ring of the Snake","NeowsBlessing","Golden Idol","Snake Skull","Happy Flower","Velvet Choker","Chemical X","Smiling Mask","Question Card"],"potions_floor_usage":[16,21,22,24,24,25,29,31],"damage_taken":[{"damage":0,"enemies":"Small Slimes","floor":1,"turns":1},{"damage":0,"enemies":"2 Louse","floor":5,"turns":1},{"damage":0,"enemies":"Lagavulin","floor":6,"turns":1},{"damage":0,"enemies":"Cultist","floor":7,"turns":3},{"damage":4,"enemies":"Blue Slaver","floor":12,"turns":4},{"damage":11,"enemies":"Large Slime","floor":13,"turns":6},{"damage":19,"enemies":"Hexaghost","floor":16,"turns":10},{"damage":3,"enemies":"Shell Parasite","floor":18,"turns":6},{"damage":14,"enemies":"Spheric Guardian","floor":19,"turns":5},{"damage":20,"enemies":"Centurion and Healer","floor":21,"turns":8},{"damage":28,"enemies":"Slavers","floor":24,"turns":7},{"damage":4,"enemies":"3 Cultists","floor":25,"turns":6},{"damage":0,"enemies":"Snecko","floor":27,"turns":8},{"damage":32,"enemies":"Shelled Parasite and Fungi","floor":29,"turns":7},{"damage":0,"enemies":"Snake Plant","floor":31,"turns":4},{"damage":37,"enemies":"Automaton","floor":33,"turns":6}],"seed_played":"-4618086877619795610","potions_obtained":[{"floor":1,"key":"Ancient Potion"},{"floor":5,"key":"SkillPotion"},{"floor":16,"key":"EssenceOfSteel"},{"floor":24,"key":"SpeedPotion"},{"floor":27,"key":"Regen Potion"},{"floor":29,"key":"SpeedPotion"}],"is_trial":false,"path_per_floor":["M","?","?","?","M","E","M","$","T","?","R","M","M","?","R","B",null,"M","M","?","M","$","R","E","M","T","M","R","M","?","M","R","B"],"character_chosen":"THE_SILENT","items_purchased":["Caltrops","Terror","Chemical X","Fruit Juice","Energy Potion"],"campfire_rested":4,"item_purchase_floors":[8,8,22,22,22],"current_hp_per_floor":[59,59,41,34,34,34,34,34,34,34,34,30,19,8,26,7,47,44,30,30,10,15,34,6,2,2,2,21,4,4,4,23,0],"gold":24,"neow_bonus":"THREE_ENEMY_KILL","is_prod":false,"is_daily":false,"chose_seed":false,"campfire_upgraded":1,"win_rate":0,"timestamp":1555675466,"path_taken":["M","?","?","?","M","E","M","?","T","?","R","M","?","?","R","BOSS","M","M","?","?","$","R","E","M","T","M","R","M","?","M","R","BOSS"],"build_version":"2019-01-23","purchased_purges":0,"victory":false,"max_hp_per_floor":[66,60,60,60,60,60,60,60,60,60,60,60,60,60,60,60,60,60,60,60,60,65,65,65,65,65,65,65,65,65,65,65,65],"card_choices":[{"not_picked":["Tactician","Sucker Punch"],"picked":"Crippling Poison","floor":1},{"not_picked":["Flying Knee","Slice"],"picked":"Bane","floor":5},{"not_picked":["Prepared","Bouncing Flask"],"picked":"Poisoned Stab","floor":6},{"not_picked":["Deflect","Quick Slash"],"picked":"Dash","floor":7},{"not_picked":["Outmaneuver","Flechettes"],"picked":"Quick Slash","floor":12},{"not_picked":["Dagger Spray","Catalyst"],"picked":"Deadly Poison","floor":13},{"not_picked":["Doppelganger","Night Terror"],"picked":"Malaise","floor":16},{"not_picked":["Caltrops","Finisher","Reflex"],"picked":"SKIP","floor":18},{"not_picked":["Expertise","Bouncing Flask","Infinite Blades"],"picked":"SKIP","floor":19},{"not_picked":["Underhanded Strike+1","Sucker Punch"],"picked":"Backflip+1","floor":21},{"not_picked":["Blade Dance","Terror","Bane"],"picked":"SKIP","floor":24},{"not_picked":["Bane","Infinite Blades"],"picked":"Crippling Poison","floor":25},{"not_picked":["Leg Sweep+1","Bane","Calculated Gamble"],"picked":"Catalyst","floor":27},{"not_picked":["Acrobatics","A Thousand Cuts","Heel Hook","Tactician"],"picked":"SKIP","floor":29},{"not_picked":["Acrobatics","Deflect","Deadly Poison"],"picked":"Well Laid Plans","floor":31}],"player_experience":995925,"relics_obtained":[{"floor":6,"key":"Happy Flower"},{"floor":24,"key":"Smiling Mask"},{"floor":26,"key":"Question Card"}],"event_choices":[{"damage_healed":0,"gold_gain":0,"player_choice":"Lose Max HP","damage_taken":0,"relics_obtained":["Golden Idol"],"max_hp_gain":0,"max_hp_loss":6,"event_name":"Golden Idol","floor":2,"gold_loss":0},{"damage_healed":0,"gold_gain":0,"player_choice":"Success","damage_taken":18,"relics_obtained":["Snake Skull"],"max_hp_gain":0,"max_hp_loss":0,"event_name":"Scrap Ooze","floor":3,"gold_loss":0},{"cards_removed":["Strike_G"],"damage_healed":0,"gold_gain":0,"player_choice":"Card Removal","damage_taken":7,"max_hp_gain":0,"max_hp_loss":0,"event_name":"Golden Wing","floor":4,"gold_loss":0},{"cards_removed":["Strike_G"],"damage_healed":0,"gold_gain":0,"player_choice":"Purged","damage_taken":0,"max_hp_gain":0,"max_hp_loss":0,"event_name":"Purifier","floor":10,"gold_loss":0},{"damage_healed":0,"gold_gain":75,"player_choice":"Gather Gold","damage_taken":11,"max_hp_gain":0,"max_hp_loss":0,"event_name":"World of Goop","floor":14,"gold_loss":0},{"damage_healed":0,"gold_gain":0,"player_choice":"0 cards matched","damage_taken":0,"max_hp_gain":0,"max_hp_loss":0,"event_name":"Match and Keep!","floor":20,"gold_loss":0,"cards_obtained":[]},{"damage_healed":0,"gold_gain":0,"player_choice":"Paid Fearfully","damage_taken":0,"max_hp_gain":0,"max_hp_loss":0,"event_name":"Masked Bandits","floor":30,"gold_loss":106}],"is_beta":false,"boss_relics":[{"not_picked":["Pandora\u0027s Box","HoveringKite"],"picked":"Velvet Choker"}],"items_purged_floors":[],"is_endless":false,"potions_floor_spawned":[1,5,16,24,27,29],"killed_by":"Automaton","ascension_level":20}