{"gold_per_floor":[115,131,151,165,165,165,196,208,243,269,281,312,324,361,373,510,522,552,564,304,324,43,43,43,68,68,92,112,135,178,191,191,320,320,336,349,365,380,480,480,495,520,520,321,340,373,20,34,34,34],"floor_reached":51,"playtime":6914,"items_purged":["Injury","Strike_G","Strike_G","Strike_G"],"score":981,"play_id":"5f200f2d-3a08-4190-85cc-0285fda711e8","local_time":"20181213220419","is_ascension_mode":true,"campfire_choices":[{"data":"Caltrops","floor":6.0,"key":"SMITH"},{"data":"Neutralize","floor":8.0,"key":"SMITH"},{"data":"Dagger Spray","floor":15.0,"key":"SMITH"},{"data":"Footwork","floor":23.0,"key":"SMITH"},{"floor":32.0,"key":"REST"},{"floor":40.0,"key":"REST"},{"floor":49,"key":"REST"}],"neow_cost":"NONE","seed_source_timestamp":0,"circlet_count":0,"master_deck":["Defend_G","Defend_G","Defend_G","Defend_G","Defend_G","Strike_G","Survivor","Neutralize+1","Caltrops+1","Quick Slash","Quick Slash","Leg Sweep","Dagger Spray+1","PiercingWail","Backflip","Leg Sweep","Burst","Riddle With Holes","Blur+1","Footwork+1","Dash+1","Cloak And Dagger","Dash","Venomology","Backstab","PiercingWail+1","Riddle With Holes"],"special_seed":0,"relics":["Ring of the Snake","MawBank","Vajra","Smiling Mask","Golden Idol","Snecko Eye","MutagenicStrength","Potion Belt","Omamori","Blood Vial","Dream Catcher","Fusion Hammer","Regal Pillow","Lantern","PreservedInsect","Lee\u0027s Waffle"],"potions_floor_usage":[46,46,46,46,48,50,50,50,50,50],"damage_taken":[{"damage":1.0,"enemies":"2 Louse","floor":1.0,"turns":3.0},{"damage":0.0,"enemies":"Jaw Worm","floor":2.0,"turns":5.0},{"damage":7.0,"enemies":"Small Slimes","floor":3.0,"turns":4.0},{"damage":9.0,"enemies":"2 Fungi Beasts","floor":4.0,"turns":4.0},{"damage":20.0,"enemies":"Gremlin Nob","floor":7.0,"turns":5.0},{"damage":2.0,"enemies":"Exordium Thugs","floor":10.0,"turns":4.0},{"damage":1.0,"enemies":"Exordium Wildlife","floor":12.0,"turns":3.0},{"damage":0.0,"enemies":"2 Fungi Beasts","floor":14.0,"turns":4.0},{"damage":18.0,"enemies":"Hexaghost","floor":16.0,"turns":9.0},{"damage":0.0,"enemies":"3 Byrds","floor":18.0,"turns":3.0},{"damage":0.0,"enemies":"2 Thieves","floor":21.0,"turns":3.0},{"damage":4.0,"enemies":"Cultist and Chosen","floor":25.0,"turns":7.0},{"damage":8.0,"enemies":"Centurion and Healer","floor":27.0,"turns":3.0},{"damage":0.0,"enemies":"Snake Plant","floor":28.0,"turns":3.0},{"damage":0.0,"enemies":"Sentry and Sphere","floor":29.0,"turns":5.0},{"damage":13.0,"enemies":"Gremlin Leader","floor":30.0,"turns":5.0},{"damage":0.0,"enemies":"Snecko","floor":31.0,"turns":6.0},{"damage":31.0,"enemies":"Collector","floor":33.0,"turns":17.0},{"damage":0.0,"enemies":"Orb Walker","floor":35.0,"turns":4.0},{"damage":0.0,"enemies":"3 Shapes","floor":36.0,"turns":6.0},{"damage":6.0,"enemies":"Writhing Mass","floor":37.0,"turns":10.0},{"damage":0.0,"enemies":"4 Shapes","floor":38.0,"turns":7.0},{"damage":12.0,"enemies":"Spire Growth","floor":41.0,"turns":7.0},{"damage":18.0,"enemies":"Writhing Mass","floor":42.0,"turns":6.0},{"damage":6.0,"enemies":"Maw","floor":45.0,"turns":10.0},{"damage":25,"enemies":"Reptomancer","floor":46,"turns":12},{"damage":23,"enemies":"Transient","floor":48,"turns":5},{"damage":55,"enemies":"Awakened One","floor":50,"turns":26}],"seed_played":"-4603652307588861341","potions_obtained":[{"floor":1.0,"key":"Explosive Potion"},{"floor":3.0,"key":"Strength Potion"},{"floor":7.0,"key":"Strength Potion"},{"floor":12.0,"key":"PowerPotion"},{"floor":21.0,"key":"Weak Potion"},{"floor":25.0,"key":"Strength Potion"},{"floor":28.0,"key":"Poison Potion"},{"floor":33.0,"key":"SpeedPotion"},{"floor":37.0,"key":"Explosive Potion"},{"floor":38.0,"key":"Block Potion"},{"floor":45.0,"key":"Weak Potion"},{"floor":46,"key":"Poison Potion"}],"is_trial":false,"path_per_floor":["M","M","M","M","?","R","E","R","T","M","T","M","?","M","R","B",null,"M","?","$","M","$","R","$","M","T","M","M","M","E","M","R","B",null,"M","M","M","M","?","R","M","M","T","$","M","E","$","M","R","B",null],"character_chosen":"THE_SILENT","items_purchased":["Potion Belt","Riddle With Holes","Footwork","Omamori","Energy Potion","Lantern","Lee\u0027s Waffle","PowerPotion","Block Potion"],"campfire_rested":3,"item_purchase_floors":[20,20,22,22,22,44,47,47,47],"current_hp_per_floor":[62,62,55,46,69,69,49,49,49,47,47,46,46,46,46,28,60,60,60,60,60,60,60,60,56,56,50,52,54,43,45,66,37,62,64,66,62,64,64,70,58,42,42,42,38,15,77,54,77,22],"gold":34,"neow_bonus":"REMOVE_CARD","is_prod":false,"is_daily":false,"chose_seed":false,"campfire_upgraded":4,"win_rate":0,"timestamp":1544760259,"path_taken":["M","M","M","M","?","R","E","R","T","M","?","M","?","M","R","BOSS","M","?","?","M","?","R","$","M","T","M","M","M","E","M","R","BOSS","M","M","M","M","?","R","M","M","T","$","M","E","$","M","R","BOSS"],"build_version":"2018-12-13","purchased_purges":4,"victory":true,"max_hp_per_floor":[70,70,70,70,70,70,70,70,70,70,70,70,70,70,70,70,70,70,70,70,70,70,70,70,70,70,70,70,70,70,70,70,70,70,70,70,70,70,70,70,70,70,70,70,70,70,77,77,77,77],"card_choices":[{"not_picked":["Flechettes","All Out Attack"],"picked":"Caltrops","floor":1.0},{"not_picked":["Predator","Accuracy"],"picked":"Quick Slash","floor":2.0},{"not_picked":["All Out Attack","Prepared"],"picked":"Quick Slash","floor":3.0},{"not_picked":["Flying Knee","Underhanded Strike"],"picked":"Leg Sweep","floor":4.0},{"not_picked":["Predator","Skewer"],"picked":"Dagger Spray","floor":7.0},{"not_picked":["Outmaneuver","Crippling Poison"],"picked":"PiercingWail","floor":10.0},{"not_picked":["Grand Finale","Catalyst"],"picked":"Backflip","floor":12.0},{"not_picked":["Dagger Spray","Sucker Punch"],"picked":"Leg Sweep","floor":14.0},{"not_picked":["Night Terror","Doppelganger"],"picked":"Burst","floor":16.0},{"not_picked":["Deflect","Flechettes","Poisoned Stab"],"picked":"SKIP","floor":18.0},{"not_picked":["Backflip","Terror"],"picked":"Blur+1","floor":21.0},{"not_picked":["Deadly Poison+1","Backflip"],"picked":"Dash+1","floor":25.0},{"not_picked":["Slice+1","Bane+1","Deflect"],"picked":"SKIP","floor":27.0},{"not_picked":["Calculated Gamble","Bane"],"picked":"Cloak And Dagger","floor":28.0},{"not_picked":["Backflip","Blade Dance","Dodge and Roll"],"picked":"SKIP","floor":29.0},{"not_picked":["Bane","Deadly Poison+1","Slice"],"picked":"SKIP","floor":30.0},{"not_picked":["Blade Dance","Sucker Punch","PiercingWail"],"picked":"SKIP","floor":31.0},{"not_picked":["Tactician","Backflip"],"picked":"Dash","floor":32.0},{"not_picked":["Wraith Form v2","Tools of the Trade"],"picked":"Venomology","floor":33.0},{"not_picked":["Dagger Throw+1","Prepared+1"],"picked":"Backstab","floor":35.0},{"not_picked":["Endless Agony","PiercingWail+1","Deadly Poison"],"picked":"SKIP","floor":36.0},{"not_picked":["Poisoned Stab+1","Backflip","Crippling Poison"],"picked":"SKIP","floor":37.0},{"not_picked":["Dagger Throw+1","Prepared+1","Endless Agony"],"picked":"SKIP","floor":38.0},{"not_picked":["Poisoned Stab","Night Terror","Tactician"],"picked":"SKIP","floor":41.0},{"not_picked":["Slice+1","Quick Slash+1","Deflect+1"],"picked":"SKIP","floor":42.0},{"not_picked":["Catalyst","Concentrate","Cloak And Dagger"],"picked":"SKIP","floor":45.0},{"not_picked":["All Out Attack+1","Well Laid Plans","Prepared"],"picked":"SKIP","floor":46},{"not_picked":["Grand Finale","Sucker Punch"],"picked":"PiercingWail+1","floor":48},{"not_picked":["Poisoned Stab+1","Slice+1"],"picked":"Riddle With Holes","floor":49}],"player_experience":296671,"relics_obtained":[{"floor":7.0,"key":"MawBank"},{"floor":9.0,"key":"Vajra"},{"floor":11.0,"key":"Smiling Mask"},{"floor":26.0,"key":"Blood Vial"},{"floor":30.0,"key":"Dream Catcher"},{"floor":43.0,"key":"Regal Pillow"},{"floor":46,"key":"PreservedInsect"}],"event_choices":[{"damage_healed":23.0,"max_hp_gain":0.0,"max_hp_loss":0.0,"gold_gain":0.0,"event_name":"Big Fish","player_choice":"Banana","floor":5.0,"gold_loss":0.0,"damage_taken":0.0},{"damage_healed":0.0,"max_hp_gain":0.0,"max_hp_loss":0.0,"gold_gain":0.0,"event_name":"Golden Idol","player_choice":"Take Wound","floor":13.0,"gold_loss":0.0,"damage_taken":0.0,"relics_obtained":["Golden Idol"],"cards_obtained":["Injury"]},{"damage_healed":0.0,"max_hp_gain":0.0,"max_hp_loss":0.0,"gold_gain":0.0,"event_name":"Drug Dealer","player_choice":"Inject Mutagens","floor":19.0,"gold_loss":0.0,"damage_taken":0.0,"relics_obtained":["MutagenicStrength"]},{"damage_healed":0.0,"max_hp_gain":0.0,"max_hp_loss":0.0,"gold_gain":100.0,"event_name":"Golden Shrine","player_choice":"Pray","floor":39.0,"gold_loss":0.0,"damage_taken":0.0}],"is_beta":false,"boss_relics":[{"not_picked":["HoveringKite","Lizard Tail"],"picked":"Snecko Eye"},{"not_picked":["Orrery","Ring of the Serpent"],"picked":"Fusion Hammer"}],"items_purged_floors":[20,22,44,47],"is_endless":false,"potions_floor_spawned":[1,3,7,12,21,25,28,33,37,38,45,46],"ascension_level":9}