{"gold_per_floor":[211,231,168,188,198,198,229,203,203,203,216,0,0,20,20,99,99,110,81,6,6,6,36,56,56,56,82,97,112,112,112,112,185,185,200,200,217,235,235,263,273,55,55,73,73,73],"floor_reached":46,"playtime":3697,"items_purged":["Meteor Strike","Consume+1"],"score":1088,"play_id":"b4574eb3-81a7-4263-b91d-c6afaee235ad","local_time":"20190503230753","is_ascension_mode":true,"campfire_choices":[{"data":"Zap","floor":6,"key":"SMITH"},{"data":"Biased Cognition","floor":10,"key":"SMITH"},{"data":"Hologram","floor":13,"key":"SMITH"},{"floor":15,"key":"REST"},{"data":"Go for the Eyes","floor":25,"key":"SMITH"},{"data":"Echo Form","floor":30,"key":"SMITH"},{"floor":32,"key":"REST"},{"floor":45,"key":"REST"}],"neow_cost":"NONE","seed_source_timestamp":407520890355800,"circlet_count":0,"master_deck":["AscendersBane","Zap+1","Dualcast","Rebound","Genetic Algorithm","Biased Cognition+1","Hologram+1","Conserve Battery","FTL","Leap+1","Lockon","Echo Form+1","Go for the Eyes+1","Reboot+1","Rip and Tear","Aggregate+1","Chill+1","Coolheaded+1","Undo+1","Auto Shields+1","Ball Lightning","Hologram+1","Leap+1","Genetic Algorithm+1","Ball Lightning","Multi-Cast+1","Leap+1","Consume+1","Double Energy+1","Loop+1","Capacitor","Compile Driver","Sunder+1","Stack+1"],"relics":["Cracked Core","Dream Catcher","Pantograph","Toxic Egg 2","OrangePellets","Pandora\u0027s Box","Thread and Needle","Sundial","Ice Cream","Sozu","Potion Belt"],"potions_floor_usage":[7,16,21,27,46],"damage_taken":[{"damage":6,"enemies":"Small Slimes","floor":1,"turns":3},{"damage":1,"enemies":"Cultist","floor":2,"turns":3},{"damage":3,"enemies":"2 Louse","floor":4,"turns":2},{"damage":9,"enemies":"Looter","floor":5,"turns":3},{"damage":11,"enemies":"Gremlin Nob","floor":7,"turns":3},{"damage":8,"enemies":"Exordium Thugs","floor":8,"turns":4},{"damage":0,"enemies":"Blue Slaver","floor":11,"turns":3},{"damage":8,"enemies":"3 Louse","floor":14,"turns":3},{"damage":12,"enemies":"Slime Boss","floor":16,"turns":5},{"damage":19,"enemies":"Shell Parasite","floor":18,"turns":5},{"damage":3,"enemies":"2 Thieves","floor":19,"turns":4},{"damage":23,"enemies":"Colosseum Slavers","floor":21,"turns":5},{"damage":10,"enemies":"Book of Stabbing","floor":23,"turns":7},{"damage":4,"enemies":"Snake Plant","floor":24,"turns":5},{"damage":30,"enemies":"Slavers","floor":27,"turns":8},{"damage":0,"enemies":"Snecko","floor":28,"turns":5},{"damage":0,"enemies":"Centurion and Healer","floor":29,"turns":10},{"damage":0,"enemies":"Collector","floor":33,"turns":9},{"damage":0,"enemies":"3 Shapes","floor":35,"turns":6},{"damage":0,"enemies":"3 Darklings","floor":37,"turns":7},{"damage":0,"enemies":"Sphere and 2 Shapes","floor":38,"turns":5},{"damage":44,"enemies":"Giant Head","floor":40,"turns":12},{"damage":27,"enemies":"Maw","floor":41,"turns":11},{"damage":0,"enemies":"Spire Growth","floor":44,"turns":10},{"damage":38,"enemies":"Reptomancer","floor":46,"turns":2}],"seed_played":"-3055541040517225277","potions_obtained":[{"floor":2,"key":"GamblersBrew"},{"floor":4,"key":"FearPotion"},{"floor":11,"key":"GamblersBrew"},{"floor":14,"key":"Explosive Potion"},{"floor":16,"key":"SteroidPotion"},{"floor":19,"key":"Weak Potion"},{"floor":23,"key":"Poison Potion"}],"is_trial":false,"path_per_floor":["M","M","?","M","M","R","E","M","T","R","M","$","R","M","R","B",null,"M","M","$","?","?","E","M","R","T","E","M","M","R","?","R","B",null,"M","?","M","M","?","E","M","$","T","M","R","E"],"character_chosen":"DEFECT","items_purchased":["OrangePellets","Capacitor","Compile Driver"],"campfire_rested":3,"item_purchase_floors":[12,42,42],"current_hp_per_floor":[58,57,57,54,45,45,34,26,26,26,26,26,26,18,39,52,66,47,44,44,21,81,71,67,67,67,37,37,37,37,37,61,81,81,81,81,81,81,81,37,10,10,10,10,34,0],"gold":73,"neow_bonus":"HUNDRED_GOLD","is_prod":false,"is_daily":false,"chose_seed":false,"campfire_upgraded":5,"win_rate":0,"timestamp":1556892473,"path_taken":["M","M","?","M","M","R","E","?","T","R","M","$","R","M","R","BOSS","M","M","?","?","?","E","M","R","T","E","M","?","R","?","R","BOSS","M","?","M","M","?","E","M","$","T","M","R","E"],"build_version":"2019-01-23","purchased_purges":2,"victory":false,"max_hp_per_floor":[71,71,71,71,71,71,71,71,71,71,71,71,71,71,71,71,71,71,71,71,71,81,81,81,81,81,81,81,81,81,81,81,81,81,81,81,81,81,81,81,81,81,81,81,81,81],"card_choices":[{"not_picked":["Stack","Streamline"],"picked":"Rebound","floor":1},{"not_picked":["Auto Shields","Static Discharge"],"picked":"Genetic Algorithm","floor":2},{"not_picked":["Streamline","Sweeping Beam"],"picked":"Biased Cognition","floor":4},{"not_picked":["Steam Power","Sunder"],"picked":"Hologram","floor":5},{"not_picked":["Leap","Auto Shields"],"picked":"Conserve Battery","floor":7},{"not_picked":["Turbo","White Noise","Leap"],"picked":"SKIP","floor":8},{"not_picked":["Steam+1","Force Field+1"],"picked":"FTL","floor":11},{"not_picked":["Gash","Stack+1"],"picked":"Leap+1","floor":14},{"not_picked":["Rebound","Skim+1"],"picked":"Lockon","floor":15},{"not_picked":["Rainbow+1","All For One"],"picked":"Echo Form","floor":16},{"not_picked":["Melter","Streamline"],"picked":"Coolheaded+1","floor":18},{"not_picked":["Steam Power+1","Rip and Tear"],"picked":"Undo+1","floor":19},{"not_picked":["Scrape","Melter"],"picked":"Auto Shields+1","floor":23},{"not_picked":["Hologram+1","Storm"],"picked":"Ball Lightning","floor":24},{"not_picked":["Blizzard","Consume+1"],"picked":"Hologram+1","floor":27},{"not_picked":["Compile Driver","Buffer"],"picked":"Leap+1","floor":28},{"not_picked":["Storm","Conserve Battery+1"],"picked":"Genetic Algorithm+1","floor":29},{"not_picked":["Conserve Battery+1","Coolheaded+1"],"picked":"Ball Lightning","floor":32},{"not_picked":["Core Surge","Amplify+1"],"picked":"Multi-Cast+1","floor":33},{"not_picked":["Rebound","Conserve Battery+1","Chill+1"],"picked":"SKIP","floor":35},{"not_picked":["Redo+1","Stack+1"],"picked":"Leap+1","floor":37},{"not_picked":["Redo+1","Go for the Eyes"],"picked":"Consume+1","floor":38},{"not_picked":["Genetic Algorithm+1","Fission+1"],"picked":"Double Energy+1","floor":40},{"not_picked":["Sweeping Beam","Blizzard"],"picked":"Loop+1","floor":41},{"not_picked":["Fusion+1","Gash"],"picked":"Sunder+1","floor":44},{"not_picked":["Auto Shields+1","Melter"],"picked":"Stack+1","floor":45}],"player_experience":1209448,"relics_obtained":[{"floor":7,"key":"Pantograph"},{"floor":9,"key":"Toxic Egg 2"},{"floor":23,"key":"Thread and Needle"},{"floor":26,"key":"Sundial"},{"floor":27,"key":"Ice Cream"},{"floor":40,"key":"Potion Belt"}],"event_choices":[{"damage_healed":0,"gold_gain":0,"player_choice":"Paid Gold","damage_taken":0,"relics_obtained":["Dream Catcher"],"max_hp_gain":0,"max_hp_loss":0,"event_name":"WeMeetAgain","floor":3,"gold_loss":63},{"damage_healed":0,"gold_gain":0,"player_choice":"Fight","damage_taken":0,"max_hp_gain":0,"max_hp_loss":0,"event_name":"Colosseum","floor":21,"gold_loss":0},{"damage_healed":0,"gold_gain":0,"player_choice":"Fled From Nobs","damage_taken":0,"max_hp_gain":0,"max_hp_loss":0,"event_name":"Colosseum","floor":21,"gold_loss":0},{"cards_removed":["Thunder Strike"],"damage_healed":50,"gold_gain":0,"player_choice":"Offered Rare","damage_taken":0,"max_hp_gain":10,"max_hp_loss":0,"event_name":"Bonfire Elementals","floor":22,"gold_loss":0},{"damage_healed":0,"gold_gain":0,"player_choice":"Ignored","damage_taken":0,"max_hp_gain":0,"max_hp_loss":0,"event_name":"Vampires","floor":31,"gold_loss":0},{"damage_healed":0,"gold_gain":0,"player_choice":"Ignored","damage_taken":0,"max_hp_gain":0,"max_hp_loss":0,"event_name":"Tomb of Lord Red Mask","floor":36,"gold_loss":0},{"damage_healed":0,"gold_gain":0,"cards_transformed":["Static Discharge"],"player_choice":"Transformed","damage_taken":0,"max_hp_gain":0,"max_hp_loss":0,"event_name":"Transmorgrifier","floor":39,"gold_loss":0,"cards_obtained":["Consume"]}],"is_beta":false,"boss_relics":[{"not_picked":["Runic Pyramid","Ectoplasm"],"picked":"Pandora\u0027s Box"},{"not_picked":["Astrolabe","Eternal Feather"],"picked":"Sozu"}],"items_purged_floors":[20,42],"is_endless":false,"potions_floor_spawned":[2,4,11,14,16,19,21,23,38,40,41],"killed_by":"Reptomancer","ascension_level":20}