{"gold_per_floor":[14,31,46,46,60,93,93,93,93,93,93,93,93,105,105,183,183,199,209,222,222],"floor_reached":21,"playtime":1172,"items_purged":[],"score":326,"play_id":"69d31b5c-8139-4c53-a284-742ad505579f","local_time":"20190507211902","is_ascension_mode":true,"campfire_choices":[{"floor":7.0,"key":"REST"},{"floor":11.0,"key":"REST"},{"floor":13.0,"key":"DIG"},{"floor":15.0,"key":"REST"}],"neow_cost":"NO_GOLD","seed_source_timestamp":197711801491489,"circlet_count":0,"master_deck":["AscendersBane","Strike_B","Strike_B","Strike_B","Strike_B","Defend_B","Defend_B","Defend_B","Defend_B","Zap","Dualcast","Machine Learning","Gash","Defragment","Conserve Battery","Rainbow","Leap","Pain","Conserve Battery","Biased Cognition","Sunder","Ball Lightning"],"special_seed":0,"relics":["Cracked Core","Anchor","Shovel","Ornamental Fan","StoneCalendar","WarpedTongs","Pocketwatch","Velvet Choker"],"potions_floor_usage":[21,21],"damage_taken":[{"damage":9.0,"enemies":"Jaw Worm","floor":1.0,"turns":3.0},{"damage":1.0,"enemies":"Cultist","floor":2.0,"turns":4.0},{"damage":10.0,"enemies":"2 Louse","floor":3.0,"turns":3.0},{"damage":13.0,"enemies":"Red Slaver","floor":5.0,"turns":4.0},{"damage":28.0,"enemies":"3 Sentries","floor":6.0,"turns":8.0},{"damage":19.0,"enemies":"2 Fungi Beasts","floor":14.0,"turns":3.0},{"damage":25.0,"enemies":"Hexaghost","floor":16.0,"turns":10.0},{"damage":15,"enemies":"Shell Parasite","floor":18,"turns":7},{"damage":17,"enemies":"Spheric Guardian","floor":19,"turns":5},{"damage":19,"enemies":"Shelled Parasite and Fungi","floor":20,"turns":7},{"damage":20,"enemies":"Colosseum Slavers","floor":21,"turns":2}],"seed_played":"-68148671190929502","potions_obtained":[{"floor":3.0,"key":"Fruit Juice"},{"floor":14.0,"key":"Explosive Potion"},{"floor":16.0,"key":"Poison Potion"},{"floor":19,"key":"Poison Potion"}],"is_trial":false,"path_per_floor":["M","M","M","?","M","E","R","T","T","?","R","?","R","M","R","B",null,"M","M","M","?"],"character_chosen":"DEFECT","items_purchased":[],"campfire_rested":3,"item_purchase_floors":[],"current_hp_per_floor":[55,54,44,44,36,8,30,30,30,35,59,59,59,40,64,39,71,56,39,20,0],"gold":222,"neow_bonus":"THREE_RARE_CARDS","is_prod":false,"is_daily":false,"chose_seed":false,"campfire_upgraded":0,"win_rate":0,"timestamp":1557289142,"path_taken":["M","M","M","?","?","E","R","?","T","?","R","?","R","?","R","BOSS","M","M","M","?"],"build_version":"2019-01-23","purchased_purges":0,"victory":false,"max_hp_per_floor":[71,71,71,71,76,76,76,76,76,81,81,81,81,81,81,81,81,81,81,81,81],"card_choices":[{"not_picked":["Biased Cognition","Creative AI"],"picked":"Machine Learning","floor":0.0},{"not_picked":["Compile Driver","Aggregate"],"picked":"Gash","floor":1.0},{"not_picked":["Steam Power","BootSequence"],"picked":"Defragment","floor":2.0},{"not_picked":["Double Energy","Chaos"],"picked":"Conserve Battery","floor":3.0},{"not_picked":["Beam Cell","Rebound"],"picked":"Rainbow","floor":5.0},{"not_picked":["Steam","Reprogram"],"picked":"Leap","floor":6.0},{"not_picked":["Auto Shields","Chaos"],"picked":"Conserve Battery","floor":14.0},{"not_picked":["Creative AI","Hyperbeam"],"picked":"Biased Cognition","floor":16.0},{"not_picked":["Rip and Tear","Compile Driver"],"picked":"Sunder","floor":18},{"not_picked":["Compile Driver","Streamline"],"picked":"Ball Lightning","floor":19},{"not_picked":["Barrage","Turbo","Force Field"],"picked":"SKIP","floor":20}],"player_experience":654969,"relics_obtained":[{"floor":4.0,"key":"Anchor"},{"floor":6.0,"key":"Shovel"},{"floor":8.0,"key":"Ornamental Fan"},{"floor":9.0,"key":"StoneCalendar"},{"floor":13.0,"key":"Pocketwatch"}],"event_choices":[{"damage_healed":0.0,"max_hp_gain":0.0,"max_hp_loss":0.0,"gold_gain":0.0,"event_name":"Wheel of Change","player_choice":"Relic","floor":4.0,"gold_loss":0.0,"damage_taken":0.0},{"damage_healed":0.0,"max_hp_gain":5.0,"max_hp_loss":0.0,"gold_gain":0.0,"event_name":"Big Fish","player_choice":"Donut","floor":10.0,"gold_loss":0.0,"damage_taken":0.0},{"damage_healed":0.0,"max_hp_gain":0.0,"max_hp_loss":0.0,"gold_gain":0.0,"event_name":"Accursed Blacksmith","player_choice":"Rummage","floor":12.0,"gold_loss":0.0,"damage_taken":0.0,"relics_obtained":["WarpedTongs"],"cards_obtained":["Pain"]},{"damage_healed":0,"gold_gain":0,"player_choice":"Fight","damage_taken":0,"max_hp_gain":0,"max_hp_loss":0,"event_name":"Colosseum","floor":21,"gold_loss":0}],"is_beta":false,"boss_relics":[{"not_picked":["Eternal Feather","Sozu"],"picked":"Velvet Choker"}],"items_purged_floors":[],"is_endless":false,"potions_floor_spawned":[3,14,16,19,20],"killed_by":"Colosseum Slavers","ascension_level":16}