{"gold_per_floor":[114,39,58,58,75,75,109,124,124,149,161,236,236,255,255,352,352,364,381,381,401,401,401,436,447,447,457,457,130,155,172,172,271,271,285,295,99,199,199,199,217,80,104,104,104,0,13,13,13,13,13,13,13,41,41],"floor_reached":55,"playtime":3960,"items_purged":["Strike_R","Strike_R+1"],"score":800,"play_id":"d0762ee1-b19c-402f-8567-21a67b40abc5","local_time":"20190302020351","is_ascension_mode":true,"campfire_choices":[{"data":"Bash","floor":6,"key":"SMITH"},{"floor":13,"key":"REST"},{"data":"Uppercut","floor":15,"key":"SMITH"},{"data":"Whirlwind","floor":23,"key":"SMITH"},{"data":"Metallicize","floor":28,"key":"SMITH"},{"data":"Inflame","floor":32,"key":"SMITH"},{"floor":40,"key":"RECALL"},{"data":"Inflame","floor":45,"key":"SMITH"},{"floor":49,"key":"REST"},{"data":"Offering","floor":52,"key":"SMITH"}],"neow_cost":"NONE","seed_source_timestamp":1223340243868071,"circlet_count":0,"master_deck":["Strike_R+1","Strike_R+1","Defend_R+1","Defend_R+1","Defend_R+1","Bash+1","Sword Boomerang","Disarm","Intimidate+1","Shrug It Off","Shrug It Off","Metallicize+1","Clothesline","Uppercut+1","Inflame+1","Reaper","Whirlwind+1","Shockwave","Intimidate+1","Flex","Offering+1","Pommel Strike+1","Flex","Flex+1","Inflame+1","Offering","Disarm"],"relics":["Burning Blood","Blue Candle","Letter Opener","Red Skull","Sozu","Pen Nib","Turnip","Oddly Smooth Stone","Empty Cage","ClockworkSouvenir","Unceasing Top","Centennial Puzzle","Red Mask","Pantograph"],"potions_floor_usage":[7,10,10,18,24],"damage_taken":[{"damage":9,"enemies":"Jaw Worm","floor":1,"turns":3},{"damage":6,"enemies":"Cultist","floor":3,"turns":3},{"damage":10,"enemies":"Small Slimes","floor":5,"turns":4},{"damage":38,"enemies":"Lagavulin","floor":7,"turns":9},{"damage":16,"enemies":"3 Louse","floor":8,"turns":4},{"damage":20,"enemies":"3 Sentries","floor":10,"turns":12},{"damage":0,"enemies":"Looter","floor":11,"turns":3},{"damage":6,"enemies":"Exordium Thugs","floor":14,"turns":4},{"damage":15,"enemies":"The Guardian","floor":16,"turns":10},{"damage":10,"enemies":"3 Byrds","floor":18,"turns":6},{"damage":4,"enemies":"Chosen","floor":19,"turns":5},{"damage":42,"enemies":"Shelled Parasite and Fungi","floor":21,"turns":8},{"damage":25,"enemies":"Book of Stabbing","floor":24,"turns":7},{"damage":10,"enemies":"Snake Plant","floor":25,"turns":3},{"damage":4,"enemies":"Snecko","floor":27,"turns":4},{"damage":27,"enemies":"Slavers","floor":30,"turns":4},{"damage":10,"enemies":"Centurion and Healer","floor":31,"turns":3},{"damage":42,"enemies":"Automaton","floor":33,"turns":11},{"damage":18,"enemies":"Orb Walker","floor":35,"turns":5},{"damage":13,"enemies":"3 Darklings","floor":36,"turns":3},{"damage":6,"enemies":"Mind Bloom Boss Battle","floor":38,"turns":5},{"damage":24,"enemies":"Maw","floor":41,"turns":7},{"damage":36,"enemies":"Writhing Mass","floor":47,"turns":3},{"damage":74,"enemies":"Donu and Deca","floor":50,"turns":7},{"damage":45,"enemies":"Shield and Spear","floor":54,"turns":6},{"damage":98,"enemies":"The Heart","floor":55,"turns":6}],"seed_played":"-7665995836663831284","potions_obtained":[{"floor":3,"key":"SpeedPotion"},{"floor":7,"key":"Block Potion"},{"floor":8,"key":"EssenceOfSteel"},{"floor":11,"key":"Dexterity Potion"},{"floor":14,"key":"Poison Potion"}],"is_trial":false,"path_per_floor":["M","$","M","?","M","R","E","M","T","E","M","?","R","M","R","B",null,"M","M","$","M","?","R","E","M","T","M","R","$","E","M","R","B",null,"M","M","$","?","?","R","M","$","T","?","R","?","M","?","R","B",null,"R","$","E","B"],"character_chosen":"IRONCLAD","items_purchased":["Turnip","Shrug It Off","ClockworkSouvenir","Inflame"],"campfire_rested":2,"item_purchase_floors":[29,29,37,42],"current_hp_per_floor":[77,77,77,77,73,73,41,31,31,17,23,12,36,36,36,27,80,80,80,80,62,62,62,46,42,42,44,44,44,35,51,51,30,80,78,71,71,71,71,71,58,58,58,58,58,58,28,28,50,20,76,76,76,58,0],"gold":41,"neow_bonus":"THREE_CARDS","is_prod":false,"is_daily":false,"chose_seed":false,"campfire_upgraded":7,"win_rate":0,"timestamp":1551510231,"path_taken":["M","$","M","?","M","R","E","M","T","E","?","?","R","M","R","BOSS","M","M","$","M","?","R","E","M","T","M","R","$","E","M","R","BOSS","M","M","$","?","?","R","M","$","T","?","R","?","M","?","R","BOSS","R","$","E","BOSS"],"build_version":"2019-01-23","purchased_purges":2,"victory":false,"max_hp_per_floor":[80,80,80,80,80,80,80,80,80,80,80,80,80,80,80,80,80,80,80,80,80,80,80,80,80,80,80,80,80,80,80,80,80,80,80,80,80,80,76,76,76,76,76,76,76,76,76,76,76,76,76,76,76,76,76],"card_choices":[{"not_picked":["Clash","Thunderclap"],"picked":"Sword Boomerang","floor":0},{"not_picked":["Iron Wave","Shrug It Off"],"picked":"Disarm","floor":1},{"not_picked":["Perfected Strike","Headbutt"],"picked":"Intimidate","floor":3},{"not_picked":["Pommel Strike","Clothesline"],"picked":"Shrug It Off","floor":5},{"not_picked":["Sword Boomerang","Dark Embrace"],"picked":"Shrug It Off","floor":7},{"not_picked":["Thunderclap","Sword Boomerang"],"picked":"Metallicize","floor":8},{"not_picked":["Shrug It Off","Intimidate"],"picked":"Clothesline","floor":10},{"not_picked":["Heavy Blade","Reckless Charge"],"picked":"Uppercut","floor":11},{"not_picked":["Body Slam","Dark Embrace"],"picked":"Inflame","floor":14},{"not_picked":["Double Tap","Bludgeon"],"picked":"Reaper","floor":16},{"not_picked":["Clothesline","Rage"],"picked":"Whirlwind","floor":18},{"not_picked":["Twin Strike","Clothesline+1"],"picked":"Shockwave","floor":19},{"not_picked":["Twin Strike","Thunderclap","Clash"],"picked":"SKIP","floor":21},{"not_picked":["Warcry","Heavy Blade+1"],"picked":"Intimidate+1","floor":24},{"not_picked":["Cleave","Rupture","Fire Breathing+1"],"picked":"SKIP","floor":25},{"not_picked":["Body Slam","Second Wind","Sword Boomerang"],"picked":"SKIP","floor":27},{"not_picked":["Whirlwind","Juggernaut"],"picked":"Flex","floor":30},{"not_picked":["Sever Soul+1","Anger","Perfected Strike"],"picked":"SKIP","floor":31},{"not_picked":["Fiend Fire","Double Tap"],"picked":"Offering","floor":33},{"not_picked":["Shrug It Off","Sever Soul+1"],"picked":"Pommel Strike+1","floor":35},{"not_picked":["Iron Wave","Anger+1"],"picked":"Flex","floor":36},{"not_picked":["Cleave+1","Power Through+1"],"picked":"Flex+1","floor":38},{"not_picked":["Clothesline+1","Uppercut","Heavy Blade"],"picked":"SKIP","floor":41},{"not_picked":["Corruption+1","Perfected Strike+1"],"picked":"Offering","floor":47},{"not_picked":["Hemokinesis+1","Shrug It Off+1"],"picked":"Disarm","floor":54}],"player_experience":112625,"relics_obtained":[{"floor":7,"key":"Blue Candle"},{"floor":9,"key":"Letter Opener"},{"floor":10,"key":"Red Skull"},{"floor":24,"key":"Pen Nib"},{"floor":30,"key":"Oddly Smooth Stone"},{"floor":38,"key":"Unceasing Top"},{"floor":43,"key":"Centennial Puzzle"},{"floor":54,"key":"Pantograph"}],"event_choices":[{"damage_healed":0,"gold_gain":0,"player_choice":"Forge","damage_taken":0,"max_hp_gain":0,"max_hp_loss":0,"event_name":"Accursed Blacksmith","floor":4,"gold_loss":0,"cards_upgraded":["Intimidate"]},{"damage_healed":0,"gold_gain":75,"player_choice":"Gather Gold","damage_taken":11,"max_hp_gain":0,"max_hp_loss":0,"event_name":"World of Goop","floor":12,"gold_loss":0},{"damage_healed":0,"gold_gain":0,"player_choice":"Simplicity","damage_taken":0,"max_hp_gain":0,"max_hp_loss":0,"event_name":"Back to Basics","floor":22,"gold_loss":0,"cards_upgraded":["Strike_R","Strike_R","Strike_R","Strike_R","Defend_R","Defend_R","Defend_R","Defend_R"]},{"damage_healed":0,"gold_gain":0,"player_choice":"Fight","damage_taken":0,"max_hp_gain":0,"max_hp_loss":0,"event_name":"MindBloom","floor":38,"gold_loss":0},{"damage_healed":0,"gold_gain":0,"player_choice":"Max HP","damage_taken":0,"max_hp_gain":0,"max_hp_loss":4,"event_name":"Winding Halls","floor":39,"gold_loss":0},{"cards_removed":["Shrug It Off"],"damage_healed":0,"gold_gain":0,"player_choice":"Removed Skill","damage_taken":0,"max_hp_gain":0,"max_hp_loss":0,"event_name":"Falling","floor":44,"gold_loss":0},{"damage_healed":0,"gold_gain":0,"player_choice":"Paid","damage_taken":0,"relics_obtained":["Red Mask"],"max_hp_gain":0,"max_hp_loss":0,"event_name":"Tomb of Lord Red Mask","floor":46,"gold_loss":104},{"damage_healed":0,"gold_gain":0,"player_choice":"Ignored","damage_taken":0,"max_hp_gain":0,"max_hp_loss":0,"event_name":"The Moai Head","floor":48,"gold_loss":0}],"is_beta":false,"boss_relics":[{"not_picked":["Runic Dome","Busted Crown"],"picked":"Sozu"},{"not_picked":["Tiny House","Calling Bell"],"picked":"Empty Cage"}],"items_purged_floors":[2,42],"is_endless":false,"potions_floor_spawned":[3,7,8,11,14,19,21,27,30,35,36,47,54],"killed_by":"The Heart","ascension_level":4}