{"gold_per_floor":[119,136,156,173,98,98,118,18,65,65,77,77,90,103,103,207,207,207,207,162,162,162,162,162,162,162,162,162,162,162,162,162,162],"floor_reached":33,"playtime":1128,"items_purged":["Strike_R","Defend_R"],"score":263,"play_id":"a2f4c519-e858-495b-b8bb-3b35c3834f05","local_time":"20180818151356","is_ascension_mode":false,"campfire_choices":[{"data":"Rampage","floor":6,"key":"SMITH"},{"data":"Wild Strike","floor":10,"key":"SMITH"},{"floor":15,"key":"REST"},{"data":"Uppercut","floor":23,"key":"SMITH"},{"data":"Rage","floor":25,"key":"SMITH"},{"floor":28,"key":"REST"},{"floor":32,"key":"REST"}],"neow_cost":"","seed_source_timestamp":19723751570781,"circlet_count":0,"master_deck":["Strike_R","Strike_R","Strike_R","Strike_R","Defend_R","Defend_R+1","Defend_R","Bash+1","Wild Strike+1","Pommel Strike","Rampage+1","Rage+1","Uppercut+1","Dropkick","Offering","Evolve","Perfected Strike+1","Rage+1"],"relics":["Burning Blood","Vajra","Ectoplasm","Bottled Tornado","Bottled Lightning","Enchiridion"],"potions_floor_usage":[16,16,20,22,27,27,27,33],"damage_taken":[{"damage":4,"enemies":"Small Slimes","floor":1,"turns":4},{"damage":6,"enemies":"2 Louse","floor":2,"turns":2},{"damage":0,"enemies":"Cultist","floor":3,"turns":3},{"damage":39,"enemies":"Gremlin Gang","floor":4,"turns":4},{"damage":8,"enemies":"Large Slime","floor":7,"turns":6},{"damage":18,"enemies":"Exordium Wildlife","floor":11,"turns":3},{"damage":4,"enemies":"Red Slaver","floor":13,"turns":2},{"damage":2,"enemies":"Looter","floor":14,"turns":2},{"damage":34,"enemies":"The Guardian","floor":16,"turns":6},{"damage":19,"enemies":"Shell Parasite","floor":18,"turns":4},{"damage":13,"enemies":"2 Thieves","floor":20,"turns":3},{"damage":9,"enemies":"Cultist and Chosen","floor":21,"turns":5},{"damage":0,"enemies":"Snake Plant","floor":22,"turns":3},{"damage":16,"enemies":"Centurion and Healer","floor":24,"turns":4},{"damage":45,"enemies":"Slavers","floor":27,"turns":5},{"damage":15,"enemies":"Shelled Parasite and Fungi","floor":30,"turns":4},{"damage":37,"enemies":"Champ","floor":33,"turns":7}],"seed_played":"6818681578512571026","potions_obtained":[{"floor":3,"key":"FearPotion"},{"floor":11,"key":"PowerPotion"},{"floor":14,"key":"FearPotion"},{"floor":16,"key":"Poison Potion"},{"floor":21,"key":"Block Potion"},{"floor":22,"key":"LiquidBronze"},{"floor":24,"key":"Weak Potion"},{"floor":27,"key":"Strength Potion"}],"is_trial":false,"path_per_floor":["M","M","M","M","$","R","M","$","T","R","M","?","M","M","R","B",null,"M","?","M","M","M","R","M","R","T","E","R","?","M","?","R"],"character_chosen":"IRONCLAD","items_purchased":[],"campfire_rested":3,"item_purchase_floors":[],"current_hp_per_floor":[80,80,80,47,47,47,45,45,45,45,33,17,19,23,47,19,80,67,67,60,57,63,63,53,53,53,14,38,22,13,13,37,0],"gold":162,"neow_bonus":"","is_prod":false,"is_daily":false,"chose_seed":false,"campfire_upgraded":4,"win_rate":0,"timestamp":1534576436,"path_taken":["M","M","M","M","$","R","M","$","T","R","M","?","?","M","R","BOSS","M","?","M","M","M","R","?","R","T","E","R","?","M","?","R","BOSS"],"build_version":"2018-08-16","purchased_purges":2,"victory":false,"max_hp_per_floor":[80,80,80,80,80,80,80,80,80,80,80,80,80,80,80,80,80,80,80,80,80,80,80,80,80,80,80,80,80,80,80,80,80],"card_choices":[{"not_picked":["Armaments","Anger"],"picked":"Wild Strike","floor":1},{"not_picked":["Reckless Charge","Fire Breathing","Warcry"],"picked":"SKIP","floor":2},{"not_picked":["Iron Wave","Sword Boomerang"],"picked":"Pommel Strike","floor":3},{"not_picked":["Infernal Blade","Feel No Pain"],"picked":"Rampage","floor":4},{"not_picked":["Iron Wave","Armaments","Flex"],"picked":"SKIP","floor":7},{"not_picked":["Infernal Blade","Flex"],"picked":"Rage","floor":11},{"not_picked":["Anger","Exhume"],"picked":"Uppercut","floor":13},{"not_picked":["Wild Strike","Warcry"],"picked":"Dropkick","floor":14},{"not_picked":["Exhume","Barricade"],"picked":"Offering","floor":16},{"not_picked":["Flex","Clothesline","Wild Strike"],"picked":"SKIP","floor":18},{"not_picked":["Corruption+1","Twin Strike+1","Armaments"],"picked":"SKIP","floor":20},{"not_picked":["Rage","Disarm","Sentinel+1"],"picked":"SKIP","floor":21},{"not_picked":["Carnage+1","Flex"],"picked":"Evolve","floor":22},{"not_picked":["Hemokinesis+1","True Grit"],"picked":"Perfected Strike+1","floor":24},{"not_picked":["Clash","Juggernaut","Anger+1"],"picked":"SKIP","floor":27},{"not_picked":["Sword Boomerang","Iron Wave","Shockwave"],"picked":"SKIP","floor":30}],"player_experience":310389,"relics_obtained":[{"floor":9,"key":"Vajra"},{"floor":26,"key":"Bottled Tornado"},{"floor":27,"key":"Bottled Lightning"},{"floor":29,"key":"Enchiridion"}],"event_choices":[{"event_name":"Shining Light","player_choice":"Entered Light","floor":12,"damage_taken":0},{"event_name":"Drug Dealer","player_choice":"Ignored","floor":19,"damage_taken":0},{"event_name":"Cursed Tome","player_choice":"Obtained Book","floor":29,"damage_taken":0},{"event_name":"Duplicator","player_choice":"One dupe","floor":31,"damage_taken":0}],"is_beta":false,"boss_relics":[{"not_picked":["Fusion Hammer","Orrery"],"picked":"Ectoplasm"}],"items_purged_floors":[5,8],"is_endless":false,"potions_floor_spawned":[3,11,14,16,21,22,24,27],"killed_by":"Champ","ascension_level":0}