{"gold_per_floor":[114,114,114,114,129,144,174,55,55,70,70,100,100,100,100,200,200,215,215,245,260,18,18,18,18,18,18,48,78,78,93,93,193,193,208,208,223,223,173,173,203,3,78,108,108,8,23,53,53,53],"floor_reached":51,"playtime":1528,"items_purged":["Strike_G","Strike_G"],"score":970,"play_id":"b3b702d1-5df8-45b6-b6f9-4d91fa7e369a","local_time":"20190512000927","daily_mods":["Specialized","Flight","DeadlyEvents"],"is_ascension_mode":false,"campfire_choices":[{"floor":11,"key":"REST"},{"data":"Infinite Blades","floor":13,"key":"SMITH"},{"data":"Infinite Blades","floor":15,"key":"SMITH"},{"data":"After Image","floor":23,"key":"SMITH"},{"floor":24,"key":"REST"},{"floor":27,"key":"REST"},{"data":"Accuracy","floor":30,"key":"SMITH"},{"data":"Accuracy","floor":32,"key":"SMITH"},{"floor":40,"key":"REST"},{"floor":45,"key":"REST"},{"floor":49,"key":"REST"}],"neow_cost":"","seed_source_timestamp":444388552842044,"circlet_count":0,"master_deck":["Defend_G","Defend_G","Defend_G","Defend_G","Strike_G","Strike_G","Survivor","Neutralize","Accuracy","Accuracy+1","Accuracy+1","Accuracy","Accuracy+1","PiercingWail","Blade Dance","Infinite Blades+1","Cloak And Dagger","Infinite Blades+1","After Image+1","Cloak And Dagger","Masterful Stab","Footwork","Finesse","Blade Dance","Corpse Explosion","Blade Dance+1"],"special_seed":18028,"relics":["Ring of the Serpent","Bottled Tornado","Pocketwatch","Mummified Hand","Bag of Marbles","Ninja Scroll","Bag of Preparation","Thread and Needle","Fusion Hammer","Tough Bandages","Sling","Blue Candle","Toxic Egg 2","Tingsha"],"potions_floor_usage":[12,12,16,28,50,50,50],"damage_taken":[{"damage":9,"enemies":"2 Louse","floor":1,"turns":3},{"damage":5,"enemies":"Jaw Worm","floor":5,"turns":5},{"damage":6,"enemies":"Cultist","floor":6,"turns":5},{"damage":12,"enemies":"Lagavulin","floor":7,"turns":7},{"damage":11,"enemies":"3 Louse","floor":10,"turns":5},{"damage":0,"enemies":"Gremlin Nob","floor":12,"turns":2},{"damage":31,"enemies":"The Guardian","floor":16,"turns":6},{"damage":7,"enemies":"2 Thieves","floor":18,"turns":3},{"damage":34,"enemies":"Slavers","floor":20,"turns":4},{"damage":0,"enemies":"Spheric Guardian","floor":21,"turns":3},{"damage":10,"enemies":"Gremlin Leader","floor":28,"turns":4},{"damage":0,"enemies":"Slavers","floor":29,"turns":3},{"damage":0,"enemies":"Centurion and Healer","floor":31,"turns":2},{"damage":0,"enemies":"Champ","floor":33,"turns":6},{"damage":0,"enemies":"3 Shapes","floor":35,"turns":2},{"damage":0,"enemies":"3 Darklings","floor":37,"turns":3},{"damage":0,"enemies":"Reptomancer","floor":41,"turns":4},{"damage":31,"enemies":"Nemesis","floor":44,"turns":5},{"damage":0,"enemies":"Sphere and 2 Shapes","floor":47,"turns":2},{"damage":0,"enemies":"Reptomancer","floor":48,"turns":3},{"damage":50,"enemies":"Awakened One","floor":50,"turns":6}],"seed_played":"-3356535960329970887","potions_obtained":[{"floor":6,"key":"Explosive Potion"},{"floor":10,"key":"Fire Potion"},{"floor":12,"key":"Regen Potion"},{"floor":18,"key":"Weak Potion"},{"floor":21,"key":"Regen Potion"},{"floor":37,"key":"Explosive Potion"}],"is_trial":false,"path_per_floor":["M","?","$","?","M","M","E","$","T","M","R","E","R","T","R","B",null,"M","?","E","M","$","R","R","?","T","R","E","E","R","M","R","B",null,"M","?","M","$","$","R","E","$","T","E","R","$","M","E","R","B",null],"character_chosen":"THE_SILENT","items_purchased":["Infinite Blades","Cloak And Dagger","Footwork","Finesse","Strength Potion","Sling"],"campfire_rested":6,"item_purchase_floors":[8,8,22,22,39,42],"current_hp_per_floor":[61,61,61,61,56,50,38,38,38,27,48,48,48,48,48,31,70,63,63,29,29,29,29,50,37,37,59,61,61,61,61,61,61,75,75,71,71,71,71,71,71,71,71,40,61,61,61,61,71,21],"gold":53,"neow_bonus":"","is_prod":false,"is_daily":true,"chose_seed":false,"campfire_upgraded":5,"win_rate":0,"timestamp":1557634167,"path_taken":["M","?","$","?","M","M","E","$","T","M","R","?","R","?","R","BOSS","M","?","?","M","$","R","R","?","T","R","E","?","R","M","R","BOSS","M","?","M","?","$","R","?","?","T","?","R","$","?","E","R","BOSS"],"build_version":"2019-01-23","purchased_purges":2,"victory":true,"max_hp_per_floor":[70,70,70,70,70,70,70,70,70,70,70,70,70,70,70,70,70,70,70,70,70,70,70,70,75,75,75,75,75,75,75,75,75,75,75,71,71,71,71,71,71,71,71,71,71,71,71,71,71,71],"card_choices":[{"not_picked":["Sucker Punch","Prepared"],"picked":"PiercingWail","floor":1},{"not_picked":["Sucker Punch","Poisoned Stab","Predator"],"picked":"SKIP","floor":5},{"not_picked":["Deflect","PiercingWail"],"picked":"Blade Dance","floor":6},{"not_picked":["Dagger Spray","All Out Attack","Tools of the Trade"],"picked":"SKIP","floor":7},{"not_picked":["Dagger Throw","Eviscerate","Reflex"],"picked":"SKIP","floor":10},{"not_picked":["Footwork","Slice"],"picked":"Infinite Blades","floor":12},{"not_picked":["Phantasmal Killer","Night Terror"],"picked":"After Image","floor":16},{"not_picked":["Escape Plan","Footwork"],"picked":"Cloak And Dagger","floor":18},{"not_picked":["Cloak And Dagger","Envenom","Heel Hook+1"],"picked":"SKIP","floor":20},{"not_picked":["Slice","Dagger Spray","Prepared"],"picked":"SKIP","floor":21},{"not_picked":["Quick Slash","Acrobatics+1"],"picked":"Blade Dance","floor":28},{"not_picked":["All Out Attack","Cloak And Dagger","Tactician"],"picked":"SKIP","floor":29},{"not_picked":["Acrobatics","Bane+1","Dagger Throw"],"picked":"SKIP","floor":31},{"not_picked":["Bullet Time","Wraith Form v2"],"picked":"Corpse Explosion","floor":33},{"not_picked":["Footwork","Dodge and Roll"],"picked":"Blade Dance+1","floor":35},{"not_picked":["Deflect","Concentrate+1","Cloak And Dagger+1"],"picked":"SKIP","floor":37},{"not_picked":["Underhanded Strike","Slice","Prepared+1"],"picked":"SKIP","floor":41},{"not_picked":["Bullet Time","Leg Sweep","Prepared+1"],"picked":"SKIP","floor":44},{"not_picked":["Poisoned Stab+1","Deflect+1","Bane"],"picked":"SKIP","floor":47},{"not_picked":["Escape Plan+1","Quick Slash+1","Bane"],"picked":"SKIP","floor":48}],"player_experience":139224,"relics_obtained":[{"floor":7,"key":"Bottled Tornado"},{"floor":12,"key":"Pocketwatch"},{"floor":14,"key":"Mummified Hand"},{"floor":20,"key":"Bag of Marbles"},{"floor":26,"key":"Ninja Scroll"},{"floor":28,"key":"Bag of Preparation"},{"floor":29,"key":"Thread and Needle"},{"floor":41,"key":"Tough Bandages"},{"floor":43,"key":"Blue Candle"},{"floor":44,"key":"Toxic Egg 2"},{"floor":48,"key":"Tingsha"}],"event_choices":[{"cards_removed":["Defend_G"],"damage_healed":0,"gold_gain":0,"player_choice":"Forget","damage_taken":0,"max_hp_gain":0,"max_hp_loss":0,"event_name":"Living Wall","floor":2,"gold_loss":0},{"damage_healed":0,"gold_gain":0,"player_choice":"Upgraded","damage_taken":0,"max_hp_gain":0,"max_hp_loss":0,"event_name":"Upgrade Shrine","floor":4,"gold_loss":0,"cards_upgraded":["Accuracy"]},{"damage_healed":0,"gold_gain":0,"cards_transformed":["Strike_G"],"player_choice":"Transformed","damage_taken":0,"max_hp_gain":0,"max_hp_loss":0,"event_name":"Transmorgrifier","floor":19,"gold_loss":0,"cards_obtained":["Masterful Stab"]},{"damage_healed":0,"gold_gain":0,"player_choice":"Shed Blood","damage_taken":18,"max_hp_gain":5,"max_hp_loss":0,"event_name":"Forgotten Altar","floor":25,"gold_loss":0},{"damage_healed":0,"gold_gain":0,"player_choice":"Max HP","damage_taken":0,"max_hp_gain":0,"max_hp_loss":4,"event_name":"Winding Halls","floor":36,"gold_loss":0}],"is_beta":false,"boss_relics":[{"not_picked":["Snecko Eye","Ectoplasm"],"picked":"Ring of the Serpent"},{"not_picked":["Orrery","WristBlade"],"picked":"Fusion Hammer"}],"items_purged_floors":[22,46],"is_endless":false,"potions_floor_spawned":[6,10,12,18,21,37],"ascension_level":0}