{"gold_per_floor":[115,133,146,221,65,95,95,95,95,95,75,91,140,140,140,214,214,231,231,231,231,210,210,239,239,289,299,135,135,135,60,60,136,136,146,146,146,46,46,81,81,81,81,81,108,121,121,132,132,132],"floor_reached":51,"playtime":2333,"items_purged":["Regret","Strike_B"],"score":1372,"play_id":"50897536-d81f-42bb-a59d-1dde99a2396e","local_time":"20190411174638","is_ascension_mode":true,"campfire_choices":[{"data":"Defragment","floor":7.0,"key":"SMITH"},{"data":"Coolheaded","floor":10.0,"key":"SMITH"},{"floor":15.0,"key":"REST"},{"floor":23.0,"key":"REST"},{"floor":25.0,"key":"REST"},{"floor":29.0,"key":"REST"},{"floor":32.0,"key":"REST"},{"data":"Fusion","floor":41.0,"key":"SMITH"},{"floor":44.0,"key":"REST"},{"data":"Go for the Eyes","floor":47,"key":"SMITH"},{"floor":49,"key":"REST"}],"neow_cost":"NONE","seed_source_timestamp":12437389075600,"circlet_count":0,"master_deck":["AscendersBane","Strike_B","Strike_B","Defend_B","Defend_B","Defend_B","Defend_B","Zap","Dualcast","Streamline","Barrage","Coolheaded+1","Capacitor","Coolheaded","Sweeping Beam","Defragment+1","Glacier","Creative AI","Fusion+1","Coolheaded+1","Conserve Battery","Leap+1","Self Repair","Seek","Defragment+1","Loop+1","Flash of Steel","Magnetism","Go for the Eyes+1","Chaos+1","Heatsinks"],"special_seed":0,"relics":["Cracked Core","Anchor","Ancient Tea Set","Letter Opener","Mummified Hand","Bronze Scales","Pear","Inserter","MutagenicStrength","Ornamental Fan","Bottled Lightning","Juzu Bracelet","Sozu","Sundial","Symbiotic Virus","Bag of Marbles"],"potions_floor_usage":[50],"damage_taken":[{"damage":0.0,"enemies":"2 Louse","floor":1.0,"turns":3.0},{"damage":2.0,"enemies":"Jaw Worm","floor":2.0,"turns":2.0},{"damage":0.0,"enemies":"Cultist","floor":3.0,"turns":2.0},{"damage":25.0,"enemies":"Lagavulin","floor":6.0,"turns":9.0},{"damage":3.0,"enemies":"Exordium Thugs","floor":12.0,"turns":4.0},{"damage":24.0,"enemies":"Slime Boss","floor":16.0,"turns":13.0},{"damage":33.0,"enemies":"Shell Parasite","floor":18.0,"turns":9.0},{"damage":26.0,"enemies":"2 Thieves","floor":22.0,"turns":4.0},{"damage":28.0,"enemies":"Slavers","floor":24.0,"turns":7.0},{"damage":24.0,"enemies":"Snake Plant","floor":27.0,"turns":3.0},{"damage":36.0,"enemies":"Collector","floor":33.0,"turns":12.0},{"damage":22.0,"enemies":"3 Darklings","floor":35.0,"turns":8.0},{"damage":31.0,"enemies":"Nemesis","floor":40.0,"turns":11.0},{"damage":16.0,"enemies":"Giant Head","floor":45.0,"turns":6.0},{"damage":0.0,"enemies":"3 Shapes","floor":46.0,"turns":6.0},{"damage":15,"enemies":"Writhing Mass","floor":48,"turns":5},{"damage":18,"enemies":"Donu and Deca","floor":50,"turns":9}],"seed_played":"6150129629817099196","potions_obtained":[{"floor":1.0,"key":"FearPotion"},{"floor":11.0,"key":"Block Potion"},{"floor":12.0,"key":"Explosive Potion"},{"floor":22.0,"key":"Weak Potion"},{"floor":33.0,"key":"Strength Potion"}],"is_trial":false,"path_per_floor":["M","M","M","?","$","E","R","T","T","R","?","M","T","?","R","B",null,"M","?","?","?","M","R","E","R","T","M","$","R","?","?","R","B",null,"M","?","?","$","?","E","R","?","T","R","E","M","R","M","R","B",null],"character_chosen":"DEFECT","items_purchased":["Capacitor","Coolheaded","Sweeping Beam","Self Repair"],"campfire_rested":7,"item_purchase_floors":[5,5,5,28],"current_hp_per_floor":[64,62,62,51,51,26,26,26,26,26,26,23,23,33,57,33,69,36,36,36,36,10,34,6,30,30,6,6,30,30,30,54,25,67,52,52,52,52,52,28,28,23,23,47,38,45,45,37,61,50],"gold":132,"neow_bonus":"RANDOM_COMMON_RELIC","is_prod":false,"is_daily":false,"chose_seed":false,"campfire_upgraded":4,"win_rate":0,"timestamp":1554997598,"path_taken":["M","M","M","?","$","E","R","?","T","R","?","?","?","?","R","BOSS","M","?","?","?","M","R","E","R","T","M","$","R","?","?","R","BOSS","M","?","?","$","?","E","R","?","T","R","E","M","R","M","R","BOSS"],"build_version":"2019-01-23","purchased_purges":2,"victory":true,"max_hp_per_floor":[71,71,71,71,71,71,71,71,71,71,71,71,71,81,81,81,81,81,81,81,81,81,81,81,81,81,81,81,81,81,81,81,81,81,81,81,81,81,81,81,81,81,81,81,81,81,81,81,81,81],"card_choices":[{"not_picked":["Loop","Leap"],"picked":"Streamline","floor":1.0},{"not_picked":["Ball Lightning","Chaos"],"picked":"Barrage","floor":2.0},{"not_picked":["Go for the Eyes","Rip and Tear"],"picked":"Coolheaded","floor":3.0},{"not_picked":["Double Energy","Barrage"],"picked":"Defragment","floor":6.0},{"not_picked":["Hello World","Thunder Strike"],"picked":"Glacier","floor":12.0},{"not_picked":["Meteor Strike","Hyperbeam"],"picked":"Creative AI","floor":16.0},{"not_picked":["Compile Driver+1","Loop","Redo"],"picked":"SKIP","floor":18.0},{"not_picked":["White Noise","Loop"],"picked":"Coolheaded+1","floor":22.0},{"not_picked":["Hyperbeam","Sweeping Beam"],"picked":"Conserve Battery","floor":24.0},{"not_picked":["FTL+1","Hologram"],"picked":"Leap+1","floor":27.0},{"not_picked":["Meteor Strike","Core Surge"],"picked":"Seek","floor":33.0},{"not_picked":["Cold Snap","Beam Cell","Darkness"],"picked":"SKIP","floor":35.0},{"not_picked":["Hologram","Blizzard"],"picked":"Loop+1","floor":40.0},{"not_picked":["Bandage Up","Discovery"],"picked":"Flash of Steel","floor":42.0},{"not_picked":["Mind Blast","Good Instincts"],"picked":"Magnetism","floor":42.0},{"not_picked":["Reinforced Body","Streamline"],"picked":"Go for the Eyes","floor":45.0},{"not_picked":["Gash+1","Conserve Battery"],"picked":"Chaos+1","floor":46.0},{"not_picked":["Turbo+1","Redo"],"picked":"Heatsinks","floor":48}],"player_experience":541020,"relics_obtained":[{"floor":6.0,"key":"Ancient Tea Set"},{"floor":8.0,"key":"Letter Opener"},{"floor":9.0,"key":"Mummified Hand"},{"floor":13.0,"key":"Bronze Scales"},{"floor":24.0,"key":"Bottled Lightning"},{"floor":26.0,"key":"Juzu Bracelet"},{"floor":40.0,"key":"Sundial"},{"floor":43.0,"key":"Symbiotic Virus"},{"floor":45.0,"key":"Bag of Marbles"}],"event_choices":[{"damage_healed":0.0,"max_hp_gain":0.0,"max_hp_loss":0.0,"gold_gain":75.0,"event_name":"World of Goop","player_choice":"Gather Gold","floor":4.0,"gold_loss":0.0,"damage_taken":11.0},{"damage_healed":0.0,"max_hp_gain":0.0,"max_hp_loss":0.0,"gold_gain":0.0,"event_name":"The Woman in Blue","player_choice":"Bought 1 Potion","floor":11.0,"gold_loss":0.0,"damage_taken":0.0},{"damage_healed":0.0,"max_hp_gain":0.0,"max_hp_loss":0.0,"gold_gain":0.0,"event_name":"Big Fish","player_choice":"Box","floor":14.0,"gold_loss":0.0,"damage_taken":0.0,"relics_obtained":["Pear"],"cards_obtained":["Regret"]},{"damage_healed":0.0,"max_hp_gain":0.0,"max_hp_loss":0.0,"gold_gain":0.0,"event_name":"Drug Dealer","player_choice":"Inject Mutagens","floor":19.0,"gold_loss":0.0,"damage_taken":0.0,"relics_obtained":["MutagenicStrength"]},{"damage_healed":0.0,"max_hp_gain":0.0,"max_hp_loss":0.0,"gold_gain":0.0,"event_name":"The Library","player_choice":"Read","floor":20.0,"gold_loss":0.0,"damage_taken":0.0,"cards_obtained":["Fusion"]},{"damage_healed":0.0,"max_hp_gain":0.0,"max_hp_loss":0.0,"gold_gain":0.0,"event_name":"Addict","player_choice":"Stole Relic","floor":21.0,"gold_loss":0.0,"damage_taken":0.0,"relics_obtained":["Ornamental Fan"],"cards_obtained":["Shame"]},{"damage_healed":0.0,"max_hp_gain":0.0,"max_hp_loss":0.0,"gold_gain":0.0,"event_name":"Vampires","player_choice":"Ignored","floor":30.0,"gold_loss":0.0,"damage_taken":0.0},{"cards_removed":["Shame"],"damage_healed":0.0,"max_hp_gain":0.0,"max_hp_loss":0.0,"gold_gain":0.0,"event_name":"Beggar","player_choice":"Gave Gold","floor":31.0,"gold_loss":75.0,"damage_taken":0.0},{"damage_healed":0.0,"max_hp_gain":0.0,"max_hp_loss":0.0,"gold_gain":0.0,"event_name":"Duplicator","player_choice":"Copied","floor":36.0,"gold_loss":0.0,"damage_taken":0.0,"cards_obtained":["Defragment"]},{"cards_removed":["Strike_B"],"damage_healed":0.0,"max_hp_gain":0.0,"max_hp_loss":0.0,"gold_gain":0.0,"event_name":"Falling","player_choice":"Removed Attack","floor":37.0,"gold_loss":0.0,"damage_taken":0.0},{"damage_healed":0.0,"max_hp_gain":0.0,"max_hp_loss":0.0,"gold_gain":0.0,"event_name":"Mysterious Sphere","player_choice":"Ignored","floor":39.0,"gold_loss":0.0,"damage_taken":0.0},{"damage_healed":0.0,"max_hp_gain":0.0,"max_hp_loss":0.0,"gold_gain":0.0,"event_name":"SensoryStone","player_choice":"Memory 2","floor":42.0,"gold_loss":0.0,"damage_taken":5.0}],"is_beta":false,"boss_relics":[{"not_picked":["Velvet Choker","Pandora\u0027s Box"],"picked":"Inserter"},{"not_picked":["Snecko Eye","White Beast Statue"],"picked":"Sozu"}],"items_purged_floors":[28,38],"is_endless":false,"potions_floor_spawned":[1,12,16,22,33,35,46,48],"ascension_level":19}