{"gold_per_floor":[117,117,141,154,174,174,215,215,215,255,255,255,293,293,293,386,386,400,400,499,499,167,167,180,180,180,14,53,74,108,128,128,226,226,245,14,30,50,50,50,86,211,211,211,236,252,7,48,48,48,48,48,8,51,51],"floor_reached":55,"playtime":3169,"items_purged":["Strike_B","Strike_B","Strike_B","Strike_B"],"score":1548,"play_id":"29b4cd70-d9d4-46dc-b9f8-341eb0c7b029","local_time":"20190415000545","is_ascension_mode":true,"campfire_choices":[{"data":"Dualcast","floor":6.0,"key":"SMITH"},{"floor":8.0,"key":"REST"},{"data":"Buffer","floor":12.0,"key":"SMITH"},{"floor":15.0,"key":"DIG"},{"floor":23.0,"key":"DIG"},{"floor":32.0,"key":"DIG"},{"floor":40.0,"key":"DIG"},{"floor":44,"key":"REST"},{"floor":49,"key":"RECALL"},{"floor":52,"key":"DIG"}],"neow_cost":"NONE","seed_source_timestamp":376954515808960,"circlet_count":0,"master_deck":["AscendersBane","Defend_B","Defend_B","Defend_B","Defend_B","Zap+1","Dualcast+1","Conserve Battery","Doom and Gloom","Buffer+1","FTL","Consume+1","Seek","Hologram","Cold Snap+1","Capacitor","Darkness+1","Amplify+1","Redo+1","Seek+1","Redo+1","BootSequence+1","Steam+1","Hologram+1","Coolheaded+1"],"special_seed":0,"relics":["Cracked Core","Golden Idol","Smiling Mask","Pear","Shovel","The Courier","Orichalcum","Fusion Hammer","Pantograph","Blood Vial","Anchor","Toxic Egg 2","Bottled Lightning","Lantern","Matryoshka","Ancient Tea Set","Busted Crown","Juzu Bracelet","Pocketwatch","FossilizedHelix","Bag of Preparation","Symbiotic Virus","Regal Pillow","Sundial","Bronze Scales"],"potions_floor_usage":[46,50,55],"damage_taken":[{"damage":1.0,"enemies":"Cultist","floor":1.0,"turns":3.0},{"damage":3.0,"enemies":"2 Louse","floor":3.0,"turns":2.0},{"damage":6.0,"enemies":"Small Slimes","floor":4.0,"turns":3.0},{"damage":1.0,"enemies":"Blue Slaver","floor":5.0,"turns":3.0},{"damage":38.0,"enemies":"3 Sentries","floor":7.0,"turns":9.0},{"damage":8.0,"enemies":"Lagavulin","floor":10.0,"turns":6.0},{"damage":0.0,"enemies":"Gremlin Nob","floor":13.0,"turns":4.0},{"damage":0.0,"enemies":"Slime Boss","floor":16.0,"turns":6.0},{"damage":12.0,"enemies":"3 Byrds","floor":18.0,"turns":5.0},{"damage":0.0,"enemies":"Spheric Guardian","floor":24.0,"turns":1.0},{"damage":17.0,"enemies":"Book of Stabbing","floor":28.0,"turns":5.0},{"damage":0.0,"enemies":"Centurion and Healer","floor":29.0,"turns":7.0},{"damage":12.0,"enemies":"Slavers","floor":30.0,"turns":4.0},{"damage":0.0,"enemies":"Snecko","floor":31.0,"turns":5.0},{"damage":40.0,"enemies":"Automaton","floor":33.0,"turns":10.0},{"damage":12.0,"enemies":"3 Darklings","floor":35.0,"turns":6.0},{"damage":0.0,"enemies":"3 Shapes","floor":37.0,"turns":5.0},{"damage":12.0,"enemies":"Writhing Mass","floor":38.0,"turns":7.0},{"damage":0,"enemies":"Nemesis","floor":41,"turns":5},{"damage":39,"enemies":"Mind Bloom Boss Battle","floor":42,"turns":5},{"damage":0,"enemies":"3 Darklings","floor":45,"turns":5},{"damage":0,"enemies":"Sphere and 2 Shapes","floor":46,"turns":5},{"damage":0,"enemies":"Giant Head","floor":48,"turns":7},{"damage":19,"enemies":"Donu and Deca","floor":50,"turns":8},{"damage":36,"enemies":"Shield and Spear","floor":54,"turns":8},{"damage":66,"enemies":"The Heart","floor":55,"turns":6}],"seed_played":"3221164142288727982","potions_obtained":[{"floor":1.0,"key":"Swift Potion"},{"floor":4.0,"key":"SkillPotion"},{"floor":7.0,"key":"AttackPotion"},{"floor":10.0,"key":"Explosive Potion"},{"floor":29.0,"key":"EssenceOfSteel"},{"floor":30.0,"key":"SpeedPotion"},{"floor":33.0,"key":"SneckoOil"},{"floor":38.0,"key":"Fire Potion"},{"floor":46,"key":"Dexterity Potion"},{"floor":54,"key":"Ancient Potion"}],"is_trial":false,"path_per_floor":["M","?","M","M","M","R","E","R","T","E","?","R","E","?","R","B",null,"M","?","?","T","$","R","M","?","T","$","E","M","E","M","R","B",null,"M","$","M","M","?","R","E","?","T","R","M","M","$","E","R","B",null,"R","$","E","B"],"character_chosen":"DEFECT","items_purchased":["Blood Vial","Anchor","PowerPotion","Capacitor","Darkness+1","Redo+1","SkillPotion","BootSequence+1","Steam+1","Symbiotic Virus","Coolheaded+1"],"campfire_rested":2,"item_purchase_floors":[22,22,22,27,27,36,36,36,36,47,53],"current_hp_per_floor":[63,63,60,54,53,53,15,34,44,36,61,61,61,61,61,61,72,60,60,60,60,60,60,62,62,62,62,47,49,39,41,41,28,64,54,54,56,46,46,46,48,36,36,58,60,62,62,64,64,57,71,71,71,37,0],"gold":51,"neow_bonus":"UPGRADE_CARD","is_prod":false,"is_daily":false,"chose_seed":false,"campfire_upgraded":2,"win_rate":0,"timestamp":1555279545,"path_taken":["M","?","M","M","M","R","E","R","T","E","?","R","E","?","R","BOSS","M","?","?","?","$","R","?","?","T","$","E","M","E","M","R","BOSS","M","$","?","M","?","R","E","?","T","R","M","M","$","E","R","BOSS","R","$","E","BOSS"],"build_version":"2019-01-23","purchased_purges":4,"victory":false,"max_hp_per_floor":[71,66,66,66,66,66,66,66,76,76,76,76,76,76,76,76,76,76,76,76,76,76,76,76,76,76,76,76,76,76,76,76,76,76,76,76,76,76,76,76,76,76,76,76,76,76,76,76,76,76,76,76,76,76,76],"card_choices":[{"not_picked":["Lockon","Steam Power"],"picked":"Conserve Battery","floor":1.0},{"not_picked":["Leap","Stack","Streamline"],"picked":"SKIP","floor":3.0},{"not_picked":["Conserve Battery","Stack"],"picked":"Melter","floor":4.0},{"not_picked":["Streamline","Beam Cell"],"picked":"Doom and Gloom","floor":5.0},{"not_picked":["Storm","Hologram"],"picked":"Buffer","floor":7.0},{"not_picked":["Self Repair","Sweeping Beam"],"picked":"FTL","floor":10.0},{"not_picked":["Ball Lightning","Rebound"],"picked":"Consume","floor":13.0},{"not_picked":["Fission","Multi-Cast"],"picked":"Seek","floor":16.0},{"not_picked":["Streamline","Stack"],"picked":"Hologram","floor":18.0},{"not_picked":["Steam Power+1","Turbo+1"],"picked":"Cold Snap+1","floor":24.0},{"not_picked":["Reinforced Body+1","Hologram+1"],"picked":"Amplify+1","floor":28.0},{"not_picked":["Sweeping Beam","Gash","Rebound"],"picked":"SKIP","floor":29.0},{"not_picked":["Hello World","Gash","Static Discharge"],"picked":"SKIP","floor":30.0},{"not_picked":["Rebound","Go for the Eyes"],"picked":"Redo+1","floor":31.0},{"not_picked":["Reboot+1","Multi-Cast+1"],"picked":"Seek+1","floor":33.0},{"not_picked":["Scrape"],"picked":"SKIP","floor":35.0},{"not_picked":["Cold Snap"],"picked":"SKIP","floor":37.0},{"not_picked":["Stack+1"],"picked":"SKIP","floor":38.0},{"not_picked":["Rip and Tear+1"],"picked":"SKIP","floor":41},{"not_picked":[],"picked":"Hologram+1","floor":45},{"not_picked":["Sweeping Beam"],"picked":"SKIP","floor":46},{"not_picked":["Go for the Eyes"],"picked":"SKIP","floor":48},{"not_picked":["Core Surge"],"picked":"SKIP","floor":54}],"player_experience":625216,"relics_obtained":[{"floor":7.0,"key":"Smiling Mask"},{"floor":9.0,"key":"Pear"},{"floor":10.0,"key":"Shovel"},{"floor":13.0,"key":"The Courier"},{"floor":15.0,"key":"Orichalcum"},{"floor":21.0,"key":"Pantograph"},{"floor":23.0,"key":"Toxic Egg 2"},{"floor":26.0,"key":"Bottled Lightning"},{"floor":28.0,"key":"Lantern"},{"floor":30.0,"key":"Matryoshka"},{"floor":32.0,"key":"Ancient Tea Set"},{"floor":40.0,"key":"Juzu Bracelet"},{"floor":41,"key":"Pocketwatch"},{"floor":42,"key":"FossilizedHelix"},{"floor":43,"key":"Bag of Preparation"},{"floor":48,"key":"Regal Pillow"},{"floor":52,"key":"Sundial"},{"floor":54,"key":"Bronze Scales"}],"event_choices":[{"damage_healed":0.0,"max_hp_gain":0.0,"max_hp_loss":5.0,"gold_gain":0.0,"event_name":"Golden Idol","player_choice":"Lose Max HP","floor":2.0,"gold_loss":0.0,"damage_taken":0.0,"relics_obtained":["Golden Idol"]},{"damage_healed":25.0,"max_hp_gain":0.0,"max_hp_loss":0.0,"gold_gain":0.0,"event_name":"Big Fish","player_choice":"Banana","floor":11.0,"gold_loss":0.0,"damage_taken":0.0},{"damage_healed":0.0,"max_hp_gain":0.0,"max_hp_loss":0.0,"gold_gain":0.0,"event_name":"Living Wall","player_choice":"Grow","floor":14.0,"gold_loss":0.0,"damage_taken":0.0,"cards_upgraded":["Consume"]},{"damage_healed":0.0,"max_hp_gain":0.0,"max_hp_loss":0.0,"gold_gain":0.0,"event_name":"The Mausoleum","player_choice":"Ignored","floor":19.0,"gold_loss":0.0,"damage_taken":0.0},{"damage_healed":0.0,"max_hp_gain":0.0,"max_hp_loss":0.0,"gold_gain":99.0,"event_name":"Nest","player_choice":"Stole From Cult","floor":20.0,"gold_loss":0.0,"damage_taken":0.0},{"damage_healed":0.0,"max_hp_gain":0.0,"max_hp_loss":0.0,"gold_gain":0.0,"event_name":"The Woman in Blue","player_choice":"Bought 0 Potions","floor":25.0,"gold_loss":0.0,"damage_taken":0.0},{"cards_removed":["Melter"],"damage_healed":0.0,"max_hp_gain":0.0,"max_hp_loss":0.0,"gold_gain":0.0,"event_name":"Falling","player_choice":"Removed Attack","floor":39.0,"gold_loss":0.0,"damage_taken":0.0},{"damage_healed":0,"gold_gain":0,"player_choice":"Fight","damage_taken":0,"max_hp_gain":0,"max_hp_loss":0,"event_name":"MindBloom","floor":42,"gold_loss":0}],"is_beta":false,"boss_relics":[{"not_picked":["Nuclear Battery","Astrolabe"],"picked":"Fusion Hammer"},{"not_picked":["Runic Pyramid","Velvet Choker"],"picked":"Busted Crown"}],"items_purged_floors":[22,27,36,47],"is_endless":false,"potions_floor_spawned":[1,4,7,10,29,30,33,38,42,46,48,54],"killed_by":"The Heart","ascension_level":14}