{"gold_per_floor":[111,122,133,149,164,164,195,195,195,195,521,531,496,496,496,594,594,606,705,705,721,209,209,227,227],"floor_reached":25,"playtime":1344,"items_purged":["Accuracy"],"score":320,"play_id":"b7651d93-a50e-4f4e-9def-631b1adad06b","local_time":"20190327202853","is_ascension_mode":true,"campfire_choices":[{"data":"Deadly Poison","floor":6,"key":"SMITH"},{"data":"Noxious Fumes","floor":8,"key":"SMITH"},{"floor":10,"key":"REST"},{"floor":15,"key":"REST"},{"data":"Footwork","floor":23,"key":"SMITH"}],"neow_cost":"NONE","seed_source_timestamp":253989269132328,"circlet_count":0,"master_deck":["AscendersBane","Defend_G","Defend_G","Defend_G","Defend_G","Defend_G","Strike_G","Strike_G","Strike_G","Strike_G","Strike_G","Survivor","Neutralize","Deadly Poison+1","Backstab","Backflip","Noxious Fumes+1","Dodge and Roll","Deflect","Footwork+1","Backflip+1"],"relics":["Ring of the Snake","Vajra","Art of War","Darkstone Periapt","Old Coin","Ninja Scroll","Coffee Dripper","Matryoshka"],"potions_floor_usage":[11,11,16,16,18],"damage_taken":[{"damage":0,"enemies":"2 Louse","floor":1,"turns":3},{"damage":4,"enemies":"Small Slimes","floor":2,"turns":3},{"damage":0,"enemies":"Jaw Worm","floor":3,"turns":3},{"damage":7,"enemies":"Blue Slaver","floor":4,"turns":4},{"damage":7,"enemies":"3 Louse","floor":5,"turns":3},{"damage":22,"enemies":"Lagavulin","floor":7,"turns":7},{"damage":16,"enemies":"Gremlin Nob","floor":11,"turns":4},{"damage":5,"enemies":"Large Slime","floor":12,"turns":6},{"damage":27,"enemies":"The Guardian","floor":16,"turns":9},{"damage":0,"enemies":"3 Byrds","floor":18,"turns":6},{"damage":25,"enemies":"Spheric Guardian","floor":21,"turns":6},{"damage":15,"enemies":"Chosen and Byrds","floor":24,"turns":6},{"damage":9,"enemies":"Book of Stabbing","floor":25,"turns":4}],"seed_played":"-7246551807831980304","potions_obtained":[{"floor":2,"key":"Dexterity Potion"},{"floor":4,"key":"GamblersBrew"},{"floor":5,"key":"SteroidPotion"},{"floor":11,"key":"Ancient Potion"},{"floor":12,"key":"SkillPotion"},{"floor":16,"key":"Dexterity Potion"},{"floor":24,"key":"GhostInAJar"}],"is_trial":false,"path_per_floor":["M","M","M","M","M","R","E","R","T","R","E","M","?","?","R","B",null,"M","?","?","M","$","R","M","E"],"character_chosen":"THE_SILENT","items_purchased":["Matryoshka","Footwork","Block Potion","Swift Potion"],"campfire_rested":2,"item_purchase_floors":[22,22,22,22],"current_hp_per_floor":[63,59,59,52,45,45,23,23,23,44,28,23,40,15,36,9,55,55,55,55,30,30,30,15,6],"gold":227,"neow_bonus":"RANDOM_COMMON_RELIC","is_prod":false,"is_daily":false,"chose_seed":false,"campfire_upgraded":3,"win_rate":0,"timestamp":1553714933,"path_taken":["M","M","M","M","M","R","E","R","T","R","E","M","?","?","R","BOSS","M","?","?","M","$","R","M","E"],"build_version":"2019-01-23","purchased_purges":1,"victory":false,"max_hp_per_floor":[70,70,70,70,70,70,70,70,70,70,70,70,70,70,70,70,70,70,70,70,70,70,70,70,70],"card_choices":[{"not_picked":["Quick Slash","Bane"],"picked":"Accuracy","floor":1},{"not_picked":["Catalyst","Sucker Punch","Quick Slash"],"picked":"SKIP","floor":2},{"not_picked":["PiercingWail","Eviscerate"],"picked":"Deadly Poison","floor":3},{"not_picked":["Prepared","Poisoned Stab","Backstab"],"picked":"SKIP","floor":4},{"not_picked":["Prepared","Poisoned Stab"],"picked":"Backstab","floor":4},{"not_picked":["Flying Knee","Reflex"],"picked":"Backflip","floor":5},{"not_picked":["Deadly Poison","Cloak And Dagger"],"picked":"Noxious Fumes","floor":7},{"not_picked":["Dagger Throw","Choke","Glass Knife"],"picked":"SKIP","floor":11},{"not_picked":["Outmaneuver","Flying Knee","Calculated Gamble"],"picked":"SKIP","floor":12},{"not_picked":["PiercingWail","Acrobatics"],"picked":"Dodge and Roll","floor":18},{"not_picked":["Outmaneuver","Setup","Acrobatics+1"],"picked":"SKIP","floor":21},{"not_picked":["Infinite Blades","Calculated Gamble"],"picked":"Backflip+1","floor":24}],"player_experience":382566,"relics_obtained":[{"floor":7,"key":"Art of War"},{"floor":9,"key":"Darkstone Periapt"},{"floor":11,"key":"Old Coin"}],"event_choices":[{"damage_healed":17,"gold_gain":0,"player_choice":"Healed","damage_taken":0,"max_hp_gain":0,"max_hp_loss":0,"event_name":"The Cleric","floor":13,"gold_loss":35},{"damage_healed":0,"gold_gain":0,"player_choice":"Success","damage_taken":25,"relics_obtained":["Ninja Scroll"],"max_hp_gain":0,"max_hp_loss":0,"event_name":"Scrap Ooze","floor":14,"gold_loss":0},{"damage_healed":0,"gold_gain":99,"player_choice":"Stole From Cult","damage_taken":0,"max_hp_gain":0,"max_hp_loss":0,"event_name":"Nest","floor":19,"gold_loss":0},{"damage_healed":0,"gold_gain":0,"player_choice":"Read","damage_taken":0,"max_hp_gain":0,"max_hp_loss":0,"event_name":"The Library","floor":20,"gold_loss":0,"cards_obtained":["Deflect"]}],"is_beta":false,"boss_relics":[{"not_picked":["White Beast Statue","Empty Cage"],"picked":"Coffee Dripper"}],"items_purged_floors":[22],"is_endless":false,"potions_floor_spawned":[2,4,5,11,12,16,24],"killed_by":"Book of Stabbing","ascension_level":10}