{"gold_per_floor":[109,125,200,200,200,200,229,22,22,22,49,49,49,59,59,154,154,172,172,97,114,114,139,139,238,285,285,296,314,314,324,324,429,429,445,464,464,60,72,72,82,111,111,111,211,86,86,98,98,98],"floor_reached":50,"playtime":3098,"items_purged":["Strike_B","Strike_B","Decay"],"score":676,"play_id":"20b6da35-1760-4d01-a08c-de03cbc1eb1e","local_time":"20190309212554","is_ascension_mode":true,"campfire_choices":[{"data":"Dualcast","floor":6,"key":"SMITH"},{"data":"Reinforced Body","floor":12,"key":"SMITH"},{"data":"Zap","floor":15,"key":"SMITH"},{"floor":24,"key":"REST"},{"data":"Buffer","floor":27,"key":"SMITH"},{"floor":32,"key":"REST"},{"floor":40,"key":"REST"},{"floor":47,"key":"REST"},{"floor":49,"key":"RECALL"}],"neow_cost":"NONE","seed_source_timestamp":1898637410401384,"circlet_count":0,"master_deck":["Strike_B","Defend_B","Defend_B","Defend_B","Defend_B","Zap+1","Dualcast+1","Cold Snap","Ball Lightning","Reinforced Body+1","Ball Lightning","Zap+1","Doom and Gloom+1","Glacier","Buffer+1","Static Discharge+1","Cold Snap+1","Undo","Cold Snap+1","Go for the Eyes","Zap","Multi-Cast","Rebound","Creative AI","All For One","Steam","Force Field","Conserve Battery+1","Stack","Coolheaded","BootSequence","Glacier+1"],"relics":["Cracked Core","NeowsBlessing","Question Card","Medical Kit","Emotion Chip","Philosopher\u0027s Stone","Art of War","Bag of Marbles","Whetstone","Cursed Key","Mango","Symbiotic Virus","Meat on the Bone","Du-Vu Doll"],"potions_floor_usage":[11,29,29,33,36,39],"damage_taken":[{"damage":0,"enemies":"Small Slimes","floor":1,"turns":1},{"damage":0,"enemies":"2 Louse","floor":2,"turns":1},{"damage":0,"enemies":"Lagavulin","floor":7,"turns":1},{"damage":10,"enemies":"Gremlin Nob","floor":11,"turns":3},{"damage":1,"enemies":"Jaw Worm","floor":14,"turns":2},{"damage":22,"enemies":"The Guardian","floor":16,"turns":10},{"damage":15,"enemies":"2 Thieves","floor":18,"turns":3},{"damage":0,"enemies":"Spheric Guardian","floor":21,"turns":4},{"damage":34,"enemies":"Slavers","floor":23,"turns":6},{"damage":0,"enemies":"Centurion and Healer","floor":28,"turns":8},{"damage":10,"enemies":"Snake Plant","floor":29,"turns":2},{"damage":16,"enemies":"Chosen and Byrds","floor":31,"turns":3},{"damage":22,"enemies":"Collector","floor":33,"turns":9},{"damage":2,"enemies":"Orb Walker","floor":35,"turns":4},{"damage":21,"enemies":"3 Darklings","floor":36,"turns":3},{"damage":17,"enemies":"Jaw Worm Horde","floor":39,"turns":5},{"damage":8,"enemies":"Spire Growth","floor":41,"turns":6},{"damage":42,"enemies":"Nemesis","floor":42,"turns":7},{"damage":0,"enemies":"Mind Bloom Boss Battle","floor":45,"turns":6},{"damage":21,"enemies":"3 Darklings","floor":48,"turns":5},{"damage":54,"enemies":"Awakened One","floor":50,"turns":16}],"seed_played":"7139666373143278366","potions_obtained":[{"floor":1,"key":"Strength Potion"},{"floor":11,"key":"PowerPotion"},{"floor":14,"key":"SteroidPotion"},{"floor":18,"key":"Block Potion"},{"floor":29,"key":"AttackPotion"},{"floor":33,"key":"FocusPotion"},{"floor":35,"key":"Explosive Potion"},{"floor":42,"key":"EssenceOfSteel"}],"is_trial":false,"path_per_floor":["M","M","?","?","?","R","E","$","T","$","E","R","?","M","R","B",null,"M","?","$","M","?","E","R","?","T","R","M","M","?","M","R","B",null,"M","M","?","$","M","R","M","E","T","$","?","$","R","M","R","B"],"character_chosen":"DEFECT","items_purchased":["Medical Kit","Mango"],"campfire_rested":4,"item_purchase_floors":[8,38],"current_hp_per_floor":[75,75,64,69,69,69,69,69,69,69,59,59,59,58,58,36,69,54,54,54,54,54,20,44,44,44,44,44,34,34,18,42,20,65,63,42,42,56,39,67,59,17,17,17,29,29,57,48,48,0],"gold":98,"neow_bonus":"THREE_ENEMY_KILL","is_prod":false,"is_daily":false,"chose_seed":false,"campfire_upgraded":4,"win_rate":0,"timestamp":1552184754,"path_taken":["M","M","?","?","?","R","E","?","T","$","E","R","?","?","R","BOSS","M","?","$","M","?","E","R","?","T","R","M","?","?","?","R","BOSS","M","M","?","$","M","R","M","E","T","$","?","$","R","M","R","BOSS"],"build_version":"2019-01-23","purchased_purges":3,"victory":false,"max_hp_per_floor":[75,75,75,80,80,80,80,80,80,80,80,80,80,80,80,80,80,80,80,80,80,80,80,80,80,80,80,80,80,80,80,80,80,80,80,80,80,94,94,94,94,94,94,94,94,94,94,94,94,94],"card_choices":[{"not_picked":["Leap","Coolheaded"],"picked":"Cold Snap","floor":1},{"not_picked":["Rebound","White Noise"],"picked":"Ball Lightning","floor":2},{"not_picked":["Darkness","Redo"],"picked":"Reinforced Body","floor":7},{"not_picked":["Melter","Tempest","Stack"],"picked":"Ball Lightning","floor":11},{"not_picked":["Aggregate","Undo","Go for the Eyes"],"picked":"Glacier","floor":14},{"not_picked":["Rainbow","Amplify","Core Surge"],"picked":"Buffer","floor":16},{"not_picked":["Leap","Skim","Hologram"],"picked":"Static Discharge+1","floor":18},{"not_picked":["Beam Cell","Barrage","Streamline"],"picked":"Cold Snap","floor":21},{"not_picked":["Reboot","Sunder+1","Turbo"],"picked":"Undo","floor":23},{"not_picked":["Streamline+1","Sweeping Beam","Hello World"],"picked":"Cold Snap+1","floor":28},{"not_picked":["Genetic Algorithm+1","Streamline+1","Steam"],"picked":"Go for the Eyes","floor":29},{"not_picked":["Ball Lightning+1","Turbo","Aggregate"],"picked":"Creative AI","floor":31},{"not_picked":["Thunder Strike","Hyperbeam","Electrodynamics"],"picked":"All For One","floor":33},{"not_picked":["Go for the Eyes","Streamline+1","Sweeping Beam"],"picked":"Steam","floor":35},{"not_picked":["Rebound","Aggregate","Streamline+1"],"picked":"Force Field","floor":36},{"not_picked":["Turbo+1","Beam Cell","Coolheaded"],"picked":"Conserve Battery+1","floor":39},{"not_picked":["Melter","Go for the Eyes","Amplify"],"picked":"Stack","floor":41},{"not_picked":["Redo+1","Barrage+1","Cold Snap"],"picked":"Coolheaded","floor":42},{"not_picked":["Chill+1","Conserve Battery+1","Go for the Eyes+1"],"picked":"BootSequence","floor":45},{"not_picked":["Consume","FTL+1","Static Discharge"],"picked":"Glacier+1","floor":48}],"player_experience":142176,"relics_obtained":[{"floor":7,"key":"Question Card"},{"floor":11,"key":"Emotion Chip"},{"floor":23,"key":"Bag of Marbles"},{"floor":26,"key":"Whetstone"},{"floor":42,"key":"Symbiotic Virus"},{"floor":43,"key":"Meat on the Bone"},{"floor":45,"key":"Du-Vu Doll"}],"event_choices":[{"damage_healed":0,"gold_gain":75,"player_choice":"Gather Gold","damage_taken":11,"max_hp_gain":0,"max_hp_loss":0,"event_name":"World of Goop","floor":3,"gold_loss":0},{"damage_healed":0,"gold_gain":0,"player_choice":"Donut","damage_taken":0,"max_hp_gain":5,"max_hp_loss":0,"event_name":"Big Fish","floor":4,"gold_loss":0},{"damage_healed":0,"gold_gain":0,"player_choice":"Grow","damage_taken":0,"max_hp_gain":0,"max_hp_loss":0,"event_name":"Living Wall","floor":5,"gold_loss":0,"cards_upgraded":["Zap"]},{"damage_healed":0,"gold_gain":0,"player_choice":"2 cards matched","damage_taken":0,"max_hp_gain":0,"max_hp_loss":0,"event_name":"Match and Keep!","floor":13,"gold_loss":0,"cards_obtained":["Zap","Doom and Gloom"]},{"damage_healed":0,"gold_gain":0,"player_choice":"Opened","damage_taken":0,"relics_obtained":["Art of War"],"max_hp_gain":0,"max_hp_loss":0,"event_name":"The Mausoleum","floor":19,"gold_loss":0},{"damage_healed":0,"gold_gain":0,"player_choice":"Ignored","damage_taken":0,"max_hp_gain":0,"max_hp_loss":0,"event_name":"Vampires","floor":22,"gold_loss":0},{"damage_healed":0,"gold_gain":99,"player_choice":"Stole From Cult","damage_taken":0,"max_hp_gain":0,"max_hp_loss":0,"event_name":"Nest","floor":25,"gold_loss":0},{"damage_healed":0,"gold_gain":0,"player_choice":"3 cards matched","damage_taken":0,"max_hp_gain":0,"max_hp_loss":0,"event_name":"Match and Keep!","floor":30,"gold_loss":0,"cards_obtained":["Zap","Multi-Cast","Rebound"]},{"cards_removed":["Strike_B"],"damage_healed":0,"gold_gain":0,"player_choice":"Purged","damage_taken":0,"max_hp_gain":0,"max_hp_loss":0,"event_name":"Purifier","floor":37,"gold_loss":0},{"damage_healed":0,"gold_gain":0,"player_choice":"Fight","damage_taken":0,"max_hp_gain":0,"max_hp_loss":0,"event_name":"MindBloom","floor":45,"gold_loss":0}],"is_beta":false,"boss_relics":[{"not_picked":["Tiny House","Pandora\u0027s Box"],"picked":"Philosopher\u0027s Stone"},{"not_picked":["Nuclear Battery","FrozenCore"],"picked":"Cursed Key"}],"items_purged_floors":[20,38,46],"is_endless":false,"potions_floor_spawned":[1,11,14,18,23,29,33,35,42],"killed_by":"Awakened One","ascension_level":5}