{"gold_per_floor":[11,11,11,36,61,61,105,105,105,146,167,167,24,55,55,186,186,201,201,215,254,48,48,48,48,75,114,114,139,163,78,78,197,197,216,230,230,452,477,477,325,325,325,348,364,364,224,224,224,224,224,224,22,66,66],"floor_reached":55,"playtime":3199,"items_purged":["Defend_R","Metallicize+1","Demon Form+1"],"score":706,"play_id":"fb293e71-cf1d-4a6b-835b-fb37ab28f795","local_time":"20181207235520","is_ascension_mode":false,"campfire_choices":[{"data":"Fiend Fire","floor":6,"key":"SMITH"},{"data":"Demon Form","floor":12,"key":"SMITH"},{"data":"Uppercut","floor":15,"key":"SMITH"},{"data":"Reaper","floor":23,"key":"SMITH"},{"floor":25,"key":"REST"},{"data":"Feed","floor":28,"key":"SMITH"},{"data":"Heavy Blade","floor":32,"key":"SMITH"},{"floor":40,"key":"RECALL"},{"data":"Metallicize","floor":42,"key":"SMITH"},{"data":"Defend_R","floor":46,"key":"SMITH"},{"floor":49,"key":"REST"},{"data":"Defend_R","floor":52,"key":"SMITH"}],"neow_cost":"NO_GOLD","seed_source_timestamp":769935142876543,"circlet_count":0,"master_deck":["Strike_R+1","Defend_R+1","Defend_R+1","Defend_R+1","Fiend Fire+1","Uppercut+1","Shockwave+1","Ghostly Armor+1","Reaper+1","Demon Form+1","Shrug It Off+1","Feed+1","Battle Trance+1","Intimidate+1","Heavy Blade+1","Ghostly Armor+1","Disarm+1"],"relics":["Burning Blood","Golden Idol","Toxic Egg 2","Juzu Bracelet","Happy Flower","Dream Catcher","Empty Cage","Red Mask","ClockworkSouvenir","Bronze Scales","Unceasing Top","Omamori","Lizard Tail","Orichalcum","Lantern"],"potions_floor_usage":[7,11,18,20,21,29,29,33,50,54],"damage_taken":[{"damage":0,"enemies":"Cultist","floor":1,"turns":2},{"damage":3,"enemies":"Small Slimes","floor":4,"turns":3},{"damage":1,"enemies":"2 Louse","floor":5,"turns":2},{"damage":13,"enemies":"3 Sentries","floor":7,"turns":10},{"damage":23,"enemies":"Lagavulin","floor":10,"turns":6},{"damage":3,"enemies":"Lots of Slimes","floor":11,"turns":4},{"damage":19,"enemies":"3 Sentries","floor":14,"turns":6},{"damage":9,"enemies":"Hexaghost","floor":16,"turns":7},{"damage":30,"enemies":"3 Byrds","floor":18,"turns":7},{"damage":16,"enemies":"Spheric Guardian","floor":20,"turns":4},{"damage":53,"enemies":"Masked Bandits","floor":21,"turns":6},{"damage":15,"enemies":"Book of Stabbing","floor":27,"turns":4},{"damage":5,"enemies":"Snake Plant","floor":29,"turns":6},{"damage":31,"enemies":"Cultist and Chosen","floor":30,"turns":5},{"damage":33,"enemies":"Automaton","floor":33,"turns":7},{"damage":15,"enemies":"Orb Walker","floor":35,"turns":3},{"damage":32,"enemies":"3 Darklings","floor":36,"turns":8},{"damage":9,"enemies":"Maw","floor":39,"turns":8},{"damage":27,"enemies":"Jaw Worm Horde","floor":44,"turns":4},{"damage":35,"enemies":"Sphere and 2 Shapes","floor":45,"turns":5},{"damage":41,"enemies":"Awakened One","floor":50,"turns":11},{"damage":142,"enemies":"Shield and Spear","floor":54,"turns":12},{"damage":26,"enemies":"The Heart","floor":55,"turns":2}],"seed_played":"6045797900195989319","potions_obtained":[{"floor":4,"key":"EssenceOfSteel"},{"floor":10,"key":"AttackPotion"},{"floor":11,"key":"Ancient Potion"},{"floor":16,"key":"AttackPotion"},{"floor":18,"key":"Strength Potion"},{"floor":20,"key":"Explosive Potion"},{"floor":21,"key":"Ancient Potion"},{"floor":30,"key":"BloodPotion"},{"floor":36,"key":"FairyPotion"},{"floor":45,"key":"PowerPotion"}],"is_trial":false,"path_per_floor":["M","?","?","M","M","R","E","?","T","E","M","R","$","E","R","B",null,"M","?","M","?","$","R","?","R","T","E","R","M","M","?","R","B",null,"M","M","?","?","M","R","$","R","T","M","M","R","$","?","R","B",null,"R","$","E","B"],"character_chosen":"IRONCLAD","items_purchased":["Happy Flower","ClockworkSouvenir","Ghostly Armor+1","Disarm+1","Regen Potion"],"campfire_rested":2,"item_purchase_floors":[13,22,41,47,53],"current_hp_per_floor":[80,64,64,67,72,72,65,65,65,48,51,51,51,38,38,35,74,53,53,43,8,8,8,8,30,30,21,21,42,57,57,57,37,74,71,74,74,74,71,71,71,71,71,54,41,41,41,41,64,62,78,78,78,10,0],"gold":66,"neow_bonus":"THREE_RARE_CARDS","is_prod":false,"is_daily":false,"chose_seed":false,"campfire_upgraded":9,"win_rate":0,"timestamp":1544194520,"path_taken":["M","?","?","M","M","R","E","?","T","E","M","R","$","E","R","BOSS","M","?","M","?","$","R","?","R","T","E","R","M","M","?","R","BOSS","M","M","?","?","M","R","$","R","T","M","M","R","$","?","R","BOSS","R","$","E","BOSS"],"build_version":"2018-12-06","purchased_purges":3,"victory":false,"max_hp_per_floor":[80,80,74,74,74,74,74,74,74,74,74,74,74,74,74,74,74,74,74,74,74,74,74,74,74,74,74,74,74,74,74,74,74,74,74,74,74,74,74,74,74,74,74,78,78,78,78,78,78,78,78,78,78,78,78],"card_choices":[{"not_picked":["Feed","Bludgeon"],"picked":"Fiend Fire","floor":0},{"not_picked":["Anger","Body Slam","Wild Strike"],"picked":"SKIP","floor":1},{"not_picked":["Corruption","Perfected Strike"],"picked":"Uppercut","floor":4},{"not_picked":["Anger","Evolve","Sword Boomerang"],"picked":"SKIP","floor":5},{"not_picked":["Rampage","Power Through","Pummel"],"picked":"SKIP","floor":7},{"not_picked":["Dark Embrace","Whirlwind"],"picked":"Shockwave+1","floor":10},{"not_picked":["Rupture","Iron Wave"],"picked":"Ghostly Armor+1","floor":11},{"not_picked":["Spot Weakness+1","Power Through+1","Dual Wield+1"],"picked":"SKIP","floor":14},{"not_picked":["Offering+1","Fiend Fire"],"picked":"Reaper","floor":16},{"not_picked":["Dual Wield+1","Flex+1","Armaments+1"],"picked":"SKIP","floor":18},{"not_picked":["Twin Strike","Pommel Strike"],"picked":"Metallicize","floor":20},{"not_picked":["Reckless Charge","Headbutt"],"picked":"Shrug It Off+1","floor":21},{"not_picked":["Flex+1","Anger"],"picked":"Intimidate+1","floor":27},{"not_picked":["Body Slam","Thunderclap","Clash"],"picked":"SKIP","floor":29},{"not_picked":["Inflame","Hemokinesis"],"picked":"Heavy Blade","floor":30},{"not_picked":["Body Slam+1","Pommel Strike+1","Reckless Charge+1"],"picked":"SKIP","floor":35},{"not_picked":["Spot Weakness+1","Shockwave+1","Combust+1"],"picked":"SKIP","floor":36},{"not_picked":["Spot Weakness+1","Shockwave+1","Combust+1"],"picked":"SKIP","floor":36},{"not_picked":["Twin Strike","Thunderclap","Flex+1"],"picked":"SKIP","floor":39},{"not_picked":["Twin Strike","Thunderclap","Flex+1"],"picked":"SKIP","floor":39},{"not_picked":["Thunderclap+1","Blood for Blood+1","Armaments+1"],"picked":"SKIP","floor":44},{"not_picked":["Headbutt","Sever Soul","True Grit+1"],"picked":"SKIP","floor":45},{"not_picked":["Headbutt","Sever Soul","True Grit+1"],"picked":"SKIP","floor":45},{"not_picked":["Pommel Strike+1","Body Slam+1","Headbutt+1"],"picked":"SKIP","floor":54}],"player_experience":83552,"relics_obtained":[{"floor":7,"key":"Toxic Egg 2"},{"floor":10,"key":"Juzu Bracelet"},{"floor":14,"key":"Dream Catcher"},{"floor":21,"key":"Red Mask"},{"floor":26,"key":"Bronze Scales"},{"floor":27,"key":"Unceasing Top"},{"floor":43,"key":"Orichalcum"},{"floor":54,"key":"Lantern"}],"event_choices":[{"damage_healed":0,"gold_gain":0,"player_choice":"Entered Light","damage_taken":16,"max_hp_gain":0,"max_hp_loss":0,"event_name":"Shining Light","floor":2,"gold_loss":0,"cards_upgraded":["Defend_R","Strike_R"]},{"damage_healed":0,"gold_gain":0,"player_choice":"Lose Max HP","damage_taken":0,"relics_obtained":["Golden Idol"],"max_hp_gain":0,"max_hp_loss":6,"event_name":"Golden Idol","floor":3,"gold_loss":0},{"damage_healed":0,"gold_gain":0,"cards_transformed":["Strike_R"],"player_choice":"Change","damage_taken":0,"max_hp_gain":0,"max_hp_loss":0,"event_name":"Living Wall","floor":8,"gold_loss":0,"cards_obtained":["Demon Form"]},{"damage_healed":0,"gold_gain":0,"player_choice":"Copied","damage_taken":0,"max_hp_gain":0,"max_hp_loss":0,"event_name":"Duplicator","floor":19,"gold_loss":0,"cards_obtained":["Demon Form"]},{"damage_healed":0,"gold_gain":0,"player_choice":"Fought Bandits","damage_taken":0,"max_hp_gain":0,"max_hp_loss":0,"event_name":"Masked Bandits","floor":21,"gold_loss":0},{"damage_healed":0,"gold_gain":0,"cards_transformed":["Strike_R","Strike_R"],"player_choice":"Became Test Subject","damage_taken":0,"max_hp_gain":0,"max_hp_loss":0,"event_name":"Drug Dealer","floor":24,"gold_loss":0,"cards_obtained":["Feed","Battle Trance"]},{"damage_healed":0,"gold_gain":0,"player_choice":"Obtained Relic","damage_taken":0,"relics_obtained":["Omamori"],"max_hp_gain":0,"max_hp_loss":0,"event_name":"Addict","floor":31,"gold_loss":85},{"damage_healed":0,"gold_gain":0,"player_choice":"Ignored","damage_taken":0,"max_hp_gain":0,"max_hp_loss":0,"event_name":"NoteForYourself","floor":37,"gold_loss":0},{"damage_healed":0,"gold_gain":222,"player_choice":"Wore Mask","damage_taken":0,"max_hp_gain":0,"max_hp_loss":0,"event_name":"Tomb of Lord Red Mask","floor":38,"gold_loss":0},{"damage_healed":0,"gold_gain":0,"player_choice":"Ignored","damage_taken":0,"max_hp_gain":0,"max_hp_loss":0,"event_name":"Mysterious Sphere","floor":48,"gold_loss":0}],"is_beta":false,"boss_relics":[{"not_picked":["Snecko Eye","Philosopher\u0027s Stone"],"picked":"Empty Cage"},{"not_picked":["Mark of Pain","Runic Pyramid"],"picked":"Lizard Tail"}],"items_purged_floors":[41,47,53],"is_endless":false,"potions_floor_spawned":[4,10,11,16,18,20,21,30,36,45],"killed_by":"The Heart","ascension_level":0}