{"gold_per_floor":[359,377,58,69,85,118,118,153,153,167,117,117,117,17,17,118,118,136,147,147,162,17,17,32,32,32,132,149,164,164,164,164,265,265,285,7,23,42,42,42,54,54,54,54,54,69,69,89,89,89],"floor_reached":51,"playtime":2528,"items_purged":["Regret","Strike_R","Defend_R"],"score":684,"play_id":"1a02f689-9dea-4cc7-8346-acf5e160f4cf","local_time":"20181210124237","is_ascension_mode":false,"campfire_choices":[{"data":"Infernal Blade","floor":7,"key":"SMITH"},{"data":"Bash","floor":12,"key":"SMITH"},{"data":"Bloodletting","floor":15,"key":"SMITH"},{"data":"Offering","floor":23,"key":"SMITH"},{"data":"Shockwave","floor":32,"key":"SMITH"},{"data":"Exhume","floor":40,"key":"SMITH"},{"data":"Heavy Blade","floor":42,"key":"SMITH"},{"floor":45,"key":"REST"},{"data":"Armaments","floor":49,"key":"SMITH"}],"neow_cost":"CURSE","seed_source_timestamp":989882528240460,"circlet_count":0,"master_deck":["Strike_R","Strike_R","Strike_R","Defend_R","Defend_R","Bash+1","Bloodletting+1","Dropkick","Infernal Blade+1","Impervious","Offering+1","Anger","Flex","Shockwave+1","J.A.X.","Exhume+1","Armaments+1","Offering","Heavy Blade+1","Impervious"],"relics":["Burning Blood","Brimstone","Ancient Tea Set","Champion Belt","StoneCalendar","Cursed Key","Bag of Preparation","Incense Burner","Pear","White Beast Statue","Pen Nib"],"potions_floor_usage":[6,16,27,27,38,50,50,50],"damage_taken":[{"damage":10,"enemies":"2 Louse","floor":1,"turns":2},{"damage":16,"enemies":"Small Slimes","floor":2,"turns":5},{"damage":15,"enemies":"Jaw Worm","floor":4,"turns":3},{"damage":3,"enemies":"3 Louse","floor":5,"turns":3},{"damage":14,"enemies":"3 Sentries","floor":6,"turns":4},{"damage":21,"enemies":"Lagavulin","floor":8,"turns":4},{"damage":10,"enemies":"Red Slaver","floor":10,"turns":2},{"damage":10,"enemies":"Slime Boss","floor":16,"turns":7},{"damage":8,"enemies":"2 Thieves","floor":18,"turns":3},{"damage":6,"enemies":"Chosen","floor":19,"turns":3},{"damage":14,"enemies":"Centurion and Healer","floor":21,"turns":3},{"damage":6,"enemies":"Snecko","floor":24,"turns":2},{"damage":20,"enemies":"Colosseum Slavers","floor":27,"turns":4},{"damage":22,"enemies":"Colosseum Nobs","floor":27,"turns":3},{"damage":8,"enemies":"Cultist and Chosen","floor":28,"turns":4},{"damage":15,"enemies":"Snake Plant","floor":29,"turns":3},{"damage":19,"enemies":"Collector","floor":33,"turns":6},{"damage":26,"enemies":"Orb Walker","floor":35,"turns":4},{"damage":12,"enemies":"3 Shapes","floor":37,"turns":3},{"damage":22,"enemies":"Sphere and 2 Shapes","floor":38,"turns":4},{"damage":32,"enemies":"Transient","floor":41,"turns":5},{"damage":16,"enemies":"Maw","floor":46,"turns":4},{"damage":23,"enemies":"4 Shapes","floor":48,"turns":2},{"damage":26,"enemies":"Donu and Deca","floor":50,"turns":5}],"seed_played":"-1306656775427391523","potions_obtained":[{"floor":4,"key":"SteroidPotion"},{"floor":8,"key":"Explosive Potion"},{"floor":10,"key":"Weak Potion"},{"floor":19,"key":"Strength Potion"},{"floor":24,"key":"FearPotion"},{"floor":28,"key":"PowerPotion"},{"floor":33,"key":"BloodPotion"},{"floor":38,"key":"SneckoOil"},{"floor":41,"key":"SkillPotion"},{"floor":48,"key":"Strength Potion"}],"is_trial":false,"path_per_floor":["M","M","$","M","M","E","R","E","T","M","?","R","?","$","R","B",null,"M","M","?","M","$","R","M","T","T","?","M","M","?","?","R","B",null,"M","$","M","M","?","R","M","R","T","$","R","M","?","M","R","B",null],"character_chosen":"IRONCLAD","items_purchased":["Brimstone","Bloodletting","Bag of Preparation","Pen Nib"],"campfire_rested":1,"item_purchase_floors":[3,3,22,36],"current_hp_per_floor":[76,66,66,57,60,52,52,37,37,33,33,33,33,33,33,29,80,78,78,78,70,70,70,70,70,70,50,48,39,39,39,39,26,90,70,70,64,57,57,57,31,31,31,31,58,48,48,31,31,11],"gold":89,"neow_bonus":"TWO_FIFTY_GOLD","is_prod":false,"is_daily":false,"chose_seed":false,"campfire_upgraded":8,"win_rate":0,"timestamp":1544413357,"path_taken":["M","M","$","M","M","E","R","E","T","M","?","R","?","?","R","BOSS","M","M","?","M","$","R","?","?","T","?","?","M","?","?","R","BOSS","M","$","M","M","?","R","M","R","T","$","R","?","?","M","R","BOSS"],"build_version":"2018-12-06","purchased_purges":3,"victory":true,"max_hp_per_floor":[80,80,80,80,80,80,80,80,80,80,80,80,80,80,80,80,80,80,80,80,80,80,80,80,80,80,90,90,90,90,90,90,90,90,90,90,90,90,90,90,90,90,90,90,90,90,90,90,90,90],"card_choices":[{"not_picked":["Pommel Strike","Anger","Twin Strike"],"picked":"SKIP","floor":1},{"not_picked":["Warcry","Wild Strike","Pommel Strike"],"picked":"SKIP","floor":2},{"not_picked":["Pommel Strike","True Grit"],"picked":"Dropkick","floor":4},{"not_picked":["Wild Strike","Sword Boomerang"],"picked":"Infernal Blade","floor":5},{"not_picked":["Iron Wave","Uppercut"],"picked":"Impervious","floor":6},{"not_picked":["Feel No Pain","Warcry","Intimidate"],"picked":"SKIP","floor":8},{"not_picked":["Wild Strike","Perfected Strike","Reckless Charge"],"picked":"SKIP","floor":10},{"not_picked":["Feed","Juggernaut"],"picked":"Offering","floor":16},{"not_picked":["Headbutt+1","Iron Wave","Twin Strike"],"picked":"SKIP","floor":18},{"not_picked":["Combust","Iron Wave","Sever Soul"],"picked":"SKIP","floor":19},{"not_picked":["Perfected Strike","Warcry+1","Rampage+1"],"picked":"SKIP","floor":21},{"not_picked":["Rage+1","Power Through","Armaments"],"picked":"SKIP","floor":24},{"not_picked":["Pommel Strike","Anger+1"],"picked":"Flex","floor":28},{"not_picked":["Blood for Blood","Shrug It Off"],"picked":"Shockwave","floor":29},{"not_picked":["Immolate","Bludgeon"],"picked":"Exhume","floor":33},{"not_picked":["Flex","Dropkick+1","Reckless Charge"],"picked":"SKIP","floor":35},{"not_picked":["Anger","Twin Strike","True Grit"],"picked":"SKIP","floor":37},{"not_picked":["Dual Wield","Rampage+1"],"picked":"Armaments","floor":38},{"not_picked":["True Grit+1","Rage"],"picked":"Heavy Blade","floor":41},{"not_picked":["Perfected Strike","Rage+1"],"picked":"Impervious","floor":46},{"not_picked":["Cleave","Body Slam+1","Heavy Blade"],"picked":"SKIP","floor":48}],"player_experience":126110,"relics_obtained":[{"floor":6,"key":"Ancient Tea Set"},{"floor":8,"key":"Champion Belt"},{"floor":9,"key":"StoneCalendar"},{"floor":27,"key":"Incense Burner"},{"floor":27,"key":"Pear"}],"event_choices":[{"cards_removed":["Strike_R"],"damage_healed":0,"gold_gain":0,"player_choice":"Card Removal","damage_taken":0,"max_hp_gain":0,"max_hp_loss":0,"event_name":"The Cleric","floor":11,"gold_loss":50},{"damage_healed":0,"gold_gain":0,"player_choice":"Ignored","damage_taken":0,"max_hp_gain":0,"max_hp_loss":0,"event_name":"Liars Game","floor":13,"gold_loss":0},{"damage_healed":0,"gold_gain":0,"player_choice":"1 cards matched","damage_taken":0,"max_hp_gain":0,"max_hp_loss":0,"event_name":"Match and Keep!","floor":20,"gold_loss":0,"cards_obtained":["Anger"]},{"damage_healed":0,"gold_gain":0,"player_choice":"1 cards matched","damage_taken":0,"max_hp_gain":0,"max_hp_loss":0,"event_name":"Match and Keep!","floor":20,"gold_loss":0,"cards_obtained":["Anger"]},{"damage_healed":0,"gold_gain":0,"player_choice":"Fight","damage_taken":0,"max_hp_gain":0,"max_hp_loss":0,"event_name":"Colosseum","floor":27,"gold_loss":0},{"damage_healed":0,"gold_gain":0,"player_choice":"Fought Nobs","damage_taken":0,"max_hp_gain":0,"max_hp_loss":0,"event_name":"Colosseum","floor":27,"gold_loss":0},{"damage_healed":0,"gold_gain":0,"player_choice":"Obtain J.A.X.","damage_taken":0,"max_hp_gain":0,"max_hp_loss":0,"event_name":"Drug Dealer","floor":30,"gold_loss":0,"cards_obtained":["J.A.X."]},{"damage_healed":0,"gold_gain":0,"player_choice":"Ignored","damage_taken":0,"max_hp_gain":0,"max_hp_loss":0,"event_name":"Ghosts","floor":31,"gold_loss":0},{"damage_healed":0,"gold_gain":0,"player_choice":"1 cards matched","damage_taken":0,"max_hp_gain":0,"max_hp_loss":0,"event_name":"Match and Keep!","floor":39,"gold_loss":0,"cards_obtained":["Offering"]},{"cards_removed":["Defend_R"],"damage_healed":0,"gold_gain":0,"player_choice":"Removed Skill","damage_taken":0,"max_hp_gain":0,"max_hp_loss":0,"event_name":"Falling","floor":47,"gold_loss":0}],"is_beta":false,"boss_relics":[{"not_picked":["Astrolabe","Black Star"],"picked":"Cursed Key"},{"not_picked":["Empty Cage","Calling Bell"],"picked":"White Beast Statue"}],"items_purged_floors":[3,14,36],"is_endless":false,"potions_floor_spawned":[4,8,10,19,24,28,33,35,37,38,41,46,48],"ascension_level":0}