{"gold_per_floor":[216,141,154,165,135,135,170,37,37,37,37],"floor_reached":11,"playtime":318,"items_purged":[],"score":138,"play_id":"c8d42031-c50e-4dc9-ade2-ea82317c6776","local_time":"20190306104143","is_ascension_mode":true,"campfire_choices":[{"data":"Quick Slash","floor":6,"key":"SMITH"}],"neow_cost":"NONE","seed_source_timestamp":623498412525563,"circlet_count":0,"master_deck":["AscendersBane","Defend_G","Defend_G","Defend_G","Defend_G","Defend_G","Strike_G","Strike_G","Strike_G","Strike_G","Survivor","Neutralize","Quick Slash+1","Leg Sweep","Footwork","Backflip","Skewer"],"relics":["Ring of the Snake","Nunchaku","Ice Cream"],"potions_floor_usage":[7,11,11],"damage_taken":[{"damage":7,"enemies":"Jaw Worm","floor":1,"turns":6},{"damage":3,"enemies":"Cultist","floor":3,"turns":4},{"damage":2,"enemies":"Small Slimes","floor":4,"turns":5},{"damage":42,"enemies":"Gremlin Nob","floor":7,"turns":6},{"damage":4,"enemies":"Lagavulin","floor":11,"turns":6}],"seed_played":"2038020240589534229","potions_obtained":[{"floor":4,"key":"Weak Potion"},{"floor":5,"key":"SkillPotion"},{"floor":7,"key":"SpeedPotion"}],"is_trial":false,"path_per_floor":["M","?","M","M","?","R","E","$","T","$","E"],"character_chosen":"THE_SILENT","items_purchased":["Backflip","Skewer"],"campfire_rested":0,"item_purchase_floors":[8,8],"current_hp_per_floor":[52,52,49,47,47,47,5,5,5,5,1],"gold":37,"neow_bonus":"HUNDRED_GOLD","is_prod":false,"is_daily":false,"chose_seed":false,"campfire_upgraded":1,"win_rate":0,"timestamp":1551836503,"path_taken":["M","?","M","M","?","R","E","$","T","$","E"],"build_version":"2019-01-23","purchased_purges":0,"victory":false,"max_hp_per_floor":[66,66,66,66,66,66,66,66,66,66,66],"card_choices":[{"not_picked":["Prepared","Deadly Poison"],"picked":"Quick Slash","floor":1},{"not_picked":["Flying Knee","Poisoned Stab"],"picked":"Leg Sweep","floor":3},{"not_picked":["Slice","Acrobatics"],"picked":"Footwork","floor":4},{"not_picked":["Flechettes","Concentrate","Catalyst"],"picked":"SKIP","floor":7}],"player_experience":630757,"relics_obtained":[{"floor":7,"key":"Nunchaku"},{"floor":9,"key":"Ice Cream"}],"event_choices":[{"cards_removed":["Strike_G"],"damage_healed":0,"gold_gain":0,"player_choice":"Card Removal","damage_taken":0,"max_hp_gain":0,"max_hp_loss":0,"event_name":"The Cleric","floor":2,"gold_loss":75},{"damage_healed":0,"gold_gain":0,"player_choice":"Bought 2 Potions","damage_taken":0,"max_hp_gain":0,"max_hp_loss":0,"event_name":"The Woman in Blue","floor":5,"gold_loss":0}],"is_beta":false,"boss_relics":[],"items_purged_floors":[],"is_endless":false,"potions_floor_spawned":[4,7],"killed_by":"Lagavulin","ascension_level":19}