{"gold_per_floor":[119,139,139,156,175,175,204,204,204,204,47,47,58,58,58,130,130,149,149,149,160,85,85,110,110,110,110,121,21,21,46,46,46],"floor_reached":33,"playtime":772,"items_purged":["Shame","Strike_B"],"score":548,"play_id":"468d6984-b9d6-4e4f-88cc-8b1fa6b0c544","local_time":"20190331005523","is_ascension_mode":true,"campfire_choices":[{"data":"Loop","floor":6,"key":"SMITH"},{"data":"Self Repair","floor":8,"key":"SMITH"},{"data":"Coolheaded","floor":10,"key":"SMITH"},{"data":"Zap","floor":12,"key":"SMITH"},{"data":"White Noise","floor":15,"key":"SMITH"},{"data":"Dualcast","floor":23,"key":"SMITH"},{"data":"Go for the Eyes","floor":25,"key":"SMITH"},{"data":"Leap","floor":27,"key":"SMITH"},{"data":"Electrodynamics","floor":30,"key":"SMITH"},{"floor":32,"key":"REST"}],"neow_cost":"NONE","seed_source_timestamp":9239402192200,"circlet_count":0,"master_deck":["AscendersBane","Strike_B","Strike_B","Strike_B","Defend_B","Defend_B","Defend_B","Defend_B","Zap+1","Dualcast+1","Self Repair+1","Loop+1","White Noise+1","Coolheaded+1","Electrodynamics+1","Go for the Eyes+1","All For One","Loop+1","Leap+1","Fusion+1","Redo+1","Leap"],"relics":["Cracked Core","DataDisk","PreservedInsect","Ginger","Matryoshka","Runic Pyramid","Blood Vial","Centennial Puzzle","Dream Catcher","Molten Egg 2","Gremlin Horn"],"potions_floor_usage":[18,31],"damage_taken":[{"damage":4,"enemies":"Jaw Worm","floor":1,"turns":4},{"damage":1,"enemies":"Cultist","floor":2,"turns":3},{"damage":6,"enemies":"2 Louse","floor":4,"turns":3},{"damage":12,"enemies":"Looter","floor":5,"turns":4},{"damage":36,"enemies":"Gremlin Nob","floor":7,"turns":4},{"damage":9,"enemies":"Large Slime","floor":13,"turns":4},{"damage":26,"enemies":"Slime Boss","floor":16,"turns":7},{"damage":25,"enemies":"3 Byrds","floor":18,"turns":4},{"damage":0,"enemies":"Spheric Guardian","floor":21,"turns":3},{"damage":36,"enemies":"Book of Stabbing","floor":24,"turns":5},{"damage":0,"enemies":"Chosen and Byrds","floor":28,"turns":5},{"damage":7,"enemies":"Slavers","floor":31,"turns":2},{"damage":63,"enemies":"Automaton","floor":33,"turns":8}],"seed_played":"9133500499466701709","potions_obtained":[{"floor":4,"key":"FocusPotion"},{"floor":5,"key":"FearPotion"},{"floor":13,"key":"Weak Potion"},{"floor":21,"key":"FearPotion"},{"floor":31,"key":"Explosive Potion"}],"is_trial":false,"path_per_floor":["M","M","?","M","M","R","E","R","T","R","$","R","M","$","R","B",null,"M","?","?","M","$","R","E","R","T","R","M","$","R","E","R","B"],"character_chosen":"DEFECT","items_purchased":["Electrodynamics"],"campfire_rested":1,"item_purchase_floors":[11],"current_hp_per_floor":[60,66,66,67,62,62,33,33,33,33,33,33,34,34,34,18,58,43,43,43,45,45,45,21,21,21,21,33,33,33,28,49,0],"gold":46,"neow_bonus":"RANDOM_COMMON_RELIC","is_prod":false,"is_daily":false,"chose_seed":false,"campfire_upgraded":9,"win_rate":0,"timestamp":1553990123,"path_taken":["M","M","?","M","?","R","E","R","T","R","$","R","M","$","R","BOSS","M","?","?","M","$","R","E","R","T","R","?","$","R","E","R","BOSS"],"build_version":"2019-01-23","purchased_purges":2,"victory":false,"max_hp_per_floor":[71,71,71,71,71,71,71,71,71,71,71,71,71,71,71,71,71,71,71,71,71,71,71,71,71,71,71,71,71,71,71,71,71],"card_choices":[{"not_picked":["Beam Cell","Skim"],"picked":"Self Repair","floor":1},{"not_picked":["Compile Driver","Chaos"],"picked":"Rebound","floor":2},{"not_picked":["Stack","Doom and Gloom"],"picked":"Loop","floor":4},{"not_picked":["Stack","Sweeping Beam"],"picked":"White Noise","floor":5},{"not_picked":["Compile Driver","Meteor Strike"],"picked":"Coolheaded","floor":7},{"not_picked":["Beam Cell","Aggregate"],"picked":"Go for the Eyes","floor":13},{"not_picked":["Electrodynamics","Hyperbeam"],"picked":"All For One","floor":16},{"not_picked":["Melter","Reprogram"],"picked":"Loop+1","floor":18},{"not_picked":["Turbo","Steam","Cold Snap"],"picked":"SKIP","floor":21},{"not_picked":["Force Field","Ball Lightning","Lockon+1"],"picked":"SKIP","floor":24},{"not_picked":["Hologram","Steam"],"picked":"Fusion+1","floor":28},{"not_picked":["Gash+1","Hyperbeam+1"],"picked":"Redo+1","floor":31},{"not_picked":["Redo","Sweeping Beam+1"],"picked":"Leap","floor":32}],"player_experience":504734,"relics_obtained":[{"floor":7,"key":"Ginger"},{"floor":9,"key":"Matryoshka"},{"floor":24,"key":"Centennial Puzzle"},{"floor":26,"key":"Dream Catcher"},{"floor":26,"key":"Molten Egg 2"},{"floor":31,"key":"Gremlin Horn"}],"event_choices":[{"cards_removed":["Rebound"],"damage_healed":0,"gold_gain":0,"player_choice":"Gave Card","damage_taken":0,"relics_obtained":["PreservedInsect"],"max_hp_gain":0,"max_hp_loss":0,"event_name":"WeMeetAgain","floor":3,"gold_loss":0},{"damage_healed":0,"gold_gain":0,"player_choice":"Read","damage_taken":0,"max_hp_gain":0,"max_hp_loss":0,"event_name":"The Library","floor":19,"gold_loss":0,"cards_obtained":["Leap"]},{"damage_healed":0,"gold_gain":0,"player_choice":"Stole Relic","damage_taken":0,"relics_obtained":["Blood Vial"],"max_hp_gain":0,"max_hp_loss":0,"event_name":"Addict","floor":20,"gold_loss":0,"cards_obtained":["Shame"]}],"is_beta":false,"boss_relics":[{"not_picked":["Eternal Feather","Astrolabe"],"picked":"Runic Pyramid"}],"items_purged_floors":[22,29],"is_endless":false,"potions_floor_spawned":[4,5,13,16,21,24,31],"killed_by":"Automaton","ascension_level":19}