{"gold_per_floor":[114,114,39,50,50,68,68,24,24,24,44,60,4,4],"floor_reached":14,"playtime":314,"items_purged":["Strike_B"],"score":152,"play_id":"443d1b58-cd98-4e01-b8b3-7308429d0a8f","local_time":"20190318234656","is_ascension_mode":true,"campfire_choices":[{"data":"Zap","floor":7,"key":"SMITH"},{"data":"Self Repair","floor":10,"key":"SMITH"}],"neow_cost":"PERCENT_DAMAGE","seed_source_timestamp":441008966546000,"circlet_count":0,"master_deck":["AscendersBane","Strike_B","Strike_B","Strike_B","Defend_B","Defend_B","Defend_B","Zap+1","Dualcast","BootSequence","Glacier","Coolheaded","Self Repair+1","Glacier","Gash","Coolheaded"],"relics":["Cracked Core","Nunchaku","Dodecahedron"],"potions_floor_usage":[],"damage_taken":[{"damage":4,"enemies":"Small Slimes","floor":1,"turns":4},{"damage":6,"enemies":"Cultist","floor":4,"turns":3},{"damage":0,"enemies":"Jaw Worm","floor":6,"turns":4},{"damage":12,"enemies":"Red Slaver","floor":11,"turns":5},{"damage":3,"enemies":"Exordium Wildlife","floor":12,"turns":8},{"damage":76,"enemies":"Gremlin Nob","floor":14,"turns":5}],"seed_played":"7784584213554168569","potions_obtained":[{"floor":12,"key":"Swift Potion"}],"is_trial":false,"path_per_floor":["M","?","$","M","?","M","R","$","T","R","M","M","$","E"],"character_chosen":"DEFECT","items_purchased":["Self Repair","Coolheaded"],"campfire_rested":0,"item_purchase_floors":[8,13],"current_hp_per_floor":[42,42,42,36,71,71,71,71,71,71,69,71,71,0],"gold":4,"neow_bonus":"ONE_RARE_RELIC","is_prod":false,"is_daily":false,"chose_seed":false,"campfire_upgraded":2,"win_rate":0,"timestamp":1552949216,"path_taken":["M","?","$","?","?","M","R","$","T","R","M","M","$","E"],"build_version":"2019-01-23","purchased_purges":1,"victory":false,"max_hp_per_floor":[71,71,71,71,71,71,71,71,71,71,71,71,71,71],"card_choices":[{"not_picked":["Barrage","Sweeping Beam"],"picked":"BootSequence","floor":1},{"not_picked":["Fusion","Sweeping Beam"],"picked":"Glacier","floor":4},{"not_picked":["Compile Driver","Conserve Battery"],"picked":"Coolheaded","floor":6},{"not_picked":["Leap","Compile Driver"],"picked":"Glacier","floor":11},{"not_picked":["Leap","Steam Power"],"picked":"Gash","floor":12}],"player_experience":487606,"relics_obtained":[{"floor":9,"key":"Dodecahedron"}],"event_choices":[{"cards_removed":["Defend_B"],"damage_healed":0,"gold_gain":0,"player_choice":"Offered Basic","damage_taken":0,"max_hp_gain":0,"max_hp_loss":0,"event_name":"Bonfire Elementals","floor":2,"gold_loss":0},{"damage_healed":35,"gold_gain":0,"player_choice":"Full Heal","damage_taken":0,"max_hp_gain":0,"max_hp_loss":0,"event_name":"Wheel of Change","floor":5,"gold_loss":0}],"is_beta":false,"boss_relics":[],"items_purged_floors":[3],"is_endless":false,"potions_floor_spawned":[12],"killed_by":"Gremlin Nob","ascension_level":18}