{"gold_per_floor":[112,112,37,2,18,43,43,43,66,66,85,119,131,161,161,261,261,261,81,81,0,0,0,0,0,0,0],"floor_reached":27,"playtime":1571,"items_purged":["Defend_G","Strike_G"],"score":402,"play_id":"33f9de0a-7185-4f4f-94f2-0fa86a57cac3","local_time":"20190324150147","is_ascension_mode":true,"campfire_choices":[{"data":"Noxious Fumes","floor":8,"key":"SMITH"},{"data":"Neutralize","floor":10,"key":"SMITH"},{"floor":15,"key":"REST"},{"data":"Accuracy","floor":23,"key":"SMITH"}],"neow_cost":"NONE","seed_source_timestamp":152713668219587,"circlet_count":0,"master_deck":["AscendersBane","Defend_G","Defend_G","Defend_G","Defend_G","Strike_G","Strike_G","Survivor","Neutralize+1","Accuracy+1","Doppelganger","Noxious Fumes+1","Cloak And Dagger","Cloak And Dagger","Footwork","Storm of Steel","Dagger Spray","Infinite Blades","Endless Agony","Cloak And Dagger+1","Escape Plan"],"relics":["Ring of the Snake","Anchor","Lantern","Strawberry","Pear","PreservedInsect","Ectoplasm","Potion Belt","Centennial Puzzle"],"potions_floor_usage":[6,14,25,25],"damage_taken":[{"damage":3,"enemies":"2 Louse","floor":1,"turns":6},{"damage":4,"enemies":"Cultist","floor":5,"turns":6},{"damage":37,"enemies":"3 Sentries","floor":6,"turns":9},{"damage":0,"enemies":"Jaw Worm","floor":11,"turns":4},{"damage":17,"enemies":"Gremlin Nob","floor":12,"turns":5},{"damage":11,"enemies":"Exordium Wildlife","floor":13,"turns":7},{"damage":13,"enemies":"3 Sentries","floor":14,"turns":8},{"damage":33,"enemies":"Hexaghost","floor":16,"turns":12},{"damage":19,"enemies":"Spheric Guardian","floor":18,"turns":6},{"damage":9,"enemies":"2 Thieves","floor":21,"turns":5},{"damage":0,"enemies":"Centurion and Healer","floor":22,"turns":8},{"damage":21,"enemies":"Book of Stabbing","floor":24,"turns":5},{"damage":7,"enemies":"Snake Plant","floor":25,"turns":5},{"damage":10,"enemies":"Chosen and Byrds","floor":27,"turns":4}],"seed_played":"542192465886830952","potions_obtained":[{"floor":1,"key":"Regen Potion"},{"floor":13,"key":"SpeedPotion"},{"floor":14,"key":"Dexterity Potion"},{"floor":16,"key":"Weak Potion"},{"floor":21,"key":"Block Potion"}],"is_trial":false,"path_per_floor":["M","?","$","$","M","E","?","R","T","R","M","E","M","E","R","B",null,"M","$","?","M","M","R","E","M","T","M"],"character_chosen":"THE_SILENT","items_purchased":["Noxious Fumes","Infinite Blades"],"campfire_rested":1,"item_purchase_floors":[4,19],"current_hp_per_floor":[60,60,60,60,56,34,34,34,41,41,41,34,23,10,36,3,66,47,47,47,38,38,38,17,10,10,0],"gold":0,"neow_bonus":"RANDOM_COMMON_RELIC","is_prod":false,"is_daily":false,"chose_seed":false,"campfire_upgraded":3,"win_rate":0,"timestamp":1553436107,"path_taken":["M","?","?","$","M","E","?","R","T","R","M","E","?","E","R","BOSS","M","$","?","?","M","R","E","M","T","M"],"build_version":"2019-01-23","purchased_purges":2,"victory":false,"max_hp_per_floor":[70,70,70,70,70,70,70,70,77,77,77,87,87,87,87,87,87,87,87,87,87,87,87,87,87,87,87],"card_choices":[{"not_picked":["Prepared","Well Laid Plans"],"picked":"Accuracy","floor":1},{"not_picked":["Catalyst","Distraction"],"picked":"Cloak And Dagger","floor":5},{"not_picked":["Acrobatics","Unload","Calculated Gamble"],"picked":"SKIP","floor":6},{"not_picked":["Outmaneuver","Bane"],"picked":"Cloak And Dagger","floor":11},{"not_picked":["Dagger Spray","Quick Slash","Dagger Throw"],"picked":"SKIP","floor":12},{"not_picked":["Expertise","Sucker Punch"],"picked":"Footwork","floor":13},{"not_picked":["Outmaneuver","PiercingWail"],"picked":"Storm of Steel","floor":14},{"not_picked":["Deflect","Outmaneuver"],"picked":"Dagger Spray","floor":18},{"not_picked":["Backflip","Skewer+1"],"picked":"Endless Agony","floor":21},{"not_picked":["Masterful Stab","Crippling Poison"],"picked":"Cloak And Dagger+1","floor":22},{"not_picked":["Dodge and Roll","Leg Sweep"],"picked":"Escape Plan","floor":24},{"not_picked":["Slice","Quick Slash","Concentrate"],"picked":"SKIP","floor":25}],"player_experience":360416,"relics_obtained":[{"floor":6,"key":"Lantern"},{"floor":9,"key":"Strawberry"},{"floor":12,"key":"Pear"},{"floor":14,"key":"PreservedInsect"},{"floor":24,"key":"Potion Belt"},{"floor":26,"key":"Centennial Puzzle"}],"event_choices":[{"damage_healed":0,"gold_gain":0,"cards_transformed":["Strike_G"],"player_choice":"Transformed","damage_taken":0,"max_hp_gain":0,"max_hp_loss":0,"event_name":"Transmorgrifier","floor":2,"gold_loss":0,"cards_obtained":["Doppelganger"]},{"damage_healed":0,"gold_gain":0,"player_choice":"Ignored","damage_taken":0,"max_hp_gain":0,"max_hp_loss":0,"event_name":"Liars Game","floor":7,"gold_loss":0},{"cards_removed":["Strike_G"],"damage_healed":0,"gold_gain":0,"player_choice":"Purged","damage_taken":0,"max_hp_gain":0,"max_hp_loss":0,"event_name":"Purifier","floor":20,"gold_loss":0}],"is_beta":false,"boss_relics":[{"not_picked":["Busted Crown","Philosopher\u0027s Stone"],"picked":"Ectoplasm"}],"items_purged_floors":[3,19],"is_endless":false,"potions_floor_spawned":[1,13,14,16,21],"killed_by":"Chosen and Byrds","ascension_level":10}