{"gold_per_floor":[117,117,136,151,151,185,68,68,95,107,133,148,148,202,202,202],"floor_reached":16,"playtime":360,"items_purged":["Strike_R"],"score":215,"play_id":"17438de3-6b73-44d6-8065-ac03d8e236d7","local_time":"20190331004221","is_ascension_mode":true,"campfire_choices":[{"data":"Rampage","floor":8,"key":"SMITH"},{"data":"Warcry","floor":13,"key":"SMITH"},{"floor":15,"key":"REST"}],"neow_cost":"NONE","seed_source_timestamp":8869616026100,"circlet_count":0,"master_deck":["AscendersBane","Strike_R","Strike_R","Strike_R","Defend_R","Defend_R","Defend_R","Defend_R","Bash","Anger","Battle Trance","Rampage+1","Disarm","Warcry+1","Disarm","Clothesline","Warcry"],"relics":["Burning Blood","MawBank","Omamori","Incense Burner","Ancient Tea Set"],"potions_floor_usage":[11,11],"damage_taken":[{"damage":4,"enemies":"Jaw Worm","floor":1,"turns":4},{"damage":0,"enemies":"Cultist","floor":3,"turns":3},{"damage":6,"enemies":"Small Slimes","floor":4,"turns":3},{"damage":33,"enemies":"Lagavulin","floor":6,"turns":8},{"damage":8,"enemies":"2 Fungi Beasts","floor":10,"turns":4},{"damage":29,"enemies":"Gremlin Nob","floor":11,"turns":4},{"damage":12,"enemies":"Red Slaver","floor":12,"turns":4},{"damage":37,"enemies":"Slime Boss","floor":16,"turns":6}],"seed_played":"-4743076846015329832","potions_obtained":[{"floor":1,"key":"SteroidPotion"},{"floor":6,"key":"SteroidPotion"},{"floor":10,"key":"Fire Potion"}],"is_trial":false,"path_per_floor":["M","?","M","M","?","E","$","R","T","M","E","M","R","T","R","B"],"character_chosen":"IRONCLAD","items_purchased":["Warcry"],"campfire_rested":1,"item_purchase_floors":[7],"current_hp_per_floor":[70,75,75,75,68,41,41,41,41,39,16,10,10,10,32,0],"gold":202,"neow_bonus":"THREE_CARDS","is_prod":false,"is_daily":false,"chose_seed":false,"campfire_upgraded":2,"win_rate":0,"timestamp":1553989341,"path_taken":["M","?","?","M","?","E","$","R","T","M","E","M","R","?","R","BOSS"],"build_version":"2019-01-23","purchased_purges":1,"victory":false,"max_hp_per_floor":[75,75,75,75,75,75,75,75,75,75,75,75,75,75,75,75],"card_choices":[{"not_picked":["Sword Boomerang","Combust"],"picked":"Anger","floor":0},{"not_picked":["Twin Strike","Havoc"],"picked":"Battle Trance","floor":1},{"not_picked":["Anger","Pommel Strike"],"picked":"Rampage","floor":3},{"not_picked":["Fire Breathing","True Grit"],"picked":"Disarm","floor":4},{"not_picked":["Twin Strike","Seeing Red","Iron Wave"],"picked":"SKIP","floor":6},{"not_picked":["Thunderclap","True Grit"],"picked":"Disarm","floor":10},{"not_picked":["Body Slam","Sword Boomerang"],"picked":"Clothesline","floor":11},{"not_picked":["Clothesline","Wild Strike"],"picked":"Warcry","floor":12}],"player_experience":504374,"relics_obtained":[{"floor":6,"key":"MawBank"},{"floor":9,"key":"Omamori"},{"floor":11,"key":"Incense Burner"},{"floor":14,"key":"Ancient Tea Set"}],"event_choices":[{"damage_healed":5,"gold_gain":0,"player_choice":"Full Heal","damage_taken":0,"max_hp_gain":0,"max_hp_loss":0,"event_name":"Wheel of Change","floor":2,"gold_loss":0},{"cards_removed":["Strike_R"],"damage_healed":0,"gold_gain":0,"player_choice":"Card Removal","damage_taken":7,"max_hp_gain":0,"max_hp_loss":0,"event_name":"Golden Wing","floor":5,"gold_loss":0}],"is_beta":false,"boss_relics":[],"items_purged_floors":[7],"is_endless":false,"potions_floor_spawned":[1,6,10],"killed_by":"Slime Boss","ascension_level":19}