{"gold_per_floor":[115,130,147,297,1,33,33,33,33,33,33,45,45,64,64,138,138,153,39,53,103,18,51,51,71,121,121,134,134],"floor_reached":29,"playtime":1254,"items_purged":["Doubt"],"score":486,"play_id":"196d2cb8-fe3b-4d8b-bf73-7be1e5d5329a","local_time":"20190228103507","is_ascension_mode":true,"campfire_choices":[{"data":"Zap","floor":7,"key":"SMITH"},{"data":"Go for the Eyes","floor":10,"key":"SMITH"},{"data":"Undo","floor":13,"key":"SMITH"},{"data":"Hologram","floor":15,"key":"SMITH"},{"floor":24,"key":"DIG"},{"floor":27,"key":"REST"}],"neow_cost":"NONE","seed_source_timestamp":103764368431895,"circlet_count":0,"master_deck":["AscendersBane","Strike_B","Strike_B","Strike_B","Defend_B","Defend_B","Defend_B","Defend_B","Zap+1","Dualcast","Seek","Auto Shields","Static Discharge","Capacitor","Bandage Up","Hologram+1","Go for the Eyes+1","Undo+1","Chill","Core Surge","Ball Lightning","Defragment","Doom and Gloom","Sunder","FTL","Consume","Defragment"],"relics":["Cracked Core","Boot","Art of War","Velvet Choker","Shovel","Bronze Scales","Happy Flower"],"potions_floor_usage":[6,16,23],"damage_taken":[{"damage":0,"enemies":"Small Slimes","floor":1,"turns":4},{"damage":1,"enemies":"2 Louse","floor":2,"turns":2},{"damage":0,"enemies":"Jaw Worm","floor":3,"turns":4},{"damage":20,"enemies":"Lagavulin","floor":6,"turns":8},{"damage":3,"enemies":"Exordium Thugs","floor":12,"turns":4},{"damage":0,"enemies":"Red Slaver","floor":14,"turns":4},{"damage":31,"enemies":"Hexaghost","floor":16,"turns":13},{"damage":5,"enemies":"Shell Parasite","floor":18,"turns":10},{"damage":1,"enemies":"3 Byrds","floor":20,"turns":5},{"damage":34,"enemies":"Gremlin Leader","floor":23,"turns":7},{"damage":27,"enemies":"Shelled Parasite and Fungi","floor":25,"turns":5},{"damage":15,"enemies":"Snecko","floor":28,"turns":5},{"damage":39,"enemies":"Cultist and Chosen","floor":29,"turns":6}],"seed_played":"8959652340954499447","potions_obtained":[{"floor":1,"key":"Regen Potion"},{"floor":2,"key":"SteroidPotion"},{"floor":6,"key":"SkillPotion"},{"floor":23,"key":"FairyPotion"},{"floor":25,"key":"FocusPotion"},{"floor":28,"key":"Dexterity Potion"}],"is_trial":false,"path_per_floor":["M","M","M","?","$","E","R","?","T","R","?","M","R","M","R","B",null,"M","$","M","?","$","E","R","M","T","R","M","M"],"character_chosen":"DEFECT","items_purchased":["Capacitor","Bandage Up","Hologram","Defragment","Doom and Gloom","FTL"],"campfire_rested":1,"item_purchase_floors":[5,5,5,19,19,22],"current_hp_per_floor":[64,63,63,63,63,47,47,40,40,40,40,41,41,45,45,18,58,57,57,60,60,60,45,45,22,22,43,32,0],"gold":134,"neow_bonus":"ONE_RANDOM_RARE_CARD","is_prod":false,"is_daily":false,"chose_seed":false,"campfire_upgraded":4,"win_rate":0,"timestamp":1551317707,"path_taken":["M","M","M","?","$","E","R","?","T","R","?","M","R","M","R","BOSS","M","$","M","?","?","E","R","M","T","R","M","M"],"build_version":"2019-01-23","purchased_purges":1,"victory":false,"max_hp_per_floor":[71,71,71,71,71,71,71,71,71,71,71,71,71,71,71,71,71,71,71,71,71,71,71,71,71,71,71,71,71],"card_choices":[{"not_picked":["Fusion","Lockon","Recycle"],"picked":"SKIP","floor":1},{"not_picked":["Rebound","Tempest"],"picked":"Auto Shields","floor":2},{"not_picked":["Rip and Tear","Gash"],"picked":"Static Discharge","floor":3},{"not_picked":["Leap","Gash"],"picked":"Go for the Eyes","floor":6},{"not_picked":["Melter","Hologram"],"picked":"Undo","floor":12},{"not_picked":["Go for the Eyes","Beam Cell"],"picked":"Chill","floor":14},{"not_picked":["Fission","Hyperbeam"],"picked":"Core Surge","floor":16},{"not_picked":["Chill","Melter+1"],"picked":"Ball Lightning","floor":18},{"not_picked":["Double Energy","Chaos"],"picked":"Sunder","floor":20},{"not_picked":["Steam Power","Cold Snap"],"picked":"Consume","floor":23},{"not_picked":["Sunder","Hologram"],"picked":"Defragment","floor":25},{"not_picked":["Compile Driver","Undo","White Noise"],"picked":"SKIP","floor":28}],"player_experience":592862,"relics_obtained":[{"floor":9,"key":"Boot"},{"floor":23,"key":"Shovel"},{"floor":24,"key":"Bronze Scales"},{"floor":26,"key":"Happy Flower"}],"event_choices":[{"damage_healed":0,"gold_gain":150,"player_choice":"AGREE","damage_taken":0,"max_hp_gain":0,"max_hp_loss":0,"event_name":"Liars Game","floor":4,"gold_loss":0,"cards_obtained":["Doubt"]},{"cards_removed":["Strike_B"],"damage_healed":0,"gold_gain":0,"player_choice":"Card Removal","damage_taken":7,"max_hp_gain":0,"max_hp_loss":0,"event_name":"Golden Wing","floor":8,"gold_loss":0},{"damage_healed":0,"gold_gain":0,"player_choice":"Searched \u00271\u0027 times","damage_taken":0,"relics_obtained":["Art of War"],"max_hp_gain":0,"max_hp_loss":0,"event_name":"Dead Adventurer","floor":11,"gold_loss":0},{"damage_healed":0,"gold_gain":50,"player_choice":"Pray","damage_taken":0,"max_hp_gain":0,"max_hp_loss":0,"event_name":"Golden Shrine","floor":21,"gold_loss":0}],"is_beta":false,"boss_relics":[{"not_picked":["Snecko Eye","Coffee Dripper"],"picked":"Velvet Choker"}],"items_purged_floors":[5],"is_endless":false,"potions_floor_spawned":[1,2,6,12,23,25,28],"killed_by":"Cultist and Chosen","ascension_level":20}