{"gold_per_floor":[117,130,205,155,155,189,189,201,201,214,214,229,229,25,25,121,121,132,132,132,143,43,43,78,78,108,120,120,133,133,162,162,261,261,281,233,233,233,233,233],"floor_reached":40,"playtime":1487,"items_purged":["Strike_B","Strike_B"],"score":512,"play_id":"d7fcb435-004c-4889-9094-130a6b844df3","local_time":"20181014220634","is_ascension_mode":true,"campfire_choices":[{"data":"Loop","floor":7,"key":"SMITH"},{"data":"Barrage","floor":11,"key":"SMITH"},{"data":"Static Discharge","floor":15,"key":"SMITH"},{"data":"Storm","floor":23,"key":"SMITH"},{"data":"Reinforced Body","floor":25,"key":"SMITH"},{"floor":30,"key":"REST"},{"floor":32,"key":"REST"}],"neow_cost":"NONE","seed_source_timestamp":196743606037736,"circlet_count":0,"master_deck":["Defend_B","Defend_B","Defend_B","Defend_B","Zap","Dualcast","Loop+1","Zap","Barrage+1","Go for the Eyes","Doom and Gloom+1","Conserve Battery","Conserve Battery","Static Discharge+1","Storm+1","Stack","Reinforced Body+1","Ball Lightning+1","Self Repair","Skim+1","Electrodynamics","Stack+1"],"relics":["Cracked Core","NeowsBlessing","Pear","Molten Egg 2","Velvet Choker","FossilizedHelix","Tiny Chest","Bag of Preparation","Bird Faced Urn"],"potions_floor_usage":[16,24,24,31,31,40,40],"damage_taken":[{"damage":0,"enemies":"Small Slimes","floor":1,"turns":1},{"damage":0,"enemies":"2 Louse","floor":2,"turns":1},{"damage":0,"enemies":"3 Sentries","floor":6,"turns":1},{"damage":1,"enemies":"Cultist","floor":8,"turns":3},{"damage":16,"enemies":"2 Fungi Beasts","floor":10,"turns":3},{"damage":0,"enemies":"Lots of Slimes","floor":12,"turns":1},{"damage":7,"enemies":"The Guardian","floor":16,"turns":7},{"damage":6,"enemies":"Spheric Guardian","floor":18,"turns":3},{"damage":16,"enemies":"Shell Parasite","floor":21,"turns":4},{"damage":11,"enemies":"Slavers","floor":24,"turns":5},{"damage":14,"enemies":"Centurion and Healer","floor":27,"turns":8},{"damage":29,"enemies":"Snake Plant","floor":29,"turns":2},{"damage":15,"enemies":"Book of Stabbing","floor":31,"turns":5},{"damage":41,"enemies":"Automaton","floor":33,"turns":10},{"damage":0,"enemies":"Orb Walker","floor":35,"turns":3},{"damage":110,"enemies":"Giant Head","floor":40,"turns":9}],"seed_played":"7561074356889682923","potions_obtained":[{"floor":1,"key":"SpeedPotion"},{"floor":10,"key":"Fire Potion"},{"floor":16,"key":"SkillPotion"},{"floor":27,"key":"Explosive Potion"},{"floor":29,"key":"Block Potion"},{"floor":31,"key":"SmokeBomb"},{"floor":33,"key":"Explosive Potion"}],"is_trial":false,"path_per_floor":["M","M","?","?","?","E","R","M","T","M","R","M","?","$","R","B",null,"M","?","?","M","$","R","E","R","T","M","?","M","R","E","R","B",null,"M","$","?","T","?"],"character_chosen":"DEFECT","items_purchased":["Conserve Battery","Static Discharge","PowerPotion"],"campfire_rested":2,"item_purchase_floors":[14,14,36],"current_hp_per_floor":[75,75,64,64,64,74,74,73,73,57,57,57,50,50,50,43,85,79,79,79,63,63,63,52,52,52,38,38,9,34,26,51,17,85,85,85,85,85,85,0],"gold":233,"neow_bonus":"THREE_ENEMY_KILL","is_prod":false,"is_daily":false,"chose_seed":false,"campfire_upgraded":5,"win_rate":0,"timestamp":1539547594,"path_taken":["M","M","?","?","?","E","R","M","T","M","R","?","?","$","R","BOSS","M","?","?","M","$","R","E","R","T","M","?","?","R","E","R","BOSS","M","$","?","?","?","E"],"build_version":"2018-10-11","purchased_purges":2,"victory":false,"max_hp_per_floor":[75,75,75,75,75,85,85,85,85,85,85,85,85,85,85,85,85,85,85,85,85,85,85,85,85,85,85,85,85,85,85,85,85,85,85,85,85,85,85,85],"card_choices":[{"not_picked":["Darkness","Redo"],"picked":"Loop","floor":1},{"not_picked":["Recycle","Barrage"],"picked":"Ball Lightning","floor":2},{"not_picked":["Sunder","Hyperbeam"],"picked":"Barrage","floor":6},{"not_picked":["Lockon","Barrage"],"picked":"Go for the Eyes","floor":8},{"not_picked":["Gash+1","Hologram"],"picked":"Doom and Gloom+1","floor":10},{"not_picked":["Storm","Turbo"],"picked":"Conserve Battery","floor":12},{"not_picked":["Fusion+1","Darkness"],"picked":"Storm","floor":18},{"not_picked":["Ball Lightning+1","Force Field"],"picked":"Stack","floor":21},{"not_picked":["Consume","Melter+1"],"picked":"Reinforced Body","floor":24},{"not_picked":["Hello World","Cold Snap+1"],"picked":"Ball Lightning+1","floor":27},{"not_picked":["Recycle","Force Field","Streamline+1"],"picked":"SKIP","floor":29},{"not_picked":["Sweeping Beam+1","Coolheaded+1"],"picked":"Skim+1","floor":31},{"not_picked":["Fission","Core Surge+1"],"picked":"Electrodynamics","floor":33},{"not_picked":["Rebound+1","Undo"],"picked":"Stack+1","floor":35}],"player_experience":193395,"relics_obtained":[{"floor":6,"key":"Pear"},{"floor":9,"key":"Molten Egg 2"},{"floor":24,"key":"FossilizedHelix"},{"floor":26,"key":"Tiny Chest"},{"floor":31,"key":"Bag of Preparation"},{"floor":38,"key":"Bird Faced Urn"}],"event_choices":[{"event_name":"World of Goop","player_choice":"Gather Gold","floor":3,"damage_taken":0},{"event_name":"The Cleric","player_choice":"Card Removal","floor":4,"damage_taken":0},{"event_name":"Match and Keep!","player_choice":"1 cards matched","floor":5,"damage_taken":0},{"event_name":"Golden Wing","player_choice":"Card Removal","floor":13,"damage_taken":0},{"event_name":"Cursed Tome","player_choice":"Ignored","floor":19,"damage_taken":0},{"event_name":"The Mausoleum","player_choice":"No","floor":20,"damage_taken":0},{"event_name":"The Library","player_choice":"Read","floor":28,"damage_taken":0},{"event_name":"Tomb of Lord Red Mask","player_choice":"Ignored","floor":37,"damage_taken":0},{"event_name":"Falling","player_choice":"Removed Attack","floor":39,"damage_taken":0}],"is_beta":false,"boss_relics":[{"not_picked":["Cursed Key","Empty Cage"],"picked":"Velvet Choker"},{"not_picked":["Coffee Dripper","Runic Dome","Astrolabe"]}],"items_purged_floors":[14,22],"is_endless":false,"potions_floor_spawned":[1,10,16,27,29,31,33],"killed_by":"Giant Head","ascension_level":3}