{"gold_per_floor":[112,112,112,123,143,143,175,189,189,364,423,423,441,210,210,310,360,376,301,311,327,67,67,99,125,137,183,213,324,336,423,435,447],"floor_reached":33,"playtime":2406,"items_purged":["Doubt"],"score":310,"play_id":"ee305de3-51d2-4188-82ad-8443edc6a370","local_time":"20181119195609","is_ascension_mode":false,"campfire_choices":[{"data":"Forethought","floor":6,"key":"SMITH"},{"floor":12,"key":"REST"},{"floor":15,"key":"REST"},{"data":"Dodge and Roll","floor":23,"key":"SMITH"},{"floor":30,"key":"REST"},{"data":"Bouncing Flask","floor":32,"key":"SMITH"}],"neow_cost":"NONE","seed_source_timestamp":435644436541591,"circlet_count":0,"master_deck":["Defend_G","Defend_G","Defend_G","Defend_G","Defend_G","Strike_G","Strike_G","Strike_G","Survivor","Neutralize+1","Forethought+1","Noxious Fumes","Underhanded Strike","Backflip","Backflip","Prepared","Dagger Spray","Dagger Spray+1","Bane+1","After Image+1","Corpse Explosion","Dodge and Roll+1","Expertise+1","Backflip","Bouncing Flask+1","Dash+1"],"relics":["Ring of the Snake","Bronze Scales","Anchor","Molten Egg 2","Tiny House","Paper Crane","MawBank","Mercury Hourglass","Omamori"],"potions_floor_usage":[21,24,25,27,33],"damage_taken":[{"damage":0,"enemies":"Small Slimes","floor":1,"turns":4},{"damage":0,"enemies":"2 Louse","floor":4,"turns":3},{"damage":0,"enemies":"Cultist","floor":5,"turns":4},{"damage":12,"enemies":"Lagavulin","floor":7,"turns":8},{"damage":0,"enemies":"Blue Slaver","floor":8,"turns":3},{"damage":42,"enemies":"Gremlin Nob","floor":11,"turns":5},{"damage":13,"enemies":"Large Slime","floor":13,"turns":5},{"damage":7,"enemies":"The Guardian","floor":16,"turns":11},{"damage":10,"enemies":"Spheric Guardian","floor":18,"turns":6},{"damage":0,"enemies":"3 Byrds","floor":20,"turns":2},{"damage":1,"enemies":"3 Cultists","floor":21,"turns":4},{"damage":0,"enemies":"Book of Stabbing","floor":24,"turns":6},{"damage":1,"enemies":"Shelled Parasite and Fungi","floor":25,"turns":5},{"damage":18,"enemies":"Slavers","floor":27,"turns":4},{"damage":2,"enemies":"Centurion and Healer","floor":28,"turns":5},{"damage":59,"enemies":"Automaton","floor":33,"turns":6}],"seed_played":"8734094821139247044","potions_obtained":[{"floor":8,"key":"SpeedPotion"},{"floor":16,"key":"Dexterity Potion"},{"floor":17,"key":"AttackPotion"},{"floor":21,"key":"PowerPotion"},{"floor":28,"key":"Poison Potion"}],"is_trial":false,"path_per_floor":["M","?","?","M","M","R","E","M","T","?","?","R","M","$","R","B",null,"M","?","M","M","$","R","E","M","T","E","M","?","R","?","R","B"],"character_chosen":"THE_SILENT","items_purchased":["After Image","Paper Crane"],"campfire_rested":3,"item_purchase_floors":[14,22],"current_hp_per_floor":[70,70,70,70,70,70,58,58,58,58,16,37,24,24,45,38,75,65,65,65,64,64,64,64,63,63,45,43,43,65,58,58,0],"gold":447,"neow_bonus":"RANDOM_COLORLESS","is_prod":false,"is_daily":false,"chose_seed":false,"campfire_upgraded":3,"win_rate":0.0,"timestamp":1542675369,"path_taken":["M","?","?","?","M","R","E","M","T","?","?","R","?","$","R","BOSS","M","?","M","M","$","R","E","M","T","E","M","?","R","?","R","BOSS"],"build_version":"2018-11-15","purchased_purges":1,"victory":false,"max_hp_per_floor":[70,70,70,70,70,70,70,70,70,70,70,70,70,70,70,70,75,75,75,75,75,75,75,75,75,75,75,75,75,75,75,75,75],"card_choices":[{"not_picked":["Sucker Punch","Prepared"],"picked":"Noxious Fumes","floor":1},{"not_picked":["Dagger Throw","Caltrops"],"picked":"Backflip","floor":4},{"not_picked":["Quick Slash","Acrobatics"],"picked":"Backflip","floor":5},{"not_picked":["Crippling Poison","Sucker Punch"],"picked":"Prepared","floor":7},{"not_picked":["Prepared","Poisoned Stab"],"picked":"Dagger Spray","floor":8},{"not_picked":["Flechettes","Slice"],"picked":"Dagger Spray","floor":11},{"not_picked":["Venomology","Endless Agony+1"],"picked":"Bane+1","floor":13},{"not_picked":["Unload+1","Bullet Time"],"picked":"Corpse Explosion","floor":16},{"not_picked":["Calculated Gamble","Heel Hook+1"],"picked":"Dodge and Roll","floor":17},{"not_picked":["Sucker Punch+1","Blade Dance+1","Dagger Throw+1"],"picked":"SKIP","floor":18},{"not_picked":["Distraction","Calculated Gamble"],"picked":"Expertise+1","floor":20},{"not_picked":["Catalyst","Quick Slash+1"],"picked":"Backflip","floor":21},{"not_picked":["Phantasmal Killer","Catalyst+1"],"picked":"Bouncing Flask","floor":24},{"not_picked":["Dagger Spray+1","Choke+1","Tactician"],"picked":"SKIP","floor":25},{"not_picked":["Flechettes+1","Catalyst"],"picked":"Dash+1","floor":27},{"not_picked":["All Out Attack+1","Heel Hook+1","PiercingWail"],"picked":"SKIP","floor":28}],"player_experience":11785,"relics_obtained":[{"floor":7,"key":"Bronze Scales"},{"floor":9,"key":"Anchor"},{"floor":11,"key":"Molten Egg 2"},{"floor":24,"key":"MawBank"},{"floor":26,"key":"Mercury Hourglass"},{"floor":27,"key":"Omamori"}],"event_choices":[{"damage_healed":0,"gold_gain":0,"player_choice":"Grow","damage_taken":0,"max_hp_gain":0,"max_hp_loss":0,"event_name":"Living Wall","floor":2,"gold_loss":0,"cards_upgraded":["Neutralize"]},{"damage_healed":0,"gold_gain":0,"cards_transformed":["Strike_G"],"player_choice":"Transformed","damage_taken":0,"max_hp_gain":0,"max_hp_loss":0,"event_name":"Transmorgrifier","floor":3,"gold_loss":0,"cards_obtained":["Underhanded Strike"]},{"damage_healed":0,"gold_gain":175,"player_choice":"AGREE","damage_taken":0,"max_hp_gain":0,"max_hp_loss":0,"event_name":"Liars Game","floor":10,"gold_loss":0,"cards_obtained":["Doubt"]},{"damage_healed":0,"gold_gain":30,"player_choice":"Searched \u00273\u0027 times","damage_taken":0,"max_hp_gain":0,"max_hp_loss":0,"event_name":"Dead Adventurer","floor":11,"gold_loss":0},{"cards_removed":["Strike_G"],"damage_healed":0,"gold_gain":0,"player_choice":"Gave Gold","damage_taken":0,"max_hp_gain":0,"max_hp_loss":0,"event_name":"Beggar","floor":19,"gold_loss":75},{"damage_healed":0,"gold_gain":99,"player_choice":"Stole From Cult","damage_taken":0,"max_hp_gain":0,"max_hp_loss":0,"event_name":"Nest","floor":29,"gold_loss":0},{"damage_healed":0,"gold_gain":75,"player_choice":"Touch","damage_taken":7,"max_hp_gain":0,"max_hp_loss":0,"event_name":"FaceTrader","floor":31,"gold_loss":0}],"is_beta":false,"boss_relics":[{"not_picked":["Eternal Feather","Lizard Tail"],"picked":"Tiny House"}],"items_purged_floors":[14],"is_endless":false,"potions_floor_spawned":[8,16,21,28],"killed_by":"Automaton","ascension_level":0}