{"gold_per_floor":[369,369,388,388,407,407,441,441,491,504,37,51,51,1,1,96,96,110,110,127,140,40,40,54,81,81,43,43,43,56,87,87,188,188,205,221,221],"floor_reached":37,"playtime":3276,"items_purged":["Strike_B","Strike_B"],"score":482,"play_id":"d4e0431c-7641-43cf-954e-773c80e9b16e","local_time":"20181003122229","is_ascension_mode":true,"campfire_choices":[{"floor":6,"key":"REST"},{"floor":13,"key":"REST"},{"floor":15,"key":"REST"},{"data":"Go for the Eyes","floor":23,"key":"SMITH"},{"data":"Conserve Battery","floor":28,"key":"SMITH"},{"floor":32,"key":"REST"}],"neow_cost":"PERCENT_DAMAGE","seed_source_timestamp":316557247111667,"circlet_count":0,"master_deck":["Strike_B","Defend_B+1","Defend_B+1","Zap","Dualcast","Steam","Sweeping Beam","Leap","Conserve Battery+1","Static Discharge+1","Capacitor+1","Cold Snap","Undo","Go for the Eyes+1","Steam","Buffer+1","Barrage","Leap","Double Energy","Reinforced Body","Tempest","Doom and Gloom","Compile Driver+1","Barrage+1","Loop+1"],"relics":["Cracked Core","Bag of Marbles","Frozen Egg 2","Bronze Scales","Lizard Tail","WingedGreaves","Turnip","Shuriken","Busted Crown"],"potions_floor_usage":[16,20,25,31,31,33],"damage_taken":[{"damage":10,"enemies":"Small Slimes","floor":1,"turns":3},{"damage":0,"enemies":"Jaw Worm","floor":3,"turns":3},{"damage":0,"enemies":"2 Louse","floor":5,"turns":2},{"damage":26,"enemies":"Lagavulin","floor":7,"turns":7},{"damage":2,"enemies":"Looter","floor":10,"turns":3},{"damage":0,"enemies":"Exordium Wildlife","floor":12,"turns":4},{"damage":3,"enemies":"The Guardian","floor":16,"turns":12},{"damage":1,"enemies":"Spheric Guardian","floor":18,"turns":8},{"damage":7,"enemies":"Chosen","floor":20,"turns":6},{"damage":20,"enemies":"Sentry and Sphere","floor":21,"turns":6},{"damage":0,"enemies":"Snecko","floor":24,"turns":8},{"damage":17,"enemies":"Slavers","floor":25,"turns":6},{"damage":7,"enemies":"Shelled Parasite and Fungi","floor":30,"turns":7},{"damage":4,"enemies":"Gremlin Leader","floor":31,"turns":10},{"damage":47,"enemies":"Collector","floor":33,"turns":13},{"damage":22,"enemies":"3 Darklings","floor":35,"turns":5},{"damage":26,"enemies":"Orb Walker","floor":36,"turns":3},{"damage":33,"enemies":"Spire Growth","floor":37,"turns":5}],"seed_played":"-5486178718552911681","potions_obtained":[{"floor":5,"key":"EssenceOfSteel"},{"floor":16,"key":"Explosive Potion"},{"floor":25,"key":"Dexterity Potion"},{"floor":31,"key":"FearPotion"},{"floor":36,"key":"Weak Potion"}],"is_trial":false,"path_per_floor":["M","?","M","?","M","R","E","?","T","M","$","M","R","?","R","B",null,"M","?","M","M","$","R","M","E","T","$","R","$","M","E","R","B",null,"M","M"],"character_chosen":"DEFECT","items_purchased":["Capacitor+1","Cold Snap","Undo","Go for the Eyes","Steam","EssenceOfSteel","Fire Potion","Doom and Gloom"],"campfire_rested":4,"item_purchase_floors":[11,11,11,11,11,11,11,27],"current_hp_per_floor":[44,37,37,22,22,44,18,18,18,16,16,16,38,38,60,57,75,74,74,67,47,47,47,47,30,30,30,30,30,23,19,41,31,75,53,27,0],"gold":221,"neow_bonus":"TWO_FIFTY_GOLD","is_prod":false,"is_daily":false,"chose_seed":false,"campfire_upgraded":2,"win_rate":0,"timestamp":1538562149,"path_taken":["M","?","M","?","M","R","E","?","T","M","$","?","R","?","R","BOSS","M","?","M","M","$","R","M","E","T","$","R","?","?","E","R","BOSS","M","M","M"],"build_version":"2018-09-27","purchased_purges":2,"victory":false,"max_hp_per_floor":[75,75,75,75,75,75,75,75,75,75,75,75,75,75,75,75,75,75,75,75,75,75,75,75,75,75,75,75,75,75,75,75,75,75,75,75,75],"card_choices":[{"not_picked":["Capacitor","Hologram"],"picked":"Steam","floor":1},{"not_picked":["Chaos","Rebound"],"picked":"Sweeping Beam","floor":3},{"not_picked":["Steam","Static Discharge"],"picked":"Leap","floor":5},{"not_picked":["Reprogram","Skim"],"picked":"Conserve Battery","floor":7},{"not_picked":["Chaos","Compile Driver"],"picked":"Static Discharge+1","floor":10},{"not_picked":["Steam Power","Go for the Eyes"],"picked":"Buffer+1","floor":12},{"not_picked":["Cold Snap","Compile Driver"],"picked":"Barrage","floor":18},{"not_picked":["White Noise","Skim"],"picked":"Leap","floor":20},{"not_picked":["Compile Driver","Fusion"],"picked":"Double Energy","floor":21},{"not_picked":["Gash","Beam Cell"],"picked":"Reinforced Body","floor":24},{"not_picked":["Beam Cell","Cold Snap"],"picked":"Tempest","floor":25},{"not_picked":["Genetic Algorithm","Sunder+1"],"picked":"Compile Driver+1","floor":30},{"not_picked":["Heatsinks+1","Steam"],"picked":"Barrage+1","floor":31},{"not_picked":[],"picked":"Loop+1","floor":35},{"not_picked":["Double Energy"],"picked":"SKIP","floor":36}],"player_experience":117610,"relics_obtained":[{"floor":7,"key":"Frozen Egg 2"},{"floor":9,"key":"Bronze Scales"},{"floor":25,"key":"WingedGreaves"},{"floor":26,"key":"Turnip"},{"floor":31,"key":"Shuriken"}],"event_choices":[{"event_name":"Scrap Ooze","player_choice":"success","floor":2,"damage_taken":7},{"event_name":"Shining Light","player_choice":"Entered Light","floor":4,"damage_taken":0},{"event_name":"Living Wall","player_choice":"Forget","floor":8,"damage_taken":0},{"event_name":"The Cleric","player_choice":"Card Removal","floor":14,"damage_taken":0},{"event_name":"Purifier","player_choice":"One Purge","floor":19,"damage_taken":0}],"is_beta":false,"boss_relics":[{"not_picked":["Calling Bell","Orrery"],"picked":"Lizard Tail"},{"not_picked":["Tiny House","White Beast Statue"],"picked":"Busted Crown"}],"items_purged_floors":[11,22],"is_endless":false,"potions_floor_spawned":[5,16,25,31,36],"killed_by":"Spire Growth","ascension_level":1}