{"gold_per_floor":[112,127,146,161,161,161,193,212,291,291,291,308,333,36,36,136,136,104,123,143,163,182,207,207],"floor_reached":24,"playtime":1385,"items_purged":[],"score":360,"play_id":"fe72371e-3685-4172-bc72-94a3ca3f70b4","local_time":"20190311194900","is_ascension_mode":true,"campfire_choices":[{"data":"Sweeping Beam","floor":6,"key":"SMITH"},{"floor":11,"key":"REST"},{"floor":15,"key":"REST"}],"neow_cost":"NONE","seed_source_timestamp":1090261849584,"circlet_count":0,"master_deck":["AscendersBane","Strike_B","Strike_B","Strike_B","Strike_B","Defend_B","Defend_B","Defend_B","Defend_B+1","Zap+1","Dualcast","Undo","Conserve Battery","Sweeping Beam+1","Creative AI","Go for the Eyes","Loop","Leap","Deep Breath","Buffer","Go for the Eyes+1","Leap","Conserve Battery","Storm","Ball Lightning+1","Capacitor+1"],"relics":["Cracked Core","Strawberry","Bird Faced Urn","Tiny Chest","Ornamental Fan","TheAbacus","Sozu","DataDisk"],"potions_floor_usage":[7,13,16,16],"damage_taken":[{"damage":0,"enemies":"Cultist","floor":1,"turns":3},{"damage":0,"enemies":"2 Louse","floor":2,"turns":2},{"damage":0,"enemies":"Small Slimes","floor":3,"turns":3},{"damage":2,"enemies":"Red Slaver","floor":4,"turns":3},{"damage":27,"enemies":"Lagavulin","floor":7,"turns":7},{"damage":9,"enemies":"3 Louse","floor":8,"turns":3},{"damage":6,"enemies":"2 Fungi Beasts","floor":12,"turns":2},{"damage":35,"enemies":"3 Sentries","floor":13,"turns":7},{"damage":38,"enemies":"Hexaghost","floor":16,"turns":11},{"damage":23,"enemies":"2 Thieves","floor":18,"turns":5},{"damage":14,"enemies":"Shell Parasite","floor":19,"turns":10},{"damage":20,"enemies":"Snake Plant","floor":20,"turns":7},{"damage":2,"enemies":"Centurion and Healer","floor":21,"turns":9},{"damage":15,"enemies":"Shelled Parasite and Fungi","floor":22,"turns":6},{"damage":59,"enemies":"Slavers","floor":23,"turns":7},{"damage":35,"enemies":"3 Cultists","floor":24,"turns":5}],"seed_played":"8121767829468318390","potions_obtained":[{"floor":1,"key":"FearPotion"},{"floor":7,"key":"Weak Potion"},{"floor":8,"key":"Weak Potion"},{"floor":12,"key":"SkillPotion"},{"floor":13,"key":"Strength Potion"}],"is_trial":false,"path_per_floor":["M","M","M","M","?","R","E","M","T","?","R","M","E","$","R","B",null,"M","M","M","M","M","E","M"],"character_chosen":"DEFECT","items_purchased":["TheAbacus","Deep Breath"],"campfire_rested":2,"item_purchase_floors":[14,14],"current_hp_per_floor":[75,75,75,73,73,73,46,37,37,21,45,39,20,20,44,40,72,55,63,57,71,70,27,0],"gold":207,"neow_bonus":"RANDOM_COMMON_RELIC","is_prod":false,"is_daily":false,"chose_seed":false,"campfire_upgraded":1,"win_rate":0,"timestamp":1552351740,"path_taken":["M","M","M","?","?","R","E","M","T","?","R","M","E","$","R","BOSS","M","M","M","M","M","E","M"],"build_version":"2019-01-23","purchased_purges":0,"victory":false,"max_hp_per_floor":[82,82,82,82,82,82,82,82,82,82,82,82,82,82,82,82,82,82,82,82,82,82,82,82],"card_choices":[{"not_picked":["Chaos","Stack"],"picked":"Undo","floor":1},{"not_picked":["Genetic Algorithm","Redo"],"picked":"Conserve Battery","floor":2},{"not_picked":["Blizzard","Aggregate","Force Field"],"picked":"SKIP","floor":3},{"not_picked":["Steam","Fusion"],"picked":"Sweeping Beam","floor":4},{"not_picked":["Fusion","Defragment"],"picked":"Creative AI","floor":7},{"not_picked":["Chaos","Melter"],"picked":"Go for the Eyes","floor":8},{"not_picked":["Melter","Streamline"],"picked":"Loop","floor":12},{"not_picked":["Go for the Eyes","Sweeping Beam"],"picked":"Leap","floor":13},{"not_picked":["Fission","All For One"],"picked":"Buffer","floor":16},{"not_picked":["Sunder","Turbo"],"picked":"Go for the Eyes+1","floor":18},{"not_picked":["Rip and Tear+1","Barrage+1"],"picked":"Leap","floor":19},{"not_picked":["Reprogram","Melter"],"picked":"Conserve Battery","floor":20},{"not_picked":["Static Discharge","Loop+1"],"picked":"Storm","floor":21},{"not_picked":["Steam+1","Rip and Tear"],"picked":"Ball Lightning+1","floor":22},{"not_picked":["Static Discharge+1","Doom and Gloom"],"picked":"Capacitor+1","floor":23}],"player_experience":1127344,"relics_obtained":[{"floor":7,"key":"Bird Faced Urn"},{"floor":9,"key":"Tiny Chest"},{"floor":13,"key":"Ornamental Fan"},{"floor":23,"key":"DataDisk"}],"event_choices":[{"damage_healed":0,"gold_gain":0,"player_choice":"Leave","damage_taken":0,"max_hp_gain":0,"max_hp_loss":0,"event_name":"The Cleric","floor":5,"gold_loss":0},{"damage_healed":0,"gold_gain":0,"player_choice":"Entered Light","damage_taken":16,"max_hp_gain":0,"max_hp_loss":0,"event_name":"Shining Light","floor":10,"gold_loss":0,"cards_upgraded":["Zap","Defend_B"]}],"is_beta":false,"boss_relics":[{"not_picked":["Tiny House","Runic Dome"],"picked":"Sozu"}],"items_purged_floors":[],"is_endless":false,"potions_floor_spawned":[1,7,8,12,13,19,20,22,23],"killed_by":"3 Cultists","ascension_level":11}