{"gold_per_floor":[110,123,71,88,99,99,99,99,124,145,70,90,104,117,117,206,206,194,194,119,169,179,179,193,193,193,193,211,35,35],"floor_reached":30,"playtime":1156,"items_purged":["Defend_G"],"score":392,"play_id":"6c088ecf-8b96-4044-bf59-28e2beff197b","local_time":"20190121183815","is_ascension_mode":true,"campfire_choices":[{"data":"Neutralize","floor":6,"key":"SMITH"},{"floor":8,"key":"REST"},{"data":"Footwork","floor":15,"key":"SMITH"},{"data":"Noxious Fumes","floor":23,"key":"SMITH"},{"floor":25,"key":"REST"},{"floor":27,"key":"REST"}],"neow_cost":"NONE","seed_source_timestamp":1446063499230537,"circlet_count":0,"master_deck":["AscendersBane","Defend_G","Defend_G","Defend_G","Defend_G","Strike_G","Strike_G","Strike_G","Survivor","Neutralize+1","Riddle With Holes","Cloak And Dagger","Deadly Poison","Quick Slash","Footwork+1","Dodge and Roll","Predator","Dagger Spray","Envenom","Backstab","Noxious Fumes+1","Prepared+1","PiercingWail"],"relics":["Ring of the Snake","Snake Skull","Bloody Idol","Centennial Puzzle","White Beast Statue","Molten Egg 2"],"potions_floor_usage":[5,12,16,24,24,28,30],"damage_taken":[{"damage":0,"enemies":"2 Louse","floor":1,"turns":3},{"damage":1,"enemies":"Cultist","floor":2,"turns":4},{"damage":0,"enemies":"Jaw Worm","floor":4,"turns":3},{"damage":0,"enemies":"Exordium Thugs","floor":5,"turns":3},{"damage":3,"enemies":"Blue Slaver","floor":10,"turns":3},{"damage":2,"enemies":"Exordium Wildlife","floor":12,"turns":5},{"damage":1,"enemies":"3 Louse","floor":13,"turns":3},{"damage":6,"enemies":"2 Fungi Beasts","floor":14,"turns":3},{"damage":40,"enemies":"The Guardian","floor":16,"turns":13},{"damage":24,"enemies":"2 Thieves","floor":18,"turns":4},{"damage":0,"enemies":"Chosen","floor":22,"turns":6},{"damage":26,"enemies":"Shelled Parasite and Fungi","floor":24,"turns":7},{"damage":36,"enemies":"Sentry and Sphere","floor":28,"turns":7},{"damage":22,"enemies":"Cultist and Chosen","floor":30,"turns":6}],"seed_played":"2431001557154975417","potions_obtained":[{"floor":1,"key":"SteroidPotion"},{"floor":4,"key":"Weak Potion"},{"floor":10,"key":"Strength Potion"},{"floor":13,"key":"FairyPotion"},{"floor":18,"key":"Strength Potion"},{"floor":22,"key":"Ancient Potion"},{"floor":24,"key":"LiquidBronze"},{"floor":28,"key":"AttackPotion"}],"is_trial":false,"path_per_floor":["M","M","?","M","M","R","?","R","T","M","$","M","M","M","R","B",null,"M","?","?","?","M","R","M","R","T","R","M","$","M"],"character_chosen":"THE_SILENT","items_purchased":["Footwork","PiercingWail","Strength Potion"],"campfire_rested":3,"item_purchase_floors":[11,29,29],"current_hp_per_floor":[59,58,58,58,58,58,35,54,54,51,51,49,48,42,42,2,50,26,26,26,31,36,36,15,34,34,53,22,22,0],"gold":35,"neow_bonus":"REMOVE_CARD","is_prod":false,"is_daily":false,"chose_seed":false,"campfire_upgraded":3,"win_rate":0,"timestamp":1548063495,"path_taken":["M","M","?","?","M","R","?","R","T","M","$","M","M","M","R","BOSS","M","?","?","?","M","R","M","R","T","R","M","?","M"],"build_version":"2019-01-17v2","purchased_purges":1,"victory":false,"max_hp_per_floor":[66,66,66,66,66,66,66,66,66,66,66,66,66,66,66,66,66,66,66,66,66,66,66,66,66,66,66,66,66,66],"card_choices":[{"not_picked":["Concentrate","Prepared"],"picked":"Riddle With Holes","floor":1},{"not_picked":["Blade Dance","Bane"],"picked":"Cloak And Dagger","floor":2},{"not_picked":["Backflip","Dodge and Roll"],"picked":"Deadly Poison","floor":4},{"not_picked":["Slice","Backflip"],"picked":"Quick Slash","floor":5},{"not_picked":["Dagger Throw","Acrobatics","Accuracy"],"picked":"SKIP","floor":10},{"not_picked":["Slice","Flying Knee"],"picked":"Dodge and Roll","floor":12},{"not_picked":["Outmaneuver","Caltrops"],"picked":"Predator","floor":13},{"not_picked":["Backflip","Night Terror"],"picked":"Dagger Spray","floor":14},{"not_picked":["A Thousand Cuts","Phantasmal Killer"],"picked":"Envenom","floor":16},{"not_picked":["Dagger Spray","Dodge and Roll"],"picked":"Backstab","floor":18},{"not_picked":["Poisoned Stab","Quick Slash"],"picked":"Noxious Fumes","floor":22},{"not_picked":["Flying Knee","Backstab"],"picked":"Prepared+1","floor":24},{"not_picked":["Setup","Cloak And Dagger","Caltrops"],"picked":"SKIP","floor":28}],"player_experience":418885,"relics_obtained":[{"floor":9,"key":"Centennial Puzzle"},{"floor":26,"key":"Molten Egg 2"}],"event_choices":[{"damage_healed":0,"gold_gain":0,"player_choice":"Paid Gold","damage_taken":0,"relics_obtained":["Snake Skull"],"max_hp_gain":0,"max_hp_loss":0,"event_name":"WeMeetAgain","floor":3,"gold_loss":52},{"damage_healed":0,"gold_gain":0,"player_choice":"Take Damage","damage_taken":23,"relics_obtained":["Golden Idol"],"max_hp_gain":0,"max_hp_loss":0,"event_name":"Golden Idol","floor":7,"gold_loss":0},{"damage_healed":0,"gold_gain":0,"player_choice":"Gave Idol","damage_taken":0,"relics_obtained":["Bloody Idol"],"max_hp_gain":0,"max_hp_loss":0,"event_name":"Forgotten Altar","floor":19,"relics_lost":["Golden Idol"],"gold_loss":0},{"cards_removed":["Strike_G"],"damage_healed":0,"gold_gain":0,"player_choice":"Gave Gold","damage_taken":0,"max_hp_gain":0,"max_hp_loss":0,"event_name":"Beggar","floor":20,"gold_loss":75},{"damage_healed":0,"gold_gain":50,"player_choice":"Stole From Cult","damage_taken":0,"max_hp_gain":0,"max_hp_loss":0,"event_name":"Nest","floor":21,"gold_loss":0}],"is_beta":false,"boss_relics":[{"not_picked":["Calling Bell","WristBlade"],"picked":"White Beast Statue"}],"items_purged_floors":[29],"is_endless":false,"potions_floor_spawned":[1,4,10,13,18,22,24,28],"killed_by":"Cultist and Chosen","ascension_level":15}