{"gold_per_floor":[113,113,131,57,70,40,40,40,66,79,94,112,187,218,218,313,313,238,238,238,109,122,122,122],"floor_reached":24,"playtime":1345,"items_purged":["Strike_G"],"score":291,"play_id":"208a5330-f0ed-4fc6-a3b6-9f022f226a1d","local_time":"20190329134637","is_ascension_mode":true,"campfire_choices":[{"data":"Footwork","floor":7,"key":"SMITH"},{"floor":15,"key":"REST"},{"floor":23,"key":"REST"}],"neow_cost":"NONE","seed_source_timestamp":402659128466136,"circlet_count":0,"master_deck":["AscendersBane","Defend_G","Defend_G","Defend_G","Defend_G","Defend_G","Strike_G","Strike_G","Strike_G","Survivor","Neutralize","Noxious Fumes","Dodge and Roll","Footwork+1","Cloak And Dagger","Poisoned Stab","Bouncing Flask","Noxious Fumes","Corpse Explosion","Dodge and Roll","Deflect"],"relics":["Ring of the Snake","Orichalcum","Bottled Tornado","Eternal Feather","Nilry\u0027s Codex"],"potions_floor_usage":[11,12,14,16],"damage_taken":[{"damage":9,"enemies":"Small Slimes","floor":1,"turns":4},{"damage":2,"enemies":"Jaw Worm","floor":3,"turns":6},{"damage":0,"enemies":"Cultist","floor":5,"turns":4},{"damage":0,"enemies":"Looter","floor":6,"turns":4},{"damage":0,"enemies":"Blue Slaver","floor":10,"turns":7},{"damage":11,"enemies":"Exordium Wildlife","floor":11,"turns":8},{"damage":2,"enemies":"Large Slime","floor":12,"turns":7},{"damage":12,"enemies":"Gremlin Nob","floor":14,"turns":4},{"damage":32,"enemies":"The Guardian","floor":16,"turns":9},{"damage":21,"enemies":"2 Thieves","floor":18,"turns":5},{"damage":14,"enemies":"Chosen","floor":22,"turns":6},{"damage":54,"enemies":"Slavers","floor":24,"turns":3}],"seed_played":"8318722844183861830","potions_obtained":[{"floor":1,"key":"SpeedPotion"},{"floor":11,"key":"SteroidPotion"},{"floor":12,"key":"PowerPotion"},{"floor":14,"key":"SpeedPotion"}],"is_trial":false,"path_per_floor":["M","?","M","$","M","M","R","?","T","M","M","M","?","E","R","B",null,"M","?","?","$","M","R","E"],"character_chosen":"THE_SILENT","items_purchased":["Footwork","Deflect"],"campfire_rested":2,"item_purchase_floors":[4,21],"current_hp_per_floor":[61,66,64,64,64,64,64,64,64,64,53,51,40,28,52,20,67,46,30,30,30,16,52,0],"gold":122,"neow_bonus":"TEN_PERCENT_HP_BONUS","is_prod":false,"is_daily":false,"chose_seed":false,"campfire_upgraded":1,"win_rate":0,"timestamp":1553863597,"path_taken":["M","?","M","$","M","M","R","?","T","?","M","M","?","E","R","BOSS","M","?","?","$","M","R","E"],"build_version":"2019-01-23","purchased_purges":1,"victory":false,"max_hp_per_floor":[77,82,82,82,82,82,82,82,82,82,82,82,82,82,82,82,82,82,82,82,82,82,82,82],"card_choices":[{"not_picked":["Distraction","Leg Sweep"],"picked":"Noxious Fumes","floor":1},{"not_picked":["Blade Dance","Dagger Throw"],"picked":"Dodge and Roll","floor":3},{"not_picked":["Leg Sweep","Acrobatics","Heel Hook"],"picked":"SKIP","floor":5},{"not_picked":["Distraction","Predator","Caltrops"],"picked":"SKIP","floor":6},{"not_picked":["Prepared","Slice"],"picked":"Cloak And Dagger","floor":10},{"not_picked":["Calculated Gamble","Bouncing Flask"],"picked":"Poisoned Stab","floor":11},{"not_picked":["Caltrops","Slice"],"picked":"Bouncing Flask","floor":12},{"not_picked":["A Thousand Cuts","Bouncing Flask"],"picked":"Noxious Fumes","floor":14},{"not_picked":["Phantasmal Killer","Glass Knife"],"picked":"Corpse Explosion","floor":16},{"not_picked":["Bane","Infinite Blades"],"picked":"Dodge and Roll","floor":18},{"not_picked":["Noxious Fumes","Escape Plan","Bane"],"picked":"SKIP","floor":22}],"player_experience":393393,"relics_obtained":[{"floor":9,"key":"Orichalcum"},{"floor":14,"key":"Bottled Tornado"},{"floor":19,"key":"Nilry\u0027s Codex"}],"event_choices":[{"damage_healed":0,"gold_gain":0,"player_choice":"Donut","damage_taken":0,"max_hp_gain":5,"max_hp_loss":0,"event_name":"Big Fish","floor":2,"gold_loss":0},{"cards_removed":["Strike_G"],"damage_healed":0,"gold_gain":0,"player_choice":"Offered Basic","damage_taken":0,"max_hp_gain":0,"max_hp_loss":0,"event_name":"Bonfire Elementals","floor":8,"gold_loss":0},{"damage_healed":0,"gold_gain":75,"player_choice":"Gather Gold","damage_taken":11,"max_hp_gain":0,"max_hp_loss":0,"event_name":"World of Goop","floor":13,"gold_loss":0},{"damage_healed":0,"gold_gain":0,"player_choice":"Obtained Book","damage_taken":16,"max_hp_gain":0,"max_hp_loss":0,"event_name":"Cursed Tome","floor":19,"gold_loss":0},{"damage_healed":0,"gold_gain":0,"player_choice":"Ignored","damage_taken":0,"max_hp_gain":0,"max_hp_loss":0,"event_name":"Ghosts","floor":20,"gold_loss":0}],"is_beta":false,"boss_relics":[{"not_picked":["Busted Crown","Pandora\u0027s Box"],"picked":"Eternal Feather"}],"items_purged_floors":[21],"is_endless":false,"potions_floor_spawned":[1,11,12,14],"killed_by":"Slavers","ascension_level":10}