{"gold_per_floor":[118,118,33,49,124,157,176,23,23,198,211,211,230,245,245,342,342,353,371,286,211,23,23,54,72,96,96,96,107,107,120,120,120],"floor_reached":33,"playtime":1117,"items_purged":["Strike_B"],"score":350,"play_id":"3c122d12-24f9-4e00-9d25-f974a4aa1751","local_time":"20181024193731","is_ascension_mode":true,"campfire_choices":[{"data":"Capacitor","floor":12,"key":"SMITH"},{"data":"Dualcast","floor":15,"key":"SMITH"},{"data":"Static Discharge","floor":23,"key":"SMITH"},{"floor":27,"key":"REST"},{"floor":32,"key":"REST"}],"neow_cost":"NONE","seed_source_timestamp":337559445882435,"circlet_count":0,"master_deck":["Strike_B","Strike_B","Defend_B+1","Defend_B","Defend_B","Defend_B","Zap","Dualcast+1","Ball Lightning","Coolheaded+1","Blizzard","Capacitor+1","Steam","Blizzard+1","Static Discharge+1","White Noise","Doom and Gloom","Glacier+1","Go for the Eyes+1","Self Repair"],"relics":["Cracked Core","NeowsBlessing","Symbiotic Virus","War Paint","Anchor","Bottled Flame","Black Star","Omamori","Strawberry","Dream Catcher","Centennial Puzzle"],"potions_floor_usage":[16,24,33],"damage_taken":[{"damage":0,"enemies":"Small Slimes","floor":1,"turns":1},{"damage":0,"enemies":"Jaw Worm","floor":4,"turns":1},{"damage":0,"enemies":"Lagavulin","floor":6,"turns":1},{"damage":0,"enemies":"Cultist","floor":7,"turns":3},{"damage":15,"enemies":"2 Fungi Beasts","floor":11,"turns":3},{"damage":0,"enemies":"Lots of Slimes","floor":13,"turns":4},{"damage":0,"enemies":"3 Louse","floor":14,"turns":3},{"damage":23,"enemies":"Slime Boss","floor":16,"turns":9},{"damage":16,"enemies":"Shell Parasite","floor":18,"turns":6},{"damage":14,"enemies":"Spheric Guardian","floor":19,"turns":5},{"damage":13,"enemies":"Slavers","floor":24,"turns":3},{"damage":19,"enemies":"3 Cultists","floor":25,"turns":5},{"damage":22,"enemies":"Snake Plant","floor":29,"turns":4},{"damage":5,"enemies":"Snecko","floor":31,"turns":4},{"damage":64,"enemies":"Collector","floor":33,"turns":5}],"seed_played":"-8236133712253183940","potions_obtained":[{"floor":4,"key":"Weak Potion"},{"floor":6,"key":"EssenceOfSteel"},{"floor":11,"key":"FocusPotion"},{"floor":24,"key":"Swift Potion"},{"floor":25,"key":"SmokeBomb"},{"floor":30,"key":"EssenceOfSteel"}],"is_trial":false,"path_per_floor":["M","?","?","M","?","E","M","$","T","?","M","R","M","M","R","B",null,"M","M","?","?","$","R","E","M","T","R","?","M","?","M","R"],"character_chosen":"DEFECT","items_purchased":["Anchor","Static Discharge","White Noise"],"campfire_rested":2,"item_purchase_floors":[8,22,22],"current_hp_per_floor":[75,75,75,75,64,64,64,64,64,64,49,49,49,49,49,26,75,59,45,45,45,45,45,39,20,20,44,44,22,22,17,41,0],"gold":120,"neow_bonus":"THREE_ENEMY_KILL","is_prod":false,"is_daily":false,"chose_seed":false,"campfire_upgraded":3,"win_rate":0,"timestamp":1540402651,"path_taken":["M","?","?","?","?","E","M","$","T","?","M","R","M","M","R","BOSS","M","M","?","?","$","R","E","M","T","R","?","?","?","M","R","BOSS"],"build_version":"2018-10-18","purchased_purges":1,"victory":false,"max_hp_per_floor":[75,75,75,75,75,75,75,75,75,75,75,75,75,75,75,75,75,75,75,75,75,75,75,82,82,82,82,82,82,82,82,82,82],"card_choices":[{"not_picked":["Compile Driver","Rip and Tear"],"picked":"Ball Lightning","floor":1},{"not_picked":["Compile Driver","Barrage"],"picked":"Coolheaded","floor":4},{"not_picked":["Undo","Sunder"],"picked":"Blizzard","floor":6},{"not_picked":["Heatsinks","Sweeping Beam","Redo"],"picked":"SKIP","floor":7},{"not_picked":["Ball Lightning","Coolheaded"],"picked":"Capacitor","floor":11},{"not_picked":["Compile Driver","Steam Power","Consume"],"picked":"SKIP","floor":13},{"not_picked":["Rip and Tear","Coolheaded","Skim"],"picked":"SKIP","floor":14},{"not_picked":["Compile Driver+1","Turbo"],"picked":"Steam","floor":18},{"not_picked":["Hello World","Stack"],"picked":"Blizzard+1","floor":19},{"not_picked":["Hyperbeam","Lockon+1"],"picked":"Doom and Gloom","floor":24},{"not_picked":["Genetic Algorithm+1","Stack"],"picked":"Glacier+1","floor":25},{"not_picked":["Gash","Scrape+1"],"picked":"Go for the Eyes+1","floor":27},{"not_picked":["Ball Lightning+1","Beam Cell"],"picked":"Self Repair","floor":29},{"not_picked":["Sunder","Compile Driver","Barrage"],"picked":"SKIP","floor":31}],"player_experience":245376,"relics_obtained":[{"floor":6,"key":"War Paint"},{"floor":9,"key":"Bottled Flame"},{"floor":24,"key":"Strawberry"},{"floor":24,"key":"Dream Catcher"},{"floor":26,"key":"Centennial Puzzle"}],"event_choices":[{"cards_removed":["Strike_B"],"damage_healed":0,"gold_gain":0,"player_choice":"Forget","damage_taken":0,"max_hp_gain":0,"max_hp_loss":0,"event_name":"Living Wall","floor":2,"gold_loss":0},{"damage_healed":0,"gold_gain":0,"player_choice":"Paid Gold","damage_taken":0,"relics_obtained":["Symbiotic Virus"],"max_hp_gain":0,"max_hp_loss":0,"event_name":"WeMeetAgain","floor":3,"gold_loss":85},{"damage_healed":0,"gold_gain":75,"player_choice":"Gather Gold","damage_taken":11,"max_hp_gain":0,"max_hp_loss":0,"event_name":"World of Goop","floor":5,"gold_loss":0},{"damage_healed":0,"gold_gain":175,"player_choice":"AGREE","damage_taken":0,"max_hp_gain":0,"max_hp_loss":0,"event_name":"Liars Game","floor":10,"gold_loss":0,"cards_obtained":["Doubt"]},{"damage_healed":0,"gold_gain":0,"player_choice":"Obtained Relic","damage_taken":0,"relics_obtained":["Omamori"],"max_hp_gain":0,"max_hp_loss":0,"event_name":"Addict","floor":20,"gold_loss":85},{"cards_removed":["Doubt"],"damage_healed":0,"gold_gain":0,"player_choice":"Gave Gold","damage_taken":0,"max_hp_gain":0,"max_hp_loss":0,"event_name":"Beggar","floor":21,"gold_loss":75},{"damage_healed":0,"gold_gain":0,"player_choice":"Ignored","damage_taken":0,"max_hp_gain":0,"max_hp_loss":0,"event_name":"The Mausoleum","floor":28,"gold_loss":0},{"damage_healed":0,"gold_gain":0,"player_choice":"Got Potions","damage_taken":0,"max_hp_gain":0,"max_hp_loss":0,"event_name":"The Lab","floor":30,"gold_loss":0}],"is_beta":false,"boss_relics":[{"not_picked":["Runic Dome","Inserter"],"picked":"Black Star"}],"items_purged_floors":[22],"is_endless":false,"potions_floor_spawned":[4,6,11,24,25],"killed_by":"Collector","ascension_level":4}