{"gold_per_floor":[110,22,77,352,84,119,19,19,19,38,73,145,187,214,226,315,327,349,361,373,59,59,59,86,86,86,86,106,126,126,160,160,239,239,254,274,290,165,0,0,0],"floor_reached":41,"playtime":1714,"items_purged":["Regret","Strike_R","Shame"],"score":916,"play_id":"bd46b78b-cf40-44e6-84bf-ca18ec089236","local_time":"20190420212413","is_ascension_mode":true,"campfire_choices":[{"data":"Rampage","floor":8.0,"key":"SMITH"},{"data":"Uppercut","floor":15.0,"key":"SMITH"},{"data":"Inflame","floor":23.0,"key":"SMITH"},{"data":"Reaper","floor":25.0,"key":"SMITH"},{"data":"Inflame","floor":27.0,"key":"SMITH"},{"floor":32.0,"key":"REST"},{"data":"Metallicize","floor":40,"key":"SMITH"}],"neow_cost":"NONE","seed_source_timestamp":0,"circlet_count":0,"master_deck":["AscendersBane","Strike_R+1","Strike_R+1","Strike_R+1","Strike_R+1","Defend_R+1","Defend_R+1","Defend_R+1","Defend_R+1","Bash","Cleave","Uppercut+1","Pommel Strike","Rampage+1","Inflame+1","Reaper+1","Inflame+1","Metallicize+1","Offering"],"special_seed":0,"relics":["Burning Blood","NeowsBlessing","Centennial Puzzle","Meat on the Bone","Dodecahedron","MawBank","Singing Bowl","Tiny Chest","Runic Pyramid","Thread and Needle","Orichalcum","Regal Pillow","PreservedInsect","Nilry\u0027s Codex","Magic Flower","Black Star","Red Mask"],"potions_floor_usage":[36,41],"damage_taken":[{"damage":0.0,"enemies":"Jaw Worm","floor":1.0,"turns":1.0},{"damage":0.0,"enemies":"Lagavulin","floor":6.0,"turns":1.0},{"damage":0.0,"enemies":"Small Slimes","floor":10.0,"turns":1.0},{"damage":14.0,"enemies":"Gremlin Nob","floor":11.0,"turns":4.0},{"damage":8.0,"enemies":"Gremlin Nob","floor":12.0,"turns":3.0},{"damage":6.0,"enemies":"Cultist","floor":14.0,"turns":3.0},{"damage":42.0,"enemies":"Slime Boss","floor":16.0,"turns":13.0},{"damage":49.0,"enemies":"Spheric Guardian","floor":18.0,"turns":7.0},{"damage":45.0,"enemies":"Gremlin Leader","floor":24.0,"turns":8.0},{"damage":20.0,"enemies":"3 Byrds","floor":28.0,"turns":6.0},{"damage":29.0,"enemies":"Sentry and Sphere","floor":29.0,"turns":8.0},{"damage":25.0,"enemies":"Book of Stabbing","floor":31.0,"turns":5.0},{"damage":92.0,"enemies":"Automaton","floor":33.0,"turns":12.0},{"damage":32,"enemies":"3 Shapes","floor":35,"turns":22},{"damage":55,"enemies":"3 Darklings","floor":36,"turns":6},{"damage":69,"enemies":"Spire Growth","floor":37,"turns":7},{"damage":90,"enemies":"Reptomancer","floor":41,"turns":3}],"seed_played":"3452507905800584944","potions_obtained":[{"floor":1.0,"key":"Explosive Potion"},{"floor":10.0,"key":"Block Potion"},{"floor":11.0,"key":"Strength Potion"},{"floor":18.0,"key":"SkillPotion"},{"floor":28.0,"key":"Ancient Potion"},{"floor":33.0,"key":"Dexterity Potion"},{"floor":35,"key":"Fire Potion"}],"is_trial":false,"path_per_floor":["M","$","?","?","$","E","$","R","T","M","E","?","T","M","R","B",null,"M","?","?","$","?","R","E","R","T","R","M","M","?","E","R","B",null,"M","M","M","$","?","R","E"],"character_chosen":"IRONCLAD","items_purchased":["Uppercut","Centennial Puzzle","Pommel Strike","Thread and Needle"],"campfire_rested":1,"item_purchase_floors":[2,5,5,21],"current_hp_per_floor":[74,74,74,74,74,75,75,75,75,75,67,65,65,67,67,43,69,45,45,45,45,45,45,48,48,48,48,58,57,36,47,85,44,75,54,70,59,59,59,59,0],"gold":0,"neow_bonus":"THREE_ENEMY_KILL","is_prod":false,"is_daily":false,"chose_seed":false,"campfire_upgraded":6,"win_rate":0,"timestamp":1555788253,"path_taken":["M","$","?","?","$","E","$","R","T","?","E","?","?","M","R","BOSS","M","?","?","$","?","R","E","R","T","R","M","?","?","E","R","BOSS","M","M","M","$","?","R","E"],"build_version":"2019-01-23","purchased_purges":3,"victory":false,"max_hp_per_floor":[75,75,75,75,75,75,75,75,75,75,75,75,75,77,77,77,77,79,79,79,79,79,79,81,81,81,81,81,83,83,85,85,85,85,87,89,91,91,91,91,91],"card_choices":[{"not_picked":["Dual Wield","Warcry"],"picked":"Cleave","floor":1.0},{"not_picked":["Double Tap","Perfected Strike"],"picked":"Rampage","floor":6.0},{"not_picked":["Twin Strike","Sever Soul","Heavy Blade"],"picked":"SKIP","floor":10.0},{"not_picked":["Evolve","Body Slam","Twin Strike"],"picked":"SKIP","floor":11.0},{"not_picked":["Sever Soul","Twin Strike"],"picked":"Inflame","floor":12.0},{"not_picked":["Blood for Blood","Havoc","Armaments"],"picked":"Singing Bowl","floor":14.0},{"not_picked":["Berserk","Fiend Fire"],"picked":"Reaper","floor":16.0},{"not_picked":["Wild Strike","Clothesline+1","Whirlwind"],"picked":"Singing Bowl","floor":18.0},{"not_picked":["Body Slam","True Grit","Intimidate"],"picked":"Singing Bowl","floor":24.0},{"not_picked":["Flex","Twin Strike"],"picked":"Metallicize","floor":28.0},{"not_picked":["Carnage","Whirlwind+1","Flame Barrier"],"picked":"Singing Bowl","floor":29.0},{"not_picked":["Whirlwind","Dual Wield","Armaments"],"picked":"Singing Bowl","floor":31.0},{"not_picked":["Juggernaut","Dark Embrace"],"picked":"Offering","floor":33.0},{"not_picked":["Havoc","Power Through","Anger+1"],"picked":"Singing Bowl","floor":35},{"not_picked":["Armaments+1","Cleave+1","Heavy Blade"],"picked":"Singing Bowl","floor":36},{"not_picked":["Anger+1","Power Through+1","Clothesline"],"picked":"Singing Bowl","floor":37}],"player_experience":575445,"relics_obtained":[{"floor":6.0,"key":"Meat on the Bone"},{"floor":9.0,"key":"Dodecahedron"},{"floor":11.0,"key":"MawBank"},{"floor":12.0,"key":"Singing Bowl"},{"floor":13.0,"key":"Tiny Chest"},{"floor":24.0,"key":"Regal Pillow"},{"floor":26.0,"key":"PreservedInsect"},{"floor":30.0,"key":"Nilry\u0027s Codex"},{"floor":31.0,"key":"Magic Flower"}],"event_choices":[{"damage_healed":0.0,"max_hp_gain":0.0,"max_hp_loss":0.0,"gold_gain":55.0,"event_name":"Golden Wing","player_choice":"Gained Gold","floor":3.0,"gold_loss":0.0,"damage_taken":0.0},{"damage_healed":0.0,"max_hp_gain":0.0,"max_hp_loss":0.0,"gold_gain":275.0,"event_name":"Golden Shrine","player_choice":"Desecrate","floor":4.0,"gold_loss":0.0,"damage_taken":0.0,"cards_obtained":["Regret"]},{"damage_healed":0.0,"max_hp_gain":0.0,"max_hp_loss":0.0,"gold_gain":30.0,"event_name":"Dead Adventurer","player_choice":"Searched \u00272\u0027 times","floor":12.0,"gold_loss":0.0,"damage_taken":0.0},{"damage_healed":0.0,"max_hp_gain":0.0,"max_hp_loss":0.0,"gold_gain":0.0,"event_name":"Back to Basics","player_choice":"Simplicity","floor":19.0,"gold_loss":0.0,"damage_taken":0.0,"cards_upgraded":["Strike_R","Strike_R","Strike_R","Strike_R","Defend_R","Defend_R","Defend_R","Defend_R"]},{"damage_healed":0.0,"max_hp_gain":0.0,"max_hp_loss":0.0,"gold_gain":0.0,"event_name":"The Library","player_choice":"Read","floor":20.0,"gold_loss":0.0,"damage_taken":0.0,"cards_obtained":["Inflame"]},{"damage_healed":0.0,"max_hp_gain":0.0,"max_hp_loss":0.0,"gold_gain":0.0,"event_name":"Addict","player_choice":"Stole Relic","floor":22.0,"gold_loss":0.0,"damage_taken":0.0,"relics_obtained":["Orichalcum"],"cards_obtained":["Shame"]},{"damage_healed":0.0,"max_hp_gain":0.0,"max_hp_loss":0.0,"gold_gain":0.0,"event_name":"Cursed Tome","player_choice":"Obtained Book","floor":30.0,"gold_loss":0.0,"damage_taken":21.0},{"damage_healed":0,"gold_gain":0,"player_choice":"Paid","damage_taken":0,"relics_obtained":["Red Mask"],"max_hp_gain":0,"max_hp_loss":0,"event_name":"Tomb of Lord Red Mask","floor":39,"gold_loss":165}],"is_beta":false,"boss_relics":[{"not_picked":["Empty Cage","Orrery"],"picked":"Runic Pyramid"},{"not_picked":["Snecko Eye","White Beast Statue"],"picked":"Black Star"}],"items_purged_floors":[5,7,38],"is_endless":false,"potions_floor_spawned":[1,10,11,18,28,33,35],"killed_by":"Reptomancer","ascension_level":20}