{"gold_per_floor":[147,147,166,166,177,177,187,203,203,203,203,235,245,256,256,256],"floor_reached":16,"playtime":1230,"items_purged":[],"score":156,"play_id":"797d47d1-b42f-4a28-a250-6d9b9d83c243","local_time":"20190324135049","is_ascension_mode":true,"campfire_choices":[{"data":"Deadly Poison","floor":6,"key":"SMITH"},{"data":"Poisoned Stab","floor":10,"key":"SMITH"},{"floor":15,"key":"REST"}],"neow_cost":"NONE","seed_source_timestamp":148796886737351,"circlet_count":0,"master_deck":["AscendersBane","Defend_G","Defend_G","Defend_G","Defend_G","Defend_G","Strike_G","Strike_G","Strike_G","Strike_G","Strike_G","Survivor","Neutralize","Dodge and Roll","Poisoned Stab+1","Deadly Poison+1","Dagger Spray","Crippling Poison"],"relics":["Ring of the Snake","Tiny Chest","Question Card","Molten Egg 2"],"potions_floor_usage":[8,12,12,14,16],"damage_taken":[{"damage":0,"enemies":"2 Louse","floor":1,"turns":4},{"damage":0,"enemies":"Cultist","floor":3,"turns":4},{"damage":5,"enemies":"Jaw Worm","floor":5,"turns":5},{"damage":4,"enemies":"Blue Slaver","floor":7,"turns":4},{"damage":0,"enemies":"3 Louse","floor":8,"turns":2},{"damage":19,"enemies":"3 Sentries","floor":12,"turns":8},{"damage":6,"enemies":"Looter","floor":13,"turns":3},{"damage":9,"enemies":"Exordium Wildlife","floor":14,"turns":3},{"damage":21,"enemies":"Slime Boss","floor":16,"turns":9}],"seed_played":"-4954531196415260793","potions_obtained":[{"floor":4,"key":"Strength Potion"},{"floor":4,"key":"SkillPotion"},{"floor":4,"key":"Block Potion"},{"floor":5,"key":"Block Potion"},{"floor":12,"key":"PowerPotion"},{"floor":14,"key":"GhostInAJar"}],"is_trial":false,"path_per_floor":["M","$","M","?","M","R","M","M","T","R","?","E","M","M","R","B"],"character_chosen":"THE_SILENT","items_purchased":[],"campfire_rested":1,"item_purchase_floors":[],"current_hp_per_floor":[63,63,63,63,58,58,54,54,54,54,54,35,29,20,41,20],"gold":256,"neow_bonus":"RANDOM_COMMON_RELIC","is_prod":false,"is_daily":false,"chose_seed":false,"campfire_upgraded":2,"win_rate":0,"timestamp":1553431849,"path_taken":["M","$","M","?","?","R","M","M","T","R","?","E","M","M","R","BOSS"],"build_version":"2019-01-23","purchased_purges":0,"victory":false,"max_hp_per_floor":[70,70,70,70,70,70,70,70,70,70,70,70,70,70,70,70],"card_choices":[{"not_picked":["Sucker Punch","Concentrate"],"picked":"Dodge and Roll","floor":1},{"not_picked":["Dagger Throw","Bane"],"picked":"Poisoned Stab","floor":3},{"not_picked":["Backflip","Blade Dance"],"picked":"Deadly Poison","floor":5},{"not_picked":["Tactician","Underhanded Strike"],"picked":"Dagger Spray","floor":7},{"not_picked":["Outmaneuver","Sucker Punch","Slice"],"picked":"SKIP","floor":8},{"not_picked":["Dagger Throw","Leg Sweep","Quick Slash","Blade Dance"],"picked":"SKIP","floor":12},{"not_picked":["Burst","Underhanded Strike+1","Sucker Punch+1"],"picked":"Crippling Poison","floor":13},{"not_picked":["Slice+1","Outmaneuver","Dagger Spray+1","Blade Dance"],"picked":"SKIP","floor":14}],"player_experience":356530,"relics_obtained":[{"floor":9,"key":"Question Card"},{"floor":12,"key":"Molten Egg 2"}],"event_choices":[{"damage_healed":0,"gold_gain":0,"player_choice":"Got Potions","damage_taken":0,"max_hp_gain":0,"max_hp_loss":0,"event_name":"Lab","floor":4,"gold_loss":0},{"damage_healed":0,"gold_gain":0,"player_choice":"Ignored","damage_taken":0,"max_hp_gain":0,"max_hp_loss":0,"event_name":"Liars Game","floor":11,"gold_loss":0}],"is_beta":false,"boss_relics":[],"items_purged_floors":[],"is_endless":false,"potions_floor_spawned":[5,12,14],"killed_by":"Slime Boss","ascension_level":10}