{"gold_per_floor":[115,115,132,57,57,91,105,123,149,183,183,183,183,214,214,344,344,359,74,99,14,27,27,66,66,66,81,81,81,99,99],"floor_reached":31,"playtime":1973,"items_purged":["Strike_R"],"score":298,"play_id":"1a983302-4373-4613-9461-4a4fd348f72b","local_time":"20181207225413","is_ascension_mode":false,"campfire_choices":[{"data":"Clothesline","floor":12,"key":"SMITH"},{"data":"Iron Wave","floor":15,"key":"SMITH"},{"data":"Armaments","floor":23,"key":"SMITH"},{"data":"Disarm","floor":25,"key":"SMITH"},{"data":"Spot Weakness","floor":29,"key":"SMITH"}],"neow_cost":"NONE","seed_source_timestamp":767946475791905,"circlet_count":0,"master_deck":["Strike_R+1","Strike_R+1","Defend_R","Defend_R","Defend_R","Bash","Anger+1","Spot Weakness+1","Flame Barrier","Heavy Blade","Iron Wave+1","Clothesline+1","Rampage","Offering","Disarm+1","Armaments+1","Ghostly Armor","Feed","Ghostly","Ghostly","Ghostly","Ghostly","Ghostly"],"relics":["Burning Blood","Golden Idol","Whetstone","Dream Catcher","Boot","Mercury Hourglass","Vajra","Empty Cage","Potion Belt","Centennial Puzzle","Smiling Mask","Ice Cream"],"potions_floor_usage":[10,10,22,24,24,30],"damage_taken":[{"damage":0,"enemies":"Small Slimes","floor":1,"turns":3},{"damage":1,"enemies":"2 Louse","floor":3,"turns":3},{"damage":31,"enemies":"3 Sentries","floor":6,"turns":8},{"damage":1,"enemies":"Jaw Worm","floor":7,"turns":3},{"damage":6,"enemies":"2 Fungi Beasts","floor":8,"turns":3},{"damage":18,"enemies":"Lagavulin","floor":10,"turns":7},{"damage":4,"enemies":"3 Sentries","floor":14,"turns":5},{"damage":39,"enemies":"Hexaghost","floor":16,"turns":8},{"damage":0,"enemies":"3 Byrds","floor":18,"turns":3},{"damage":16,"enemies":"Shell Parasite","floor":20,"turns":4},{"damage":31,"enemies":"Snake Plant","floor":22,"turns":5},{"damage":28,"enemies":"Book of Stabbing","floor":24,"turns":6},{"damage":12,"enemies":"Centurion and Healer","floor":27,"turns":7},{"damage":9,"enemies":"Sentry and Sphere","floor":30,"turns":7},{"damage":3,"enemies":"Colosseum Slavers","floor":31,"turns":5},{"damage":54,"enemies":"Colosseum Nobs","floor":31,"turns":5}],"seed_played":"686013355630805412","potions_obtained":[{"floor":1,"key":"Ancient Potion"},{"floor":7,"key":"Weak Potion"},{"floor":8,"key":"BloodPotion"},{"floor":16,"key":"BloodPotion"},{"floor":18,"key":"Energy Potion"},{"floor":20,"key":"Poison Potion"},{"floor":27,"key":"AttackPotion"}],"is_trial":false,"path_per_floor":["M","?","M","$","?","E","M","M","T","E","?","R","?","E","R","B",null,"M","$","M","?","M","R","E","R","T","M","?","R","M","?"],"character_chosen":"IRONCLAD","items_purchased":["Potion Belt","Disarm","Armaments"],"campfire_rested":0,"item_purchase_floors":[19,19,19],"current_hp_per_floor":[80,80,80,80,60,35,40,40,40,36,62,62,59,61,61,28,80,80,80,70,70,53,53,31,31,31,25,25,25,25,0],"gold":99,"neow_bonus":"TRANSFORM_CARD","is_prod":false,"is_daily":false,"chose_seed":false,"campfire_upgraded":5,"win_rate":0,"timestamp":1544190853,"path_taken":["M","?","M","$","?","E","M","M","T","E","?","R","?","E","R","BOSS","M","$","M","?","M","R","E","R","T","M","?","R","M","?"],"build_version":"2018-12-06","purchased_purges":1,"victory":false,"max_hp_per_floor":[80,80,80,80,80,80,80,80,80,80,80,80,80,80,80,80,80,80,80,80,80,80,80,80,80,80,80,40,40,43,46],"card_choices":[{"not_picked":["Rupture","Warcry"],"picked":"Spot Weakness","floor":1},{"not_picked":["Sever Soul","Anger","Cleave"],"picked":"SKIP","floor":3},{"not_picked":["Heavy Blade","Twin Strike"],"picked":"Flame Barrier","floor":6},{"not_picked":["Feel No Pain","Warcry"],"picked":"Heavy Blade","floor":7},{"not_picked":["Dropkick","Blood for Blood"],"picked":"Iron Wave","floor":8},{"not_picked":["Reckless Charge","Iron Wave"],"picked":"Clothesline","floor":10},{"not_picked":["Iron Wave","Anger"],"picked":"Rampage","floor":14},{"not_picked":["Brutality","Bludgeon"],"picked":"Offering","floor":16},{"not_picked":["Cleave","Anger","Fire Breathing"],"picked":"SKIP","floor":18},{"not_picked":["Perfected Strike","Twin Strike"],"picked":"Ghostly Armor","floor":20},{"not_picked":["Clothesline","Armaments","Carnage"],"picked":"SKIP","floor":22},{"not_picked":["Sword Boomerang+1","Shrug It Off","True Grit"],"picked":"SKIP","floor":24},{"not_picked":["Armaments","Thunderclap"],"picked":"Feed","floor":27},{"not_picked":["Dropkick","Wild Strike","Clash"],"picked":"SKIP","floor":30}],"player_experience":81579,"relics_obtained":[{"floor":6,"key":"Whetstone"},{"floor":9,"key":"Dream Catcher"},{"floor":10,"key":"Boot"},{"floor":14,"key":"Vajra"},{"floor":24,"key":"Smiling Mask"},{"floor":26,"key":"Ice Cream"}],"event_choices":[{"damage_healed":0,"gold_gain":0,"player_choice":"Grow","damage_taken":0,"max_hp_gain":0,"max_hp_loss":0,"event_name":"Living Wall","floor":2,"gold_loss":0,"cards_upgraded":["Anger"]},{"damage_healed":0,"gold_gain":0,"player_choice":"Take Damage","damage_taken":20,"relics_obtained":["Golden Idol"],"max_hp_gain":0,"max_hp_loss":0,"event_name":"Golden Idol","floor":5,"gold_loss":0},{"damage_healed":26,"gold_gain":0,"player_choice":"Banana","damage_taken":0,"max_hp_gain":0,"max_hp_loss":0,"event_name":"Big Fish","floor":11,"gold_loss":0},{"damage_healed":0,"gold_gain":0,"player_choice":"Success","damage_taken":3,"relics_obtained":["Mercury Hourglass"],"max_hp_gain":0,"max_hp_loss":0,"event_name":"Scrap Ooze","floor":13,"gold_loss":0},{"damage_healed":0,"gold_gain":0,"player_choice":"Obtained Relic","damage_taken":0,"relics_obtained":["Centennial Puzzle"],"max_hp_gain":0,"max_hp_loss":0,"event_name":"Addict","floor":21,"gold_loss":85},{"damage_healed":0,"gold_gain":0,"player_choice":"Became a Ghost","damage_taken":0,"max_hp_gain":0,"max_hp_loss":40,"event_name":"Ghosts","floor":28,"gold_loss":0,"cards_obtained":["Ghostly","Ghostly","Ghostly","Ghostly","Ghostly"]},{"damage_healed":0,"gold_gain":0,"player_choice":"Fight","damage_taken":0,"max_hp_gain":0,"max_hp_loss":0,"event_name":"Colosseum","floor":31,"gold_loss":0},{"damage_healed":0,"gold_gain":0,"player_choice":"Fought Nobs","damage_taken":0,"max_hp_gain":0,"max_hp_loss":0,"event_name":"Colosseum","floor":31,"gold_loss":0}],"is_beta":false,"boss_relics":[{"not_picked":["Calling Bell","Eternal Feather"],"picked":"Empty Cage"}],"items_purged_floors":[4],"is_endless":false,"potions_floor_spawned":[1,7,8,16,18,20,27,31],"killed_by":"Colosseum Nobs","ascension_level":0}