{"gold_per_floor":[212,137,155,170,170,170,190,190,190,218,237,157,191,207,207,304,304,317,333,258,158,158,158,171,186,186,186,198,198,218,234,234,334,334,350,116,126,137,137,137,137,152,232,283,283,299,312,325,325,325],"floor_reached":51,"playtime":2919,"items_purged":["Strike_R","Strike_R","Strike_R","Strike_R"],"score":765,"play_id":"c383f16d-4743-4614-b745-c9564b437295","local_time":"20180826230544","is_ascension_mode":false,"campfire_choices":[{"data":"Rampage","floor":6.0,"key":"SMITH"},{"data":"Uppercut","floor":8.0,"key":"SMITH"},{"data":"Battle Trance","floor":15.0,"key":"SMITH"},{"data":"Offering","floor":23.0,"key":"SMITH"},{"data":"Headbutt","floor":27.0,"key":"SMITH"},{"floor":29.0,"key":"REST"},{"floor":32.0,"key":"REST"},{"floor":40,"key":"REST"},{"floor":45,"key":"REST"},{"floor":49,"key":"REST"}],"neow_cost":"NONE","seed_source_timestamp":312184616469,"circlet_count":0,"master_deck":["Defend_R","Defend_R","Defend_R","Defend_R","Rampage+1","Uppercut+1","Headbutt+1","Battle Trance+1","Offering+1","Pommel Strike+1","Shrug It Off+1","Pain","Bloodletting+1","Rage"],"special_seed":0,"relics":["Burning Blood","Mercury Hourglass","The Courier","Matryoshka","Cursed Key","Dream Catcher","Strawberry","Oddly Smooth Stone","Empty Cage","Bag of Preparation","FaceOfCleric","Anchor","Question Card","Turnip"],"potions_floor_usage":[50,50,50],"damage_taken":[{"damage":6.0,"enemies":"Cultist","floor":1.0,"turns":3.0},{"damage":0.0,"enemies":"2 Louse","floor":3.0,"turns":4.0},{"damage":3.0,"enemies":"Jaw Worm","floor":4.0,"turns":3.0},{"damage":0.0,"enemies":"Large Slime","floor":7.0,"turns":5.0},{"damage":21.0,"enemies":"3 Sentries","floor":10.0,"turns":6.0},{"damage":5.0,"enemies":"Looter","floor":11.0,"turns":2.0},{"damage":12.0,"enemies":"Gremlin Nob","floor":13.0,"turns":3.0},{"damage":8.0,"enemies":"Exordium Wildlife","floor":14.0,"turns":2.0},{"damage":28.0,"enemies":"Hexaghost","floor":16.0,"turns":7.0},{"damage":18.0,"enemies":"3 Byrds","floor":18.0,"turns":3.0},{"damage":9.0,"enemies":"Shell Parasite","floor":19.0,"turns":2.0},{"damage":18.0,"enemies":"Centurion and Healer","floor":24.0,"turns":3.0},{"damage":16.0,"enemies":"Snake Plant","floor":25.0,"turns":2.0},{"damage":6.0,"enemies":"3 Cultists","floor":28.0,"turns":3.0},{"damage":16.0,"enemies":"Snecko","floor":30.0,"turns":5.0},{"damage":21.0,"enemies":"Snake Plant","floor":31.0,"turns":2.0},{"damage":54.0,"enemies":"Automaton","floor":33.0,"turns":7.0},{"damage":6,"enemies":"Orb Walker","floor":35,"turns":2},{"damage":24,"enemies":"3 Shapes","floor":37,"turns":3},{"damage":24,"enemies":"Maw","floor":38,"turns":4},{"damage":10,"enemies":"Sphere and 2 Shapes","floor":42,"turns":4},{"damage":22,"enemies":"Mysterious Sphere","floor":44,"turns":4},{"damage":24,"enemies":"Flame Bruiser 2 Orb","floor":46,"turns":2},{"damage":15,"enemies":"Spire Growth","floor":47,"turns":3},{"damage":20,"enemies":"Maw","floor":48,"turns":4},{"damage":58,"enemies":"Awakened One","floor":50,"turns":8}],"seed_played":"1350524334604157195","potions_obtained":[{"floor":1.0,"key":"SkillPotion"},{"floor":10.0,"key":"EssenceOfSteel"},{"floor":11.0,"key":"AttackPotion"},{"floor":14.0,"key":"Swift Potion"},{"floor":18.0,"key":"PowerPotion"},{"floor":19.0,"key":"Explosive Potion"},{"floor":30.0,"key":"Fire Potion"},{"floor":33.0,"key":"AttackPotion"},{"floor":35,"key":"EssenceOfSteel"},{"floor":37,"key":"Explosive Potion"}],"is_trial":false,"path_per_floor":["M","$","M","M","?","R","M","R","T","E","M","$","E","M","R","B",null,"M","M","?","$","?","R","M","M","T","R","M","R","M","M","R","B",null,"M","$","M","M","$","R","?","M","T","?","R","M","M","M","R","B"],"character_chosen":"IRONCLAD","items_purchased":["Bag of Preparation"],"campfire_rested":5,"item_purchase_floors":[36],"current_hp_per_floor":[80,80,80,80,80,80,80,80,80,65,66,66,60,58,58,36,80,68,65,65,65,65,65,53,43,50,50,50,76,66,51,77,29,87,87,87,69,51,51,77,77,74,74,59,85,68,60,47,74,23],"gold":325,"neow_bonus":"HUNDRED_GOLD","is_prod":false,"is_daily":false,"chose_seed":false,"campfire_upgraded":5,"win_rate":0,"timestamp":1535295944,"path_taken":["M","$","M","?","?","R","M","R","T","E","M","$","E","M","R","BOSS","M","M","?","$","?","R","M","?","T","R","M","R","M","?","R","BOSS","M","$","M","M","$","R","?","M","T","?","R","?","?","M","R","BOSS"],"build_version":"2018-08-23v2","purchased_purges":4,"victory":true,"max_hp_per_floor":[80,80,80,80,80,80,80,80,80,80,80,80,80,80,80,80,80,80,80,80,80,80,80,80,80,87,87,87,87,87,87,87,87,87,87,87,87,87,87,87,87,88,88,89,89,90,91,92,92,93],"card_choices":[{"not_picked":["Sword Boomerang","Warcry"],"picked":"Rampage","floor":1.0},{"not_picked":["Rage","Sword Boomerang"],"picked":"Uppercut","floor":3.0},{"not_picked":["Anger","Second Wind","Sentinel"],"picked":"SKIP","floor":4.0},{"not_picked":["Seeing Red","Clothesline"],"picked":"Headbutt","floor":7.0},{"not_picked":["Clash","Carnage"],"picked":"Battle Trance","floor":10.0},{"not_picked":["Armaments","Rage","Iron Wave"],"picked":"SKIP","floor":11.0},{"not_picked":["Sentinel","Flex","Warcry"],"picked":"SKIP","floor":13.0},{"not_picked":["Reaper","Dual Wield","True Grit"],"picked":"SKIP","floor":14.0},{"not_picked":["Double Tap","Bludgeon"],"picked":"Offering","floor":16.0},{"not_picked":["Seeing Red+1","Shrug It Off","Burning Pact"],"picked":"SKIP","floor":18.0},{"not_picked":["Perfected Strike","Headbutt+1","Sword Boomerang"],"picked":"SKIP","floor":19.0},{"not_picked":["Sword Boomerang","Battle Trance+1"],"picked":"Pommel Strike+1","floor":24.0},{"not_picked":["Headbutt+1","Power Through","Searing Blow"],"picked":"SKIP","floor":25.0},{"not_picked":["Warcry","Fiend Fire","Clash"],"picked":"SKIP","floor":28.0},{"not_picked":["Sword Boomerang","Armaments","True Grit"],"picked":"SKIP","floor":30.0},{"not_picked":["Havoc","Flex","Inflame"],"picked":"SKIP","floor":31.0},{"not_picked":["Blood for Blood+1","Anger"],"picked":"Shrug It Off+1","floor":32.0},{"not_picked":["Corruption+1","Sentinel+1","Headbutt"],"picked":"SKIP","floor":35},{"not_picked":["Fire Breathing+1","Shockwave+1","Anger"],"picked":"SKIP","floor":37},{"not_picked":["Shockwave","Wild Strike","Warcry+1"],"picked":"SKIP","floor":38},{"not_picked":["Entrench+1","Clothesline","Power Through"],"picked":"SKIP","floor":42},{"not_picked":["Flex","Clash","True Grit"],"picked":"Bloodletting+1","floor":44},{"not_picked":["Hemokinesis+1","Sword Boomerang","Blood for Blood+1","Bludgeon"],"picked":"SKIP","floor":46},{"not_picked":["Reckless Charge+1","Shockwave+1","Corruption+1","Cleave+1"],"picked":"SKIP","floor":47},{"not_picked":["Clothesline+1","Sentinel+1","Body Slam"],"picked":"Rage","floor":48}],"player_experience":345532,"relics_obtained":[{"floor":9.0,"key":"Mercury Hourglass"},{"floor":10.0,"key":"The Courier"},{"floor":13.0,"key":"Matryoshka"},{"floor":26.0,"key":"Strawberry"},{"floor":26.0,"key":"Oddly Smooth Stone"},{"floor":43,"key":"Anchor"},{"floor":43,"key":"Question Card"},{"floor":44,"key":"Turnip"}],"event_choices":[{"event_name":"Purifier","player_choice":"One Purge","floor":5.0,"damage_taken":0.0},{"event_name":"Beggar","player_choice":"Gave Gold","floor":20.0,"damage_taken":0.0},{"event_name":"The Mausoleum","player_choice":"Yes","floor":22.0,"damage_taken":0.0},{"event_name":"FaceTrader","player_choice":"Trade","floor":41,"damage_taken":0},{"event_name":"Mysterious Sphere","player_choice":"Fight","floor":44,"damage_taken":0}],"is_beta":false,"boss_relics":[{"not_picked":["Philosopher\u0027s Stone","Astrolabe"],"picked":"Cursed Key"},{"not_picked":["Calling Bell","Fusion Hammer"],"picked":"Empty Cage"}],"items_purged_floors":[2,12,21,36],"is_endless":false,"potions_floor_spawned":[1,10,11,14,18,19,30,33,35,37,46,48],"ascension_level":0}