{"gold_per_floor":[114,130,305,305,38,38,49,49,49,1,1,15,15,25,25,122,122,132,132,32,44,44,0,17,30,30,30,49,49,49,49,49,49],"floor_reached":33,"playtime":1558,"items_purged":["Doubt","Meteor Strike"],"score":235,"play_id":"172f2311-8667-4e9e-b8b1-356111d1d32e","local_time":"20180930153410","is_ascension_mode":false,"campfire_choices":[{"data":"Rainbow","floor":6,"key":"SMITH"},{"data":"Beam Cell","floor":11,"key":"SMITH"},{"data":"Barrage","floor":13,"key":"SMITH"},{"floor":15,"key":"REST"},{"floor":27,"key":"REST"},{"floor":32,"key":"REST"}],"neow_cost":"NONE","seed_source_timestamp":70575310360162,"circlet_count":0,"master_deck":["Defend_B","Defend_B","Defend_B","Defend_B","Zap","Dualcast","Steam","Leap","Rainbow+1","Cold Snap","Steam","Barrage+1","Beam Cell+1","Leap+1","Conserve Battery+1","Rebound+1","Fission+1","Leap+1","Steam+1","Stack+1","Ball Lightning","Turbo+1","Hologram+1","Tempest+1"],"relics":["Cracked Core","Vajra","Toxic Egg 2","Astrolabe","Boot","MutagenicStrength"],"potions_floor_usage":[29,33],"damage_taken":[{"damage":0,"enemies":"Small Slimes","floor":1,"turns":2},{"damage":0,"enemies":"Cultist","floor":2,"turns":3},{"damage":7,"enemies":"Jaw Worm","floor":7,"turns":3},{"damage":10,"enemies":"Exordium Wildlife","floor":12,"turns":4},{"damage":11,"enemies":"3 Louse","floor":14,"turns":3},{"damage":14,"enemies":"Slime Boss","floor":16,"turns":7},{"damage":15,"enemies":"Spheric Guardian","floor":18,"turns":6},{"damage":0,"enemies":"Chosen","floor":21,"turns":4},{"damage":15,"enemies":"Shelled Parasite and Fungi","floor":24,"turns":5},{"damage":13,"enemies":"Snake Plant","floor":25,"turns":6},{"damage":11,"enemies":"Cultist and Chosen","floor":28,"turns":8},{"damage":0,"enemies":"Colosseum Slavers","floor":29,"turns":3},{"damage":71,"enemies":"Automaton","floor":33,"turns":10}],"seed_played":"-2871948935862074744","potions_obtained":[{"floor":1,"key":"EssenceOfSteel"},{"floor":2,"key":"FearPotion"},{"floor":14,"key":"Ancient Potion"},{"floor":21,"key":"Swift Potion"}],"is_trial":false,"path_per_floor":["M","M","?","?","$","R","M","?","T","$","R","M","R","M","R","B",null,"M","?","$","M","?","?","M","M","T","R","M","?","?","$","R"],"character_chosen":"DEFECT","items_purchased":["Rainbow","Cold Snap","Beam Cell"],"campfire_rested":3,"item_purchase_floors":[5,5,10],"current_hp_per_floor":[75,75,75,57,57,57,50,50,50,50,50,40,40,29,51,37,75,60,60,60,60,60,60,45,32,32,54,43,43,43,43,65,0],"gold":49,"neow_bonus":"ONE_RANDOM_RARE_CARD","is_prod":false,"is_daily":false,"chose_seed":false,"campfire_upgraded":3,"win_rate":0.0,"timestamp":1538314450,"path_taken":["M","M","?","?","$","R","M","?","T","$","R","?","R","M","R","BOSS","M","?","$","?","?","?","M","M","T","R","M","?","?","$","R","BOSS"],"build_version":"2018-09-27","purchased_purges":2,"victory":false,"max_hp_per_floor":[75,75,75,75,75,75,75,75,75,75,75,75,75,75,75,75,75,75,75,75,75,75,75,75,75,75,75,75,75,75,75,75,75],"card_choices":[{"not_picked":["Reinforced Body","Stack"],"picked":"Steam","floor":1},{"not_picked":["Electrodynamics","Turbo"],"picked":"Leap","floor":2},{"not_picked":["BootSequence","Skim"],"picked":"Steam","floor":7},{"not_picked":["Force Field+1","Auto Shields+1"],"picked":"Leap+1","floor":12},{"not_picked":["Steam+1","Undo+1"],"picked":"Conserve Battery+1","floor":14},{"not_picked":["Cold Snap","Sweeping Beam"],"picked":"Steam+1","floor":18},{"not_picked":["Electrodynamics","Loop"],"picked":"Stack+1","floor":21},{"not_picked":["Blizzard","Streamline"],"picked":"Turbo+1","floor":24},{"not_picked":["Skim+1","Barrage+1"],"picked":"Hologram+1","floor":25},{"not_picked":["Skim+1","Sweeping Beam"],"picked":"Tempest+1","floor":28}],"player_experience":93216,"relics_obtained":[{"floor":9,"key":"Toxic Egg 2"},{"floor":26,"key":"Boot"}],"event_choices":[{"event_name":"Liars Game","player_choice":"agreed","floor":3,"damage_taken":0},{"event_name":"Scrap Ooze","player_choice":"success","floor":4,"damage_taken":18},{"event_name":"Transmorgrifier","player_choice":"Transform","floor":8,"damage_taken":0},{"event_name":"Vampires","player_choice":"Ignored","floor":19,"damage_taken":0},{"event_name":"The Library","player_choice":"Read","floor":22,"damage_taken":0},{"event_name":"Masked Bandits","player_choice":"Paid Fearfully","floor":23,"damage_taken":0},{"event_name":"Colosseum","player_choice":"Fight","floor":29,"damage_taken":0},{"event_name":"Colosseum","player_choice":"Fled From Nobs","floor":29,"damage_taken":0},{"event_name":"Drug Dealer","player_choice":"Inject Mutagens","floor":30,"damage_taken":0}],"is_beta":false,"boss_relics":[{"not_picked":["Snecko Eye","White Beast Statue"],"picked":"Astrolabe"}],"items_purged_floors":[5,20],"is_endless":false,"potions_floor_spawned":[1,2,14,16,21,25,28],"killed_by":"Automaton","ascension_level":0}