{"gold_per_floor":[110,185,199,36,36,69,69,69,69,69,81,35,48,48,48,48],"floor_reached":16,"playtime":146,"items_purged":["Defend_B"],"score":240,"play_id":"43da8e7d-1185-4528-9664-37f6a02e4db7","local_time":"20190330225019","is_ascension_mode":true,"campfire_choices":[{"data":"Zap","floor":10.0,"key":"SMITH"},{"data":"Redo","floor":15.0,"key":"SMITH"}],"neow_cost":"NONE","seed_source_timestamp":0,"circlet_count":0,"master_deck":["AscendersBane","Strike_B","Strike_B","Strike_B","Strike_B","Defend_B","Defend_B","Zap+1","Dualcast","Hologram","Conserve Battery","Scrape","Steam","Redo+1","Go for the Eyes"],"special_seed":0,"relics":["Cracked Core","NeowsBlessing","Dream Catcher","The Courier","Letter Opener"],"potions_floor_usage":[],"damage_taken":[{"damage":0.0,"enemies":"Small Slimes","floor":1.0,"turns":1.0},{"damage":0.0,"enemies":"Jaw Worm","floor":3.0,"turns":1.0},{"damage":0.0,"enemies":"Gremlin Nob","floor":6.0,"turns":1.0},{"damage":0.0,"enemies":"2 Louse","floor":11.0,"turns":2.0},{"damage":3.0,"enemies":"Red Slaver","floor":13.0,"turns":2.0},{"damage":0,"enemies":"Slime Boss","floor":16,"turns":1}],"seed_played":"-3046073726832971016","potions_obtained":[{"floor":3.0,"key":"Swift Potion"},{"floor":11.0,"key":"Block Potion"}],"is_trial":false,"path_per_floor":["M","?","M","$","?","E","$","?","T","R","M","$","M","$","R","B"],"character_chosen":"DEFECT","items_purchased":["Scrape","Redo"],"campfire_rested":0,"item_purchase_floors":[4,12],"current_hp_per_floor":[64,53,53,53,35,35,35,35,35,35,35,35,32,32,32,32],"gold":48,"neow_bonus":"THREE_ENEMY_KILL","is_prod":false,"is_daily":false,"chose_seed":false,"campfire_upgraded":2,"win_rate":0,"timestamp":1553982619,"path_taken":["M","?","M","$","?","E","$","?","T","R","?","?","M","?","R","BOSS"],"build_version":"2019-01-23","purchased_purges":1,"victory":false,"max_hp_per_floor":[71,71,71,71,71,71,71,71,71,71,71,71,71,71,71,71],"card_choices":[{"not_picked":["Redo","Turbo"],"picked":"Hologram","floor":1.0},{"not_picked":["Barrage","Steam Power"],"picked":"Conserve Battery","floor":3.0},{"not_picked":["Darkness","Multi-Cast","Hello World"],"picked":"SKIP","floor":6.0},{"not_picked":["Turbo","Leap"],"picked":"Steam","floor":11.0},{"not_picked":["Sunder","Streamline"],"picked":"Go for the Eyes","floor":13.0}],"player_experience":502637,"relics_obtained":[{"floor":6.0,"key":"The Courier"},{"floor":9.0,"key":"Letter Opener"}],"event_choices":[{"damage_healed":0.0,"max_hp_gain":0.0,"max_hp_loss":0.0,"gold_gain":75.0,"event_name":"World of Goop","player_choice":"Gather Gold","floor":2.0,"gold_loss":0.0,"damage_taken":11.0},{"damage_healed":0.0,"max_hp_gain":0.0,"max_hp_loss":0.0,"gold_gain":0.0,"event_name":"Scrap Ooze","player_choice":"Success","floor":5.0,"gold_loss":0.0,"damage_taken":18.0,"relics_obtained":["Dream Catcher"]},{"cards_removed":["Defend_B"],"damage_healed":0.0,"max_hp_gain":0.0,"max_hp_loss":0.0,"gold_gain":0.0,"event_name":"Bonfire Elementals","player_choice":"Offered Basic","floor":8.0,"gold_loss":0.0,"damage_taken":0.0}],"is_beta":false,"boss_relics":[],"items_purged_floors":[4],"is_endless":false,"potions_floor_spawned":[3,11,13],"killed_by":"Slime Boss","ascension_level":19}