{"gold_per_floor":[364,378,10,10,23,50,50,50,75,92,92,112,142,170,182,298,310,342,371,394,406,184,199,199,199,199,199,214,214,232,232,232,329,329,349,366,466,477,477,504,521,521,521,534,534],"floor_reached":45,"playtime":2705,"items_purged":["Strike_G"],"score":606,"play_id":"bc37211c-85cb-4401-a9a9-b13923ce6cd6","local_time":"20190508200046","is_ascension_mode":true,"campfire_choices":[{"data":"Noxious Fumes","floor":8.0,"key":"SMITH"},{"data":"Noxious Fumes","floor":11.0,"key":"SMITH"},{"floor":15.0,"key":"REST"},{"data":"Catalyst","floor":25.0,"key":"SMITH"},{"data":"Reflex","floor":27.0,"key":"SMITH"},{"data":"Adrenaline","floor":29.0,"key":"SMITH"},{"floor":32.0,"key":"REST"},{"floor":42,"key":"REST"}],"neow_cost":"PERCENT_DAMAGE","seed_source_timestamp":0,"circlet_count":0,"master_deck":["Defend_G","Defend_G","Defend_G","Defend_G","Defend_G","Strike_G","Strike_G+1","Strike_G+1","Survivor","Neutralize","PiercingWail","Noxious Fumes+1","Noxious Fumes+1","Deadly Poison","Corpse Explosion","PiercingWail","After Image","Escape Plan","Deadly Poison","Dodge and Roll","Adrenaline+1","Reflex+1","Well Laid Plans+1","Acrobatics+1","Bouncing Flask","Cloak And Dagger","Caltrops","Catalyst+1","Blade Dance+1","Backstab","Malaise"],"special_seed":0,"relics":["Ring of the Snake","Snake Skull","Happy Flower","Whetstone","MawBank","HoveringKite","Enchiridion","Sundial","Busted Crown","Mango","Paper Crane","Dodecahedron"],"potions_floor_usage":[],"damage_taken":[{"damage":4.0,"enemies":"Small Slimes","floor":1.0,"turns":3.0},{"damage":0.0,"enemies":"2 Louse","floor":2.0,"turns":4.0},{"damage":0.0,"enemies":"Cultist","floor":5.0,"turns":3.0},{"damage":22.0,"enemies":"3 Sentries","floor":6.0,"turns":5.0},{"damage":13.0,"enemies":"Exordium Thugs","floor":10.0,"turns":5.0},{"damage":0.0,"enemies":"Large Slime","floor":12.0,"turns":5.0},{"damage":13.0,"enemies":"Lagavulin","floor":13.0,"turns":6.0},{"damage":0.0,"enemies":"Blue Slaver","floor":14.0,"turns":3.0},{"damage":23.0,"enemies":"Slime Boss","floor":16.0,"turns":6.0},{"damage":9.0,"enemies":"Chosen","floor":18.0,"turns":5.0},{"damage":22.0,"enemies":"Spheric Guardian","floor":19.0,"turns":4.0},{"damage":11.0,"enemies":"Snake Plant","floor":20.0,"turns":4.0},{"damage":10.0,"enemies":"Snecko","floor":23.0,"turns":4.0},{"damage":4.0,"enemies":"Chosen and Byrds","floor":28.0,"turns":3.0},{"damage":3.0,"enemies":"Centurion and Healer","floor":30.0,"turns":4.0},{"damage":26.0,"enemies":"Collector","floor":33.0,"turns":7.0},{"damage":26.0,"enemies":"Orb Walker","floor":35.0,"turns":4.0},{"damage":6.0,"enemies":"3 Shapes","floor":36.0,"turns":3.0},{"damage":0.0,"enemies":"Mind Bloom Boss Battle","floor":37.0,"turns":5.0},{"damage":3.0,"enemies":"Maw","floor":38.0,"turns":8.0},{"damage":34.0,"enemies":"Nemesis","floor":40.0,"turns":7.0},{"damage":0.0,"enemies":"3 Darklings","floor":41.0,"turns":2.0},{"damage":28,"enemies":"Transient","floor":44,"turns":5},{"damage":15,"enemies":"Sphere and 2 Shapes","floor":45,"turns":3}],"seed_played":"-2304155978500166778","potions_obtained":[{"floor":5.0,"key":"Explosive Potion"},{"floor":13.0,"key":"GamblersBrew"},{"floor":14.0,"key":"Swift Potion"},{"floor":20.0,"key":"SpeedPotion"},{"floor":23.0,"key":"GamblersBrew"},{"floor":33.0,"key":"GamblersBrew"},{"floor":37.0,"key":"SkillPotion"},{"floor":38.0,"key":"FearPotion"},{"floor":40.0,"key":"Ancient Potion"}],"is_trial":false,"path_per_floor":["M","M","$","?","M","E","?","R","T","M","R","M","E","M","R","B",null,"M","M","M","?","$","M","?","R","T","R","M","R","M","T","R","B",null,"M","M","?","M","?","E","M","R","T","M","M"],"character_chosen":"THE_SILENT","items_purchased":["Snake Skull","Noxious Fumes","Deadly Poison","Corpse Explosion","Bouncing Flask","Cloak And Dagger","Caltrops"],"campfire_rested":3,"item_purchase_floors":[3,3,3,3,22,22,22],"current_hp_per_floor":[45,45,45,68,68,46,46,46,46,33,33,33,20,20,41,18,70,61,39,28,12,12,2,25,25,25,25,21,21,18,18,39,13,70,44,38,52,49,49,15,15,40,40,12,0],"gold":534,"neow_bonus":"TWO_FIFTY_GOLD","is_prod":false,"is_daily":false,"chose_seed":false,"campfire_upgraded":5,"win_rate":0,"timestamp":1557360046,"path_taken":["M","M","$","?","M","E","?","R","T","M","R","M","E","M","R","BOSS","M","?","M","?","$","M","?","R","T","R","M","R","M","?","R","BOSS","M","M","?","M","?","E","M","R","T","M","M"],"build_version":"2019-01-23","purchased_purges":1,"victory":false,"max_hp_per_floor":[70,70,70,70,70,70,70,70,70,70,70,70,70,70,70,70,70,70,70,70,70,70,70,70,70,70,70,70,70,70,70,70,70,70,70,70,84,84,84,84,84,84,84,84,84],"card_choices":[{"not_picked":["Sucker Punch","Crippling Poison"],"picked":"PiercingWail","floor":1.0},{"not_picked":["Flying Knee","Quick Slash"],"picked":"Noxious Fumes","floor":2.0},{"not_picked":["Flying Knee","Accuracy"],"picked":"PiercingWail","floor":5.0},{"not_picked":["Bane","Endless Agony"],"picked":"After Image","floor":6.0},{"not_picked":["Sucker Punch","Eviscerate"],"picked":"Escape Plan","floor":10.0},{"not_picked":["PiercingWail","Dagger Throw"],"picked":"Deadly Poison","floor":12.0},{"not_picked":["Backstab","Setup","Finisher"],"picked":"SKIP","floor":13.0},{"not_picked":["Deflect","Prepared"],"picked":"Dodge and Roll","floor":14.0},{"not_picked":["Storm of Steel","Doppelganger"],"picked":"Adrenaline","floor":16.0},{"not_picked":["Backflip+1","Dagger Spray"],"picked":"Reflex","floor":18.0},{"not_picked":["Underhanded Strike","Sucker Punch"],"picked":"Well Laid Plans+1","floor":19.0},{"not_picked":["All Out Attack+1","Grand Finale"],"picked":"Acrobatics+1","floor":20.0},{"not_picked":["Skewer","Quick Slash+1"],"picked":"Catalyst","floor":23.0},{"not_picked":["Acrobatics","Dagger Throw"],"picked":"Blade Dance+1","floor":28.0},{"not_picked":["PiercingWail","Bullet Time"],"picked":"Backstab","floor":30.0},{"not_picked":["Venomology","A Thousand Cuts"],"picked":"Malaise","floor":33.0},{"not_picked":["Dodge and Roll"],"picked":"SKIP","floor":35.0},{"not_picked":["Concentrate"],"picked":"SKIP","floor":36.0},{"not_picked":["Blade Dance"],"picked":"SKIP","floor":38.0},{"not_picked":["A Thousand Cuts"],"picked":"SKIP","floor":40.0},{"not_picked":["Cloak And Dagger"],"picked":"SKIP","floor":41},{"not_picked":["Concentrate+1"],"picked":"SKIP","floor":44}],"player_experience":213612,"relics_obtained":[{"floor":6.0,"key":"Happy Flower"},{"floor":9.0,"key":"Whetstone"},{"floor":13.0,"key":"MawBank"},{"floor":21.0,"key":"Enchiridion"},{"floor":31.0,"key":"Sundial"},{"floor":37.0,"key":"Mango"},{"floor":40.0,"key":"Paper Crane"},{"floor":43,"key":"Dodecahedron"}],"event_choices":[{"damage_healed":23.0,"max_hp_gain":0.0,"max_hp_loss":0.0,"gold_gain":0.0,"event_name":"Big Fish","player_choice":"Banana","floor":4.0,"gold_loss":0.0,"damage_taken":0.0},{"cards_removed":["Strike_G"],"damage_healed":0.0,"max_hp_gain":0.0,"max_hp_loss":0.0,"gold_gain":0.0,"event_name":"Purifier","player_choice":"Purged","floor":7.0,"gold_loss":0.0,"damage_taken":0.0},{"damage_healed":0.0,"max_hp_gain":0.0,"max_hp_loss":0.0,"gold_gain":0.0,"event_name":"Cursed Tome","player_choice":"Obtained Book","floor":21.0,"gold_loss":0.0,"damage_taken":16.0},{"damage_healed":23.0,"max_hp_gain":0.0,"max_hp_loss":0.0,"gold_gain":0.0,"event_name":"The Library","player_choice":"Heal","floor":24.0,"gold_loss":0.0,"damage_taken":0.0},{"damage_healed":0.0,"max_hp_gain":0.0,"max_hp_loss":0.0,"gold_gain":0.0,"event_name":"MindBloom","player_choice":"Fight","floor":37.0,"gold_loss":0.0,"damage_taken":0.0},{"damage_healed":0.0,"max_hp_gain":0.0,"max_hp_loss":0.0,"gold_gain":0.0,"event_name":"Tomb of Lord Red Mask","player_choice":"Ignored","floor":39.0,"gold_loss":0.0,"damage_taken":0.0}],"is_beta":false,"boss_relics":[{"not_picked":["Runic Dome","Empty Cage"],"picked":"HoveringKite"},{"not_picked":["Calling Bell","Sozu"],"picked":"Busted Crown"}],"items_purged_floors":[22],"is_endless":false,"potions_floor_spawned":[5,13,14,20,23,33,37,38,40],"killed_by":"Sphere and 2 Shapes","ascension_level":4}