{"gold_per_floor":[113,113,113,113,64,64,98,98,98,48,79,99,116,39,39,143,143,163,174,23,23,33,33,46,145,145,325,358,181,181,193,193,293,293,308,318,337,353,364,364,393,393,418,428,448,448,168,168,168,168,168,168,90,117,117],"floor_reached":55,"playtime":2669,"items_purged":["Strike_B","Strike_B","Strike_B"],"score":725,"play_id":"eedd6c6f-f0e7-434e-98d1-e8ac640235b3","local_time":"20190406012314","is_ascension_mode":false,"campfire_choices":[{"data":"Barrage","floor":6,"key":"SMITH"},{"data":"Defragment","floor":15,"key":"SMITH"},{"data":"Hologram","floor":23,"key":"SMITH"},{"data":"Defragment","floor":30,"key":"SMITH"},{"data":"Capacitor","floor":32,"key":"SMITH"},{"floor":40,"key":"REST"},{"floor":42,"key":"REST"},{"floor":46,"key":"REST"},{"floor":49,"key":"RECALL"},{"data":"Echo Form","floor":52,"key":"SMITH"}],"neow_cost":"NONE","seed_source_timestamp":10160588900216,"circlet_count":0,"master_deck":["Strike_B+1","Defend_B","Defend_B+1","Defend_B","Zap+1","Dualcast+1","Chill","Barrage+1","Hologram+1","Go for the Eyes","Capacitor","Defragment+1","Biased Cognition","Cold Snap","Capacitor+1","Defragment+1","Electrodynamics","Capacitor+1","Coolheaded+1","White Noise+1","Echo Form+1","Defragment"],"relics":["Cracked Core","Kunai","Gremlin Horn","Bag of Marbles","Sozu","Symbiotic Virus","Toxic Egg 2","Runic Pyramid","Happy Flower","PreservedInsect","Strawberry"],"potions_floor_usage":[16,19,41],"damage_taken":[{"damage":2,"enemies":"Small Slimes","floor":1,"turns":3},{"damage":14,"enemies":"Gremlin Nob","floor":7,"turns":3},{"damage":10,"enemies":"Lagavulin","floor":11,"turns":6},{"damage":3,"enemies":"Jaw Worm","floor":12,"turns":2},{"damage":0,"enemies":"2 Louse","floor":13,"turns":2},{"damage":0,"enemies":"Slime Boss","floor":16,"turns":7},{"damage":4,"enemies":"Shell Parasite","floor":18,"turns":6},{"damage":0,"enemies":"Chosen","floor":19,"turns":4},{"damage":4,"enemies":"Centurion and Healer","floor":22,"turns":9},{"damage":2,"enemies":"Snake Plant","floor":24,"turns":5},{"damage":11,"enemies":"Book of Stabbing","floor":28,"turns":4},{"damage":0,"enemies":"Shelled Parasite and Fungi","floor":31,"turns":7},{"damage":25,"enemies":"Champ","floor":33,"turns":9},{"damage":18,"enemies":"3 Darklings","floor":35,"turns":5},{"damage":10,"enemies":"Orb Walker","floor":36,"turns":5},{"damage":25,"enemies":"Writhing Mass","floor":37,"turns":4},{"damage":12,"enemies":"4 Shapes","floor":38,"turns":3},{"damage":0,"enemies":"Transient","floor":39,"turns":5},{"damage":13,"enemies":"Nemesis","floor":41,"turns":9},{"damage":0,"enemies":"Maw","floor":44,"turns":5},{"damage":3,"enemies":"Spire Growth","floor":45,"turns":5},{"damage":39,"enemies":"Time Eater","floor":50,"turns":7},{"damage":43,"enemies":"Shield and Spear","floor":54,"turns":6},{"damage":44,"enemies":"The Heart","floor":55,"turns":2}],"seed_played":"6615318804906909361","potions_obtained":[{"floor":1,"key":"Block Potion"},{"floor":11,"key":"Block Potion"},{"floor":13,"key":"Energy Potion"}],"is_trial":false,"path_per_floor":["M","?","?","?","$","R","E","?","T","$","E","M","M","$","R","B",null,"M","M","$","?","M","R","M","?","T","?","E","$","R","M","R","B",null,"M","M","M","M","M","R","E","R","T","M","M","R","$","?","R","B",null,"R","$","E","B"],"character_chosen":"DEFECT","items_purchased":["Barrage","Hologram","Defragment","Capacitor","Defragment","PreservedInsect","Defragment"],"campfire_rested":3,"item_purchase_floors":[5,10,14,20,29,47,53],"current_hp_per_floor":[73,78,78,78,78,78,64,48,48,48,38,35,35,35,35,35,80,76,76,76,76,72,72,70,70,70,46,35,35,35,35,35,10,80,62,52,27,15,15,39,26,50,50,50,47,71,71,71,71,32,80,80,80,44,0],"gold":117,"neow_bonus":"UPGRADE_CARD","is_prod":false,"is_daily":false,"chose_seed":false,"campfire_upgraded":6,"win_rate":0,"timestamp":1554506594,"path_taken":["M","?","?","?","?","R","E","?","T","$","E","M","M","$","R","BOSS","M","M","$","?","M","R","M","?","T","?","E","$","R","M","R","BOSS","M","?","M","?","M","R","E","R","T","M","M","R","$","?","R","BOSS","R","$","E","BOSS"],"build_version":"2019-01-23","purchased_purges":3,"victory":false,"max_hp_per_floor":[75,80,80,80,80,80,80,80,80,80,80,80,80,80,80,80,80,80,80,80,80,80,80,80,80,80,80,80,80,80,80,80,80,80,80,80,80,80,80,80,80,80,80,80,80,80,80,80,80,80,80,80,80,87,87],"card_choices":[{"not_picked":["Ball Lightning","Fusion"],"picked":"Chill","floor":1},{"not_picked":["Skim","Undo","Sunder"],"picked":"SKIP","floor":7},{"not_picked":["Redo","Stack"],"picked":"Go for the Eyes","floor":11},{"not_picked":["Conserve Battery","Reprogram","Hologram"],"picked":"SKIP","floor":12},{"not_picked":["Steam","Rebound"],"picked":"Capacitor","floor":13},{"not_picked":["Meteor Strike","All For One"],"picked":"Biased Cognition","floor":16},{"not_picked":["Undo","Go for the Eyes"],"picked":"Cold Snap","floor":18},{"not_picked":["Rebound","Turbo","Leap+1"],"picked":"SKIP","floor":19},{"not_picked":["Hello World","Steam Power","Steam"],"picked":"SKIP","floor":22},{"not_picked":["Buffer","Fusion","Hello World"],"picked":"SKIP","floor":24},{"not_picked":["Stack","Auto Shields","Ball Lightning+1"],"picked":"SKIP","floor":28},{"not_picked":["Stack+1","Leap+1","Fusion+1"],"picked":"SKIP","floor":31},{"not_picked":["Creative AI","Reboot+1"],"picked":"Electrodynamics","floor":33},{"not_picked":["Stack+1","Go for the Eyes+1"],"picked":"Capacitor+1","floor":35},{"not_picked":["Hologram+1","Genetic Algorithm+1"],"picked":"Coolheaded+1","floor":36},{"not_picked":["Gash","Fusion+1"],"picked":"White Noise+1","floor":37},{"not_picked":["Stack+1","Ball Lightning+1","Conserve Battery+1"],"picked":"SKIP","floor":38},{"not_picked":["Rebound+1","Go for the Eyes","Coolheaded+1"],"picked":"SKIP","floor":39},{"not_picked":["Auto Shields+1","Darkness+1","Leap+1"],"picked":"SKIP","floor":41},{"not_picked":["Cold Snap+1","Double Energy+1","Ball Lightning+1"],"picked":"SKIP","floor":44},{"not_picked":["Steam+1","Gash+1"],"picked":"Echo Form","floor":45},{"not_picked":["Heatsinks+1","Storm","Double Energy+1"],"picked":"SKIP","floor":54}],"player_experience":431269,"relics_obtained":[{"floor":7,"key":"Kunai"},{"floor":9,"key":"Gremlin Horn"},{"floor":11,"key":"Bag of Marbles"},{"floor":26,"key":"Symbiotic Virus"},{"floor":28,"key":"Toxic Egg 2"},{"floor":41,"key":"Happy Flower"},{"floor":54,"key":"Strawberry"}],"event_choices":[{"damage_healed":0,"gold_gain":0,"player_choice":"Donut","damage_taken":0,"max_hp_gain":5,"max_hp_loss":0,"event_name":"Big Fish","floor":2,"gold_loss":0},{"damage_healed":0,"gold_gain":0,"player_choice":"Grow","damage_taken":0,"max_hp_gain":0,"max_hp_loss":0,"event_name":"Living Wall","floor":3,"gold_loss":0,"cards_upgraded":["Dualcast"]},{"damage_healed":0,"gold_gain":0,"player_choice":"Ignored","damage_taken":0,"max_hp_gain":0,"max_hp_loss":0,"event_name":"Liars Game","floor":4,"gold_loss":0},{"damage_healed":0,"gold_gain":0,"player_choice":"Entered Light","damage_taken":16,"max_hp_gain":0,"max_hp_loss":0,"event_name":"Shining Light","floor":8,"gold_loss":0,"cards_upgraded":["Strike_B","Defend_B"]},{"damage_healed":0,"gold_gain":0,"player_choice":"Ignored","damage_taken":0,"max_hp_gain":0,"max_hp_loss":0,"event_name":"Ghosts","floor":21,"gold_loss":0},{"damage_healed":0,"gold_gain":99,"player_choice":"Stole From Cult","damage_taken":0,"max_hp_gain":0,"max_hp_loss":0,"event_name":"Nest","floor":25,"gold_loss":0},{"damage_healed":0,"gold_gain":180,"player_choice":"GOLD GOLD ","damage_taken":24,"max_hp_gain":0,"max_hp_loss":0,"event_name":"Knowing Skull","floor":27,"potions_obtained":[],"gold_loss":0,"cards_obtained":[]},{"cards_removed":["Defend_B"],"damage_healed":0,"gold_gain":0,"player_choice":"Offered Basic","damage_taken":0,"max_hp_gain":0,"max_hp_loss":0,"event_name":"Bonfire Elementals","floor":48,"gold_loss":0}],"is_beta":false,"boss_relics":[{"not_picked":["Lizard Tail","FrozenCore"],"picked":"Sozu"},{"not_picked":["Calling Bell","Busted Crown"],"picked":"Runic Pyramid"}],"items_purged_floors":[20,29,47],"is_endless":false,"potions_floor_spawned":[1,11,13,22,31,35,37,39,45,54],"killed_by":"The Heart","ascension_level":0}