{"gold_per_floor":[118,130,130,80,93,93,18,28,51,51,69,110,124,24,24,24],"floor_reached":16,"playtime":454,"items_purged":["Defend_R","Defend_R"],"score":102,"play_id":"3e72e99c-a15c-4121-9ff3-afaaf4cd9b79","local_time":"20190511105201","is_ascension_mode":false,"campfire_choices":[{"data":"Inflame","floor":6,"key":"SMITH"},{"data":"Bash","floor":15,"key":"SMITH"}],"neow_cost":"NONE","seed_source_timestamp":401959568249478,"circlet_count":0,"master_deck":["Strike_R","Strike_R","Defend_R","Defend_R","Bash+1","Inflame+1","Ghostly Armor","Shrug It Off","Body Slam"],"relics":["Burning Blood","Lantern","Golden Idol","Orichalcum"],"potions_floor_usage":[12,16,16],"damage_taken":[{"damage":1,"enemies":"Cultist","floor":1,"turns":3},{"damage":0,"enemies":"Small Slimes","floor":2,"turns":3},{"damage":11,"enemies":"2 Louse","floor":5,"turns":3},{"damage":9,"enemies":"Blue Slaver","floor":8,"turns":3},{"damage":10,"enemies":"Looter","floor":11,"turns":4},{"damage":27,"enemies":"Gremlin Nob","floor":12,"turns":4},{"damage":0,"enemies":"Exordium Wildlife","floor":13,"turns":4},{"damage":60,"enemies":"Slime Boss","floor":16,"turns":8}],"seed_played":"-1913107259137665943","potions_obtained":[{"floor":5,"key":"Regen Potion"},{"floor":8,"key":"Energy Potion"},{"floor":13,"key":"SkillPotion"}],"is_trial":false,"path_per_floor":["M","M","?","?","M","R","$","M","T","?","M","E","M","$","R","B"],"character_chosen":"IRONCLAD","items_purchased":[],"campfire_rested":0,"item_purchase_floors":[],"current_hp_per_floor":[80,80,73,73,68,68,68,65,65,65,61,49,55,55,55,0],"gold":24,"neow_bonus":"TRANSFORM_CARD","is_prod":false,"is_daily":false,"chose_seed":false,"campfire_upgraded":2,"win_rate":0,"timestamp":1557586321,"path_taken":["M","M","?","?","M","R","$","M","T","?","M","E","M","$","R","BOSS"],"build_version":"2019-01-23","purchased_purges":2,"victory":false,"max_hp_per_floor":[80,80,80,80,80,80,80,80,80,74,74,74,74,74,74,74],"card_choices":[{"not_picked":["Anger","Seeing Red"],"picked":"Ghostly Armor","floor":1},{"not_picked":["Flex","Heavy Blade","Perfected Strike"],"picked":"SKIP","floor":2},{"not_picked":["Pommel Strike","Uppercut"],"picked":"Shrug It Off","floor":5},{"not_picked":["Clash","Pommel Strike","Armaments"],"picked":"SKIP","floor":8},{"not_picked":["Seeing Red","Juggernaut","Cleave"],"picked":"SKIP","floor":11},{"not_picked":["Flex","Wild Strike","Reckless Charge"],"picked":"SKIP","floor":12},{"not_picked":["Wild Strike","Armaments"],"picked":"Body Slam","floor":13}],"player_experience":120423,"relics_obtained":[{"floor":9,"key":"Lantern"},{"floor":12,"key":"Orichalcum"}],"event_choices":[{"cards_removed":["Strike_R"],"damage_healed":0,"gold_gain":0,"player_choice":"Card Removal","damage_taken":7,"max_hp_gain":0,"max_hp_loss":0,"event_name":"Golden Wing","floor":3,"gold_loss":0},{"cards_removed":["Strike_R"],"damage_healed":0,"gold_gain":0,"player_choice":"Card Removal","damage_taken":0,"max_hp_gain":0,"max_hp_loss":0,"event_name":"The Cleric","floor":4,"gold_loss":50},{"damage_healed":0,"gold_gain":0,"player_choice":"Lose Max HP","damage_taken":0,"relics_obtained":["Golden Idol"],"max_hp_gain":0,"max_hp_loss":6,"event_name":"Golden Idol","floor":10,"gold_loss":0}],"is_beta":false,"boss_relics":[],"items_purged_floors":[7,14],"is_endless":false,"potions_floor_spawned":[5,8,13],"killed_by":"Slime Boss","ascension_level":0}