{"gold_per_floor":[110,185,185,185,209,247,272,297,297,316,43,76,76,76,76,167,167,188,209,233,26,26,26,52,52,79,79,79,94,125,142,142,142],"floor_reached":33,"playtime":1929,"items_purged":["Injury","Strike_G"],"score":638,"play_id":"67670fd3-0a01-41e6-86a5-fe7e4f235318","local_time":"20190511193657","is_ascension_mode":true,"campfire_choices":[{"floor":13.0,"key":"REST"},{"floor":15.0,"key":"REST"},{"floor":23.0,"key":"REST"},{"data":"Infinite Blades","floor":25.0,"key":"SMITH"},{"data":"Cloak And Dagger","floor":27.0,"key":"SMITH"},{"floor":32.0,"key":"REST"}],"neow_cost":"NONE","seed_source_timestamp":13171765867820,"circlet_count":0,"master_deck":["AscendersBane","Defend_G","Defend_G","Defend_G","Defend_G","Defend_G+1","Strike_G","Strike_G","Strike_G","Strike_G","Survivor","Neutralize+1","Predator","Slice","Caltrops","Leg Sweep","Cloak And Dagger+1","Accuracy","Infinite Blades+1","Backstab","Corpse Explosion","Flying Knee+1","Leg Sweep+1","Predator","Decay","Noxious Fumes"],"special_seed":0,"relics":["Ring of the Snake","NeowsBlessing","Bloody Idol","Happy Flower","Vajra","Blood Vial","Mummified Hand","Smiling Mask","Velvet Choker","PreservedInsect","StoneCalendar","Potion Belt","Meat on the Bone"],"potions_floor_usage":[33],"damage_taken":[{"damage":0.0,"enemies":"Small Slimes","floor":1.0,"turns":1.0},{"damage":0.0,"enemies":"2 Louse","floor":5.0,"turns":1.0},{"damage":0.0,"enemies":"Gremlin Nob","floor":6.0,"turns":1.0},{"damage":1.0,"enemies":"Cultist","floor":7.0,"turns":3.0},{"damage":7.0,"enemies":"Large Slime","floor":8.0,"turns":5.0},{"damage":0.0,"enemies":"Blue Slaver","floor":10.0,"turns":4.0},{"damage":10.0,"enemies":"3 Sentries","floor":12.0,"turns":6.0},{"damage":31.0,"enemies":"Hexaghost","floor":16.0,"turns":10.0},{"damage":13.0,"enemies":"Shell Parasite","floor":18.0,"turns":5.0},{"damage":15.0,"enemies":"2 Thieves","floor":19.0,"turns":3.0},{"damage":20.0,"enemies":"3 Cultists","floor":20.0,"turns":4.0},{"damage":2.0,"enemies":"Slavers","floor":24.0,"turns":3.0},{"damage":2.0,"enemies":"Snecko","floor":29.0,"turns":4.0},{"damage":2.0,"enemies":"Gremlin Leader","floor":30.0,"turns":5.0},{"damage":32.0,"enemies":"Centurion and Healer","floor":31.0,"turns":5.0},{"damage":65,"enemies":"Champ","floor":33,"turns":10}],"seed_played":"-4485096355653830100","potions_obtained":[{"floor":5.0,"key":"Explosive Potion"},{"floor":6.0,"key":"Poison Potion"},{"floor":10.0,"key":"LiquidBronze"},{"floor":20.0,"key":"FearPotion"},{"floor":29.0,"key":"Regen Potion"},{"floor":30.0,"key":"Poison Potion"}],"is_trial":false,"path_per_floor":["M","?","?","?","M","E","M","M","T","M","$","E","R","T","R","B",null,"M","M","M","$","?","R","E","R","T","R","?","M","E","M","R","B"],"character_chosen":"THE_SILENT","items_purchased":["Infinite Blades","Blood Vial","PreservedInsect"],"campfire_rested":4,"item_purchase_floors":[11,11,21],"current_hp_per_floor":[59,48,48,28,28,28,27,20,20,20,20,12,31,31,50,21,55,44,31,13,13,13,32,37,37,42,42,42,47,66,39,58,0],"gold":142,"neow_bonus":"THREE_ENEMY_KILL","is_prod":false,"is_daily":false,"chose_seed":false,"campfire_upgraded":2,"win_rate":0,"timestamp":1557628617,"path_taken":["M","?","?","?","M","E","M","M","T","M","$","E","R","?","R","BOSS","M","M","M","$","?","R","E","R","T","R","?","M","E","?","R","BOSS"],"build_version":"2019-01-23","purchased_purges":2,"victory":false,"max_hp_per_floor":[66,66,66,66,66,66,66,66,66,66,66,66,66,66,66,66,66,66,66,66,66,66,66,66,66,66,66,66,66,66,66,66,66],"card_choices":[{"not_picked":["Poisoned Stab","Bouncing Flask"],"picked":"Predator","floor":1.0},{"not_picked":["Dagger Throw","Quick Slash"],"picked":"Slice","floor":5.0},{"not_picked":["Backflip","Slice"],"picked":"Caltrops","floor":6.0},{"not_picked":["PiercingWail","Slice"],"picked":"Leg Sweep","floor":7.0},{"not_picked":["Quick Slash","Dagger Throw"],"picked":"Cloak And Dagger","floor":8.0},{"not_picked":["Prepared","Dagger Throw"],"picked":"Accuracy","floor":10.0},{"not_picked":["Flying Knee","Bane"],"picked":"Backstab","floor":12.0},{"not_picked":["Die Die Die","Doppelganger"],"picked":"Corpse Explosion","floor":16.0},{"not_picked":["Prepared","Poisoned Stab"],"picked":"Flying Knee+1","floor":18.0},{"not_picked":["Calculated Gamble","Dagger Throw+1"],"picked":"Leg Sweep+1","floor":19.0},{"not_picked":["Slice","Deflect"],"picked":"Predator","floor":20.0},{"not_picked":["Terror","Slice+1","Grand Finale"],"picked":"SKIP","floor":24.0},{"not_picked":["Flying Knee","Prepared+1","Quick Slash"],"picked":"SKIP","floor":29.0},{"not_picked":["Dagger Throw","Deflect","Catalyst+1"],"picked":"SKIP","floor":30.0},{"not_picked":["Slice+1","Deadly Poison"],"picked":"Noxious Fumes","floor":31.0}],"player_experience":681010,"relics_obtained":[{"floor":6.0,"key":"Happy Flower"},{"floor":9.0,"key":"Vajra"},{"floor":12.0,"key":"Mummified Hand"},{"floor":14.0,"key":"Smiling Mask"},{"floor":24.0,"key":"StoneCalendar"},{"floor":26.0,"key":"Potion Belt"},{"floor":30.0,"key":"Meat on the Bone"}],"event_choices":[{"damage_healed":0.0,"max_hp_gain":0.0,"max_hp_loss":0.0,"gold_gain":75.0,"event_name":"World of Goop","player_choice":"Gather Gold","floor":2.0,"gold_loss":0.0,"damage_taken":11.0},{"damage_healed":0.0,"max_hp_gain":0.0,"max_hp_loss":0.0,"gold_gain":0.0,"event_name":"Golden Idol","player_choice":"Take Wound","floor":3.0,"gold_loss":0.0,"damage_taken":0.0,"relics_obtained":["Golden Idol"],"cards_obtained":["Injury"]},{"damage_healed":0.0,"max_hp_gain":0.0,"max_hp_loss":0.0,"gold_gain":0.0,"event_name":"Shining Light","player_choice":"Entered Light","floor":4.0,"gold_loss":0.0,"damage_taken":20.0,"cards_upgraded":["Neutralize","Defend_G"]},{"damage_healed":0.0,"max_hp_gain":0.0,"max_hp_loss":0.0,"gold_gain":0.0,"event_name":"Forgotten Altar","player_choice":"Gave Idol","floor":22.0,"relics_lost":["Golden Idol"],"gold_loss":0.0,"damage_taken":0.0,"relics_obtained":["Bloody Idol"]},{"damage_healed":0.0,"max_hp_gain":0.0,"max_hp_loss":0.0,"gold_gain":0.0,"event_name":"Wheel of Change","player_choice":"Cursed","floor":28.0,"gold_loss":0.0,"damage_taken":0.0,"cards_obtained":["Decay"]}],"is_beta":false,"boss_relics":[{"not_picked":["White Beast Statue","Snecko Eye"],"picked":"Velvet Choker"}],"items_purged_floors":[11,21],"is_endless":false,"potions_floor_spawned":[5,6,8,10,20,29,30],"killed_by":"Champ","ascension_level":17}