{"gold_per_floor":[110,35,185,27,27,27,58,93,153,165,258,270,318,351,363,375],"floor_reached":16,"playtime":333,"items_purged":["Strike_R","Doubt"],"score":249,"play_id":"6f82d6ec-ea4a-4241-99ba-dc32939c4d0d","local_time":"20190312003730","is_ascension_mode":true,"campfire_choices":[{"data":"Rampage","floor":6,"key":"SMITH"},{"floor":12,"key":"REST"},{"floor":15,"key":"REST"}],"neow_cost":"NONE","seed_source_timestamp":20955981224000,"circlet_count":0,"master_deck":["AscendersBane","Strike_R","Strike_R","Strike_R","Strike_R","Defend_R","Defend_R","Defend_R","Defend_R","Bash","Rampage+1","Headbutt","Injury","Rampage","Headbutt","Regret","Evolve","Fire Breathing","Exhume"],"relics":["Burning Blood","NeowsBlessing","Golden Idol","MawBank","Potion Belt","Boot","Mummified Hand","Regal Pillow"],"potions_floor_usage":[11],"damage_taken":[{"damage":0,"enemies":"Jaw Worm","floor":1,"turns":1},{"damage":0,"enemies":"3 Sentries","floor":7,"turns":1},{"damage":0,"enemies":"Small Slimes","floor":8,"turns":1},{"damage":52,"enemies":"Lagavulin Event","floor":11,"turns":6},{"damage":33,"enemies":"Lagavulin","floor":13,"turns":6},{"damage":11,"enemies":"2 Louse","floor":14,"turns":3},{"damage":57,"enemies":"The Guardian","floor":16,"turns":8}],"seed_played":"537751338143686940","potions_obtained":[{"floor":8,"key":"FearPotion"},{"floor":13,"key":"Explosive Potion"}],"is_trial":false,"path_per_floor":["M","$","?","$","?","R","E","M","T","?","?","R","E","M","R","B"],"character_chosen":"IRONCLAD","items_purchased":["Headbutt"],"campfire_rested":2,"item_purchase_floors":[4],"current_hp_per_floor":[74,74,74,74,74,74,75,75,75,75,29,51,24,19,56,0],"gold":375,"neow_bonus":"THREE_ENEMY_KILL","is_prod":false,"is_daily":false,"chose_seed":false,"campfire_upgraded":1,"win_rate":0,"timestamp":1552347450,"path_taken":["M","$","?","$","?","R","E","M","T","?","?","R","E","M","R","BOSS"],"build_version":"2019-01-23","purchased_purges":2,"victory":false,"max_hp_per_floor":[75,75,75,75,75,75,75,75,75,75,75,75,75,75,75,75],"card_choices":[{"not_picked":["Armaments","Flame Barrier"],"picked":"Rampage","floor":1},{"not_picked":["Body Slam","Shockwave"],"picked":"Rampage","floor":7},{"not_picked":["Sever Soul","Blood for Blood"],"picked":"Headbutt","floor":8},{"not_picked":["Twin Strike","Thunderclap"],"picked":"Evolve","floor":11},{"not_picked":["Thunderclap","Flex"],"picked":"Fire Breathing","floor":13},{"not_picked":["Iron Wave","Anger"],"picked":"Exhume","floor":14}],"player_experience":471446,"relics_obtained":[{"floor":7,"key":"MawBank"},{"floor":9,"key":"Potion Belt"},{"floor":11,"key":"Mummified Hand"},{"floor":13,"key":"Regal Pillow"}],"event_choices":[{"damage_healed":0,"gold_gain":150,"player_choice":"AGREE","damage_taken":0,"max_hp_gain":0,"max_hp_loss":0,"event_name":"Liars Game","floor":3,"gold_loss":0,"cards_obtained":["Doubt"]},{"damage_healed":0,"gold_gain":0,"player_choice":"Take Wound","damage_taken":0,"relics_obtained":["Golden Idol"],"max_hp_gain":0,"max_hp_loss":0,"event_name":"Golden Idol","floor":5,"gold_loss":0,"cards_obtained":["Injury"]},{"damage_healed":0,"gold_gain":0,"player_choice":"Box","damage_taken":0,"relics_obtained":["Boot"],"max_hp_gain":0,"max_hp_loss":0,"event_name":"Big Fish","floor":10,"gold_loss":0,"cards_obtained":["Regret"]},{"damage_healed":0,"gold_gain":0,"player_choice":"Searched \u00271\u0027 times","damage_taken":0,"max_hp_gain":0,"max_hp_loss":0,"event_name":"Dead Adventurer","floor":11,"gold_loss":0}],"is_beta":false,"boss_relics":[],"items_purged_floors":[2,4],"is_endless":false,"potions_floor_spawned":[8,13],"killed_by":"The Guardian","ascension_level":18}