{"gold_per_floor":[113,113,113,132,132,132,156,177,254,293,311,611,636,654,654,744,744,758,783,11,27,47,47,86,86,86,0,0,44,44,44,44,134,134,152,0,24,88,112,112,237,271,298,298,298,312,328,361,361,361,361],"floor_reached":52,"playtime":3381,"items_purged":["Strike_R"],"score":2254,"play_id":"bc2ed3da-4c0f-456f-b15a-7d3b6217c690","local_time":"20190320115420","is_ascension_mode":true,"campfire_choices":[{"data":"Carnage","floor":6,"key":"SMITH"},{"data":"Bash","floor":15,"key":"SMITH"},{"data":"Apotheosis","floor":23,"key":"SMITH"},{"data":"Demon Form","floor":28,"key":"SMITH"},{"floor":30,"key":"REST"},{"data":"Corruption","floor":32,"key":"SMITH"},{"data":"Pommel Strike","floor":40,"key":"SMITH"},{"data":"Warcry","floor":44,"key":"SMITH"},{"data":"Second Wind","floor":49,"key":"SMITH"}],"neow_cost":"NONE","seed_source_timestamp":116693940396839,"circlet_count":0,"master_deck":["AscendersBane","Strike_R","Strike_R","Defend_R","Defend_R","Defend_R","Defend_R","Bash+1","Seeing Red","Carnage+1","Headbutt","Armaments","Ghostly Armor","Shrug It Off","Shrug It Off","Demon Form+1","Battle Trance","Second Wind","Havoc","Apotheosis+1","Pommel Strike+1","True Grit","Metallicize","Warcry+1","Corruption+1","Reaper","Entrench","Warcry+1","Second Wind+1"],"relics":["Burning Blood","Golden Idol","Ornamental Fan","Centennial Puzzle","Old Coin","Sozu","Dead Branch","Mummified Hand","Self Forming Clay","Juzu Bracelet","Busted Crown","Red Mask","FossilizedHelix","Turnip","Vajra","Bag of Marbles","Pocketwatch"],"potions_floor_usage":[8,10,11,16,16,19,51],"damage_taken":[{"damage":8,"enemies":"Small Slimes","floor":1,"turns":5},{"damage":6,"enemies":"Jaw Worm","floor":4,"turns":4},{"damage":0,"enemies":"Cultist","floor":7,"turns":2},{"damage":4,"enemies":"Exordium Wildlife","floor":8,"turns":3},{"damage":15,"enemies":"3 Sentries","floor":10,"turns":9},{"damage":0,"enemies":"Large Slime","floor":11,"turns":4},{"damage":1,"enemies":"3 Louse","floor":13,"turns":4},{"damage":3,"enemies":"Looter","floor":14,"turns":3},{"damage":52,"enemies":"The Guardian","floor":16,"turns":10},{"damage":16,"enemies":"Chosen","floor":18,"turns":6},{"damage":2,"enemies":"3 Byrds","floor":19,"turns":4},{"damage":13,"enemies":"Shelled Parasite and Fungi","floor":21,"turns":6},{"damage":0,"enemies":"Sentry and Sphere","floor":22,"turns":7},{"damage":12,"enemies":"Gremlin Leader","floor":24,"turns":6},{"damage":19,"enemies":"Book of Stabbing","floor":29,"turns":6},{"damage":6,"enemies":"Automaton","floor":33,"turns":3},{"damage":11,"enemies":"Orb Walker","floor":35,"turns":2},{"damage":0,"enemies":"3 Shapes","floor":37,"turns":7},{"damage":2,"enemies":"2 Orb Walkers","floor":38,"turns":3},{"damage":0,"enemies":"Writhing Mass","floor":39,"turns":5},{"damage":0,"enemies":"Mind Bloom Boss Battle","floor":41,"turns":4},{"damage":0,"enemies":"Nemesis","floor":42,"turns":3},{"damage":0,"enemies":"Sphere and 2 Shapes","floor":46,"turns":5},{"damage":0,"enemies":"3 Darklings","floor":47,"turns":2},{"damage":0,"enemies":"Reptomancer","floor":48,"turns":5},{"damage":0,"enemies":"Donu and Deca","floor":50,"turns":7},{"damage":12,"enemies":"Time Eater","floor":51,"turns":8}],"seed_played":"5711387336042876071","potions_obtained":[{"floor":1,"key":"AttackPotion"},{"floor":8,"key":"EssenceOfSteel"},{"floor":10,"key":"EntropicBrew"}],"is_trial":false,"path_per_floor":["M","?","?","M","?","R","M","M","T","E","M","T","M","M","R","B",null,"M","M","$","M","M","R","E","?","T","$","R","E","R","?","R","B",null,"M","?","M","?","M","R","?","E","T","R","?","M","M","E","R","B","B",null],"character_chosen":"IRONCLAD","items_purchased":["Dead Branch","Second Wind","Havoc","Apotheosis","Pommel Strike","Metallicize"],"campfire_rested":1,"item_purchase_floors":[20,20,20,20,20,27],"current_hp_per_floor":[73,66,66,66,66,66,72,74,74,65,71,71,74,74,74,28,63,53,57,57,50,56,56,50,50,50,50,50,37,59,59,59,59,70,74,74,74,74,74,74,74,74,74,74,74,74,74,74,74,74,74],"gold":361,"neow_bonus":"TEN_PERCENT_HP_BONUS","is_prod":false,"is_daily":false,"chose_seed":false,"campfire_upgraded":8,"win_rate":0,"timestamp":1553050460,"path_taken":["M","?","?","?","?","R","M","M","T","E","M","?","M","M","R","BOSS","M","M","$","M","M","R","E","?","T","$","R","E","R","?","R","BOSS","M","?","M","?","M","R","?","E","T","R","?","M","M","E","R","BOSS","BOSS"],"build_version":"2019-01-23","purchased_purges":1,"victory":true,"max_hp_per_floor":[82,82,82,82,74,74,74,74,74,74,74,74,74,74,74,74,74,74,74,74,74,74,74,74,74,74,74,74,74,74,74,74,74,74,74,74,74,74,74,74,74,74,74,74,74,74,74,74,74,74,74],"card_choices":[{"not_picked":["Headbutt","True Grit"],"picked":"Seeing Red","floor":1},{"not_picked":["Body Slam","Clothesline"],"picked":"Carnage","floor":4},{"not_picked":["Sword Boomerang","Havoc"],"picked":"Headbutt","floor":7},{"not_picked":["Sentinel","Carnage"],"picked":"Armaments","floor":8},{"not_picked":["Reckless Charge","Rage"],"picked":"Ghostly Armor","floor":10},{"not_picked":["Warcry","Evolve","Fiend Fire"],"picked":"SKIP","floor":11},{"not_picked":["Clash","Cleave"],"picked":"Shrug It Off","floor":13},{"not_picked":["Burning Pact","Sword Boomerang"],"picked":"Shrug It Off","floor":14},{"not_picked":["Exhume","Bludgeon"],"picked":"Demon Form","floor":16},{"not_picked":["True Grit","Flex","Cleave"],"picked":"SKIP","floor":18},{"not_picked":["Cleave","Headbutt+1"],"picked":"Battle Trance","floor":19},{"not_picked":["Cleave","Twin Strike","Flex"],"picked":"SKIP","floor":21},{"not_picked":["Rampage","Flex"],"picked":"True Grit","floor":22},{"not_picked":["Havoc","Dark Embrace"],"picked":"True Grit","floor":24},{"not_picked":["Cleave","Clash"],"picked":"Warcry+1","floor":29},{"not_picked":["Dark Embrace","Bludgeon"],"picked":"Reaper","floor":33},{"not_picked":["Evolve"],"picked":"SKIP","floor":35},{"not_picked":["Thunderclap+1"],"picked":"SKIP","floor":37},{"not_picked":[],"picked":"Entrench","floor":39},{"not_picked":[],"picked":"Warcry","floor":42},{"not_picked":["Wild Strike"],"picked":"SKIP","floor":46},{"not_picked":["Flame Barrier"],"picked":"SKIP","floor":47},{"not_picked":[],"picked":"Second Wind","floor":48}],"player_experience":755715,"relics_obtained":[{"floor":9,"key":"Ornamental Fan"},{"floor":10,"key":"Centennial Puzzle"},{"floor":12,"key":"Old Coin"},{"floor":24,"key":"Mummified Hand"},{"floor":26,"key":"Self Forming Clay"},{"floor":29,"key":"Juzu Bracelet"},{"floor":38,"key":"FossilizedHelix"},{"floor":41,"key":"Turnip"},{"floor":42,"key":"Vajra"},{"floor":43,"key":"Bag of Marbles"},{"floor":48,"key":"Pocketwatch"}],"event_choices":[{"cards_removed":["Strike_R"],"damage_healed":0,"gold_gain":0,"player_choice":"Card Removal","damage_taken":7,"max_hp_gain":0,"max_hp_loss":0,"event_name":"Golden Wing","floor":2,"gold_loss":0},{"cards_removed":["Strike_R"],"damage_healed":0,"gold_gain":0,"player_choice":"Purged","damage_taken":0,"max_hp_gain":0,"max_hp_loss":0,"event_name":"Purifier","floor":3,"gold_loss":0},{"damage_healed":0,"gold_gain":0,"player_choice":"Lose Max HP","damage_taken":0,"relics_obtained":["Golden Idol"],"max_hp_gain":0,"max_hp_loss":8,"event_name":"Golden Idol","floor":5,"gold_loss":0},{"damage_healed":0,"gold_gain":0,"player_choice":"Ignored","damage_taken":0,"max_hp_gain":0,"max_hp_loss":0,"event_name":"Ghosts","floor":25,"gold_loss":0},{"damage_healed":0,"gold_gain":0,"player_choice":"Read","damage_taken":0,"max_hp_gain":0,"max_hp_loss":0,"event_name":"The Library","floor":31,"gold_loss":0,"cards_obtained":["Corruption"]},{"damage_healed":0,"gold_gain":0,"player_choice":"Paid","damage_taken":0,"relics_obtained":["Red Mask"],"max_hp_gain":0,"max_hp_loss":0,"event_name":"Tomb of Lord Red Mask","floor":36,"gold_loss":152},{"damage_healed":0,"gold_gain":0,"player_choice":"Fight","damage_taken":0,"max_hp_gain":0,"max_hp_loss":0,"event_name":"Mysterious Sphere","floor":38,"gold_loss":0},{"damage_healed":0,"gold_gain":0,"player_choice":"Fight","damage_taken":0,"max_hp_gain":0,"max_hp_loss":0,"event_name":"MindBloom","floor":41,"gold_loss":0},{"cards_removed":["True Grit"],"damage_healed":0,"gold_gain":0,"player_choice":"Removed Skill","damage_taken":0,"max_hp_gain":0,"max_hp_loss":0,"event_name":"Falling","floor":45,"gold_loss":0}],"is_beta":false,"boss_relics":[{"not_picked":["Black Star","Astrolabe"],"picked":"Sozu"},{"not_picked":["Runic Pyramid","Runic Dome"],"picked":"Busted Crown"}],"items_purged_floors":[20],"is_endless":false,"potions_floor_spawned":[1,8,10,14,19,24,29,41,42,46,47,48],"ascension_level":20}