{"gold_per_floor":[118,118,118,43,62,62,72,89,89,115,133,166,227,257,257,362,362,382,398,48,48,48,48,73,73,151,166,166,186,203,230,230,333,333,345,121,136,136,11,37,37,37,61,87,99,109,109,109,109,109,109,109,72,404,404],"floor_reached":55,"playtime":5927,"items_purged":["Strike_B","Strike_B","Defend_B"],"score":1100,"play_id":"8da101de-5059-41f2-ac78-d2b642c1a27c","local_time":"20181202151950","is_ascension_mode":true,"campfire_choices":[{"data":"Dualcast","floor":6,"key":"SMITH"},{"data":"Hologram","floor":15,"key":"SMITH"},{"data":"Beam Cell","floor":23,"key":"SMITH"},{"data":"White Noise","floor":25,"key":"SMITH"},{"floor":28,"key":"REST"},{"floor":32,"key":"REST"},{"data":"Discovery","floor":42,"key":"SMITH"},{"data":"Consume","floor":47,"key":"SMITH"},{"floor":49,"key":"RECALL"},{"data":"Capacitor","floor":52,"key":"SMITH"}],"neow_cost":"NONE","seed_source_timestamp":1538058819513925,"circlet_count":0,"master_deck":["Defend_B","Defend_B","Defend_B","Zap+1","Dualcast+1","Beam Cell+1","Compile Driver","Cold Snap","Cold Snap","Rip and Tear","Capacitor+1","Hologram+1","Seek","Conserve Battery","Cold Snap","White Noise+1","Hologram+1","Core Surge","Biased Cognition","Force Field+1","Barrage","Consume+1","Steam+1","Discovery+1","Double Energy+1","Melter","Echo Form"],"relics":["Cracked Core","FossilizedHelix","Pear","Orichalcum","Singing Bowl","Sozu","Runic Capacitor","Blood Vial","Ornamental Fan","Bottled Tornado","Letter Opener","Busted Crown","Art of War","Bag of Preparation","Lantern","Question Card","Old Coin"],"potions_floor_usage":[10,31,40],"damage_taken":[{"damage":3,"enemies":"Jaw Worm","floor":1,"turns":4},{"damage":4,"enemies":"Small Slimes","floor":5,"turns":3},{"damage":0,"enemies":"Cultist","floor":7,"turns":2},{"damage":1,"enemies":"Blue Slaver","floor":8,"turns":3},{"damage":9,"enemies":"Lagavulin","floor":10,"turns":5},{"damage":0,"enemies":"Large Slime","floor":11,"turns":5},{"damage":0,"enemies":"Gremlin Nob","floor":12,"turns":3},{"damage":0,"enemies":"Gremlin Nob","floor":13,"turns":3},{"damage":7,"enemies":"3 Sentries","floor":14,"turns":7},{"damage":15,"enemies":"The Guardian","floor":16,"turns":10},{"damage":3,"enemies":"Shell Parasite","floor":18,"turns":4},{"damage":10,"enemies":"2 Thieves","floor":19,"turns":4},{"damage":7,"enemies":"Book of Stabbing","floor":24,"turns":6},{"damage":29,"enemies":"Snake Plant","floor":27,"turns":6},{"damage":6,"enemies":"Shelled Parasite and Fungi","floor":29,"turns":6},{"damage":0,"enemies":"Centurion and Healer","floor":30,"turns":6},{"damage":64,"enemies":"Gremlin Leader","floor":31,"turns":8},{"damage":34,"enemies":"Automaton","floor":33,"turns":13},{"damage":2,"enemies":"3 Shapes","floor":35,"turns":4},{"damage":19,"enemies":"3 Darklings","floor":37,"turns":5},{"damage":0,"enemies":"Reptomancer","floor":40,"turns":5},{"damage":0,"enemies":"Giant Head","floor":44,"turns":9},{"damage":0,"enemies":"Maw","floor":45,"turns":5},{"damage":0,"enemies":"Spire Growth","floor":46,"turns":3},{"damage":0,"enemies":"Awakened One","floor":50,"turns":13},{"damage":76,"enemies":"Shield and Spear","floor":54,"turns":7},{"damage":64,"enemies":"The Heart","floor":55,"turns":3}],"seed_played":"6279454418973551932","potions_obtained":[{"floor":8,"key":"Weak Potion"},{"floor":10,"key":"Energy Potion"},{"floor":13,"key":"SteroidPotion"},{"floor":14,"key":"FocusPotion"}],"is_trial":false,"path_per_floor":["M","?","?","$","M","R","M","M","T","E","M","E","?","E","R","B",null,"M","M","$","?","?","R","E","R","T","M","R","M","M","E","R","B",null,"M","$","M","?","$","E","$","R","T","E","M","M","R","T","R","B",null,"R","$","E","B"],"character_chosen":"DEFECT","items_purchased":["Runic Capacitor","Blood Vial","Barrage","Consume","Melter"],"campfire_rested":2,"item_purchase_floors":[20,20,36,36,53],"current_hp_per_floor":[79,79,79,79,75,75,75,74,74,65,65,75,75,70,70,55,94,91,81,81,81,81,81,76,76,76,51,79,75,77,17,46,14,98,96,96,79,79,79,83,83,83,83,87,91,93,93,93,93,95,104,104,104,28,0],"gold":404,"neow_bonus":"TEN_PERCENT_HP_BONUS","is_prod":false,"is_daily":false,"chose_seed":false,"campfire_upgraded":7,"win_rate":0,"timestamp":1543781990,"path_taken":["M","?","?","$","?","R","M","M","T","E","M","E","?","E","R","BOSS","M","M","$","?","?","R","E","R","T","M","R","M","M","E","R","BOSS","M","$","M","?","?","E","$","R","T","E","M","M","R","?","R","BOSS","R","$","E","BOSS"],"build_version":"2018-11-15","purchased_purges":3,"victory":false,"max_hp_per_floor":[82,82,82,82,82,82,82,82,82,82,82,92,92,94,94,94,94,94,94,94,94,94,94,94,94,94,96,96,96,96,98,98,98,98,98,98,98,98,98,100,100,100,100,102,104,104,104,104,104,104,104,104,104,104,104],"card_choices":[{"not_picked":["Undo","Storm"],"picked":"Beam Cell","floor":1},{"not_picked":["Reinforced Body","Aggregate"],"picked":"Compile Driver","floor":5},{"not_picked":["Coolheaded","Stack"],"picked":"Cold Snap","floor":7},{"not_picked":["Redo","Steam Power","Amplify"],"picked":"SKIP","floor":8},{"not_picked":["Gash","Meteor Strike"],"picked":"Cold Snap","floor":10},{"not_picked":["Skim","Turbo"],"picked":"Rip and Tear","floor":11},{"not_picked":["Compile Driver","Loop"],"picked":"Capacitor","floor":12},{"not_picked":["Sweeping Beam","Gash"],"picked":"Hologram","floor":13},{"not_picked":["Rainbow","Genetic Algorithm","Double Energy"],"picked":"Singing Bowl","floor":14},{"not_picked":["Multi-Cast","Buffer"],"picked":"Seek","floor":16},{"not_picked":["Cold Snap","Compile Driver"],"picked":"Conserve Battery","floor":18},{"not_picked":["Coolheaded","Stack"],"picked":"Cold Snap","floor":19},{"not_picked":["Gash","Steam Power"],"picked":"White Noise","floor":24},{"not_picked":["Redo","Coolheaded","Storm"],"picked":"Singing Bowl","floor":27},{"not_picked":["Cold Snap+1","Beam Cell"],"picked":"Hologram+1","floor":29},{"not_picked":["Streamline","Cold Snap"],"picked":"Core Surge","floor":30},{"not_picked":["Cold Snap","Double Energy","Sweeping Beam"],"picked":"Singing Bowl","floor":31},{"not_picked":["Multi-Cast","Rainbow"],"picked":"Biased Cognition","floor":33},{"not_picked":[],"picked":"Force Field+1","floor":35},{"not_picked":[],"picked":"Steam+1","floor":37},{"not_picked":["Self Repair"],"picked":"Singing Bowl","floor":40},{"not_picked":["Rebound"],"picked":"Singing Bowl","floor":44},{"not_picked":["Beam Cell+1"],"picked":"Singing Bowl","floor":45},{"not_picked":[],"picked":"Double Energy+1","floor":46},{"not_picked":["Barrage+1"],"picked":"Echo Form","floor":54}],"player_experience":91702,"relics_obtained":[{"floor":10,"key":"FossilizedHelix"},{"floor":12,"key":"Pear"},{"floor":13,"key":"Orichalcum"},{"floor":14,"key":"Singing Bowl"},{"floor":24,"key":"Ornamental Fan"},{"floor":26,"key":"Bottled Tornado"},{"floor":31,"key":"Letter Opener"},{"floor":40,"key":"Art of War"},{"floor":43,"key":"Bag of Preparation"},{"floor":44,"key":"Lantern"},{"floor":48,"key":"Question Card"},{"floor":54,"key":"Old Coin"}],"event_choices":[{"damage_healed":0,"gold_gain":0,"player_choice":"Grow","damage_taken":0,"max_hp_gain":0,"max_hp_loss":0,"event_name":"Living Wall","floor":2,"gold_loss":0,"cards_upgraded":["Zap"]},{"cards_removed":["Strike_B"],"damage_healed":0,"gold_gain":0,"player_choice":"Offered Basic","damage_taken":0,"max_hp_gain":0,"max_hp_loss":0,"event_name":"Bonfire Elementals","floor":3,"gold_loss":0},{"damage_healed":0,"gold_gain":0,"player_choice":"Searched \u00271\u0027 times","damage_taken":0,"max_hp_gain":0,"max_hp_loss":0,"event_name":"Dead Adventurer","floor":13,"gold_loss":0},{"damage_healed":0,"gold_gain":0,"player_choice":"Ignored","damage_taken":0,"max_hp_gain":0,"max_hp_loss":0,"event_name":"Ghosts","floor":21,"gold_loss":0},{"cards_removed":["Strike_B"],"damage_healed":0,"gold_gain":0,"player_choice":"Elegance","damage_taken":0,"max_hp_gain":0,"max_hp_loss":0,"event_name":"Back to Basics","floor":22,"gold_loss":0},{"damage_healed":0,"gold_gain":0,"player_choice":"1 cards matched","damage_taken":0,"max_hp_gain":0,"max_hp_loss":0,"event_name":"Match and Keep!","floor":38,"gold_loss":0,"cards_obtained":["Discovery"]}],"is_beta":false,"boss_relics":[{"not_picked":["Empty Cage","Velvet Choker"],"picked":"Sozu"},{"not_picked":["White Beast Statue","Calling Bell"],"picked":"Busted Crown"}],"items_purged_floors":[4,36,39],"is_endless":false,"potions_floor_spawned":[8,10,13,14,27,30,33,35,44,46],"killed_by":"The Heart","ascension_level":3}