{"gold_per_floor":[113,127,52,72,87,100,117,117,117,192,192,192,142,162,162,258,258,268,268,281,298,176,211,211,13,83,83,83,83],"floor_reached":29,"playtime":1261,"items_purged":["Strike_B"],"score":270,"play_id":"3836390f-5a3b-4a23-9e9e-4f9b048d9bc7","local_time":"20181014225911","is_ascension_mode":true,"campfire_choices":[{"data":"Static Discharge","floor":12,"key":"SMITH"},{"data":"Capacitor","floor":15,"key":"SMITH"},{"floor":27,"key":"REST"}],"neow_cost":"NONE","seed_source_timestamp":200125867980057,"circlet_count":0,"master_deck":["Strike_B+1","Defend_B","Defend_B","Defend_B","Defend_B+1","Zap","Dualcast","Self Repair","Chill","Static Discharge+1","Conserve Battery","Capacitor+1","Amplify","Steam","Conserve Battery","Undo","Defragment","Leap","Steam"],"relics":["Cracked Core","NeowsBlessing","Question Card","Busted Crown","Bottled Flame","PreservedInsect","Matryoshka"],"potions_floor_usage":[16,20,23],"damage_taken":[{"damage":0,"enemies":"Jaw Worm","floor":1,"turns":1},{"damage":0,"enemies":"Small Slimes","floor":2,"turns":1},{"damage":0,"enemies":"Cultist","floor":4,"turns":1},{"damage":19,"enemies":"Blue Slaver","floor":5,"turns":5},{"damage":9,"enemies":"Lots of Slimes","floor":6,"turns":5},{"damage":20,"enemies":"Looter","floor":7,"turns":3},{"damage":15,"enemies":"3 Louse","floor":14,"turns":2},{"damage":35,"enemies":"The Guardian","floor":16,"turns":10},{"damage":16,"enemies":"3 Byrds","floor":18,"turns":5},{"damage":28,"enemies":"Chosen","floor":20,"turns":7},{"damage":21,"enemies":"Snecko","floor":21,"turns":7},{"damage":27,"enemies":"Slavers","floor":23,"turns":4},{"damage":90,"enemies":"Gremlin Leader","floor":29,"turns":9}],"seed_played":"-1168399820633570085","potions_obtained":[{"floor":5,"key":"LiquidBronze"},{"floor":7,"key":"Weak Potion"},{"floor":14,"key":"GamblersBrew"},{"floor":16,"key":"Strength Potion"},{"floor":23,"key":"SpeedPotion"}],"is_trial":false,"path_per_floor":["M","M","$","M","M","M","M","?","T","?","?","R","?","M","R","B",null,"M","?","M","M","$","E","?","$","T","R","?"],"character_chosen":"DEFECT","items_purchased":["Defragment","Leap","PreservedInsect","Steam"],"campfire_rested":1,"item_purchase_floors":[22,22,25,25],"current_hp_per_floor":[75,75,75,75,70,68,62,47,47,40,65,65,65,64,64,43,75,75,75,68,68,68,55,41,41,41,65,80,0],"gold":83,"neow_bonus":"THREE_ENEMY_KILL","is_prod":false,"is_daily":false,"chose_seed":false,"campfire_upgraded":2,"win_rate":0,"timestamp":1539550751,"path_taken":["M","M","$","M","M","M","M","?","T","?","?","R","?","M","R","BOSS","M","?","M","?","$","E","?","$","T","R","?","E"],"build_version":"2018-10-11","purchased_purges":1,"victory":false,"max_hp_per_floor":[75,75,75,75,75,75,75,75,75,75,75,75,75,75,75,75,75,75,75,75,75,75,75,80,80,80,80,80,80],"card_choices":[{"not_picked":["Redo","Gash","Streamline"],"picked":"SKIP","floor":1},{"not_picked":["Stack","Hologram"],"picked":"Self Repair","floor":2},{"not_picked":["Steam","Undo"],"picked":"Self Repair","floor":4},{"not_picked":["Rebound","Compile Driver"],"picked":"Chill","floor":5},{"not_picked":["Barrage","Compile Driver"],"picked":"Static Discharge","floor":6},{"not_picked":["Coolheaded","Seek"],"picked":"Conserve Battery","floor":7},{"not_picked":["Turbo","Scrape","Coolheaded"],"picked":"Capacitor","floor":14},{"not_picked":["Rainbow","All For One","Echo Form"],"picked":"Amplify","floor":16},{"not_picked":["Beam Cell"],"picked":"Steam","floor":18},{"not_picked":["Steam"],"picked":"Conserve Battery","floor":20},{"not_picked":["Coolheaded"],"picked":"Undo","floor":21},{"not_picked":["Rip and Tear","Rebound"],"picked":"SKIP","floor":23}],"player_experience":196757,"relics_obtained":[{"floor":9,"key":"Question Card"},{"floor":23,"key":"Bottled Flame"},{"floor":26,"key":"Matryoshka"}],"event_choices":[{"event_name":"Shining Light","player_choice":"Entered Light","floor":8,"damage_taken":0},{"event_name":"FaceTrader","player_choice":"Touch","floor":10,"damage_taken":0},{"event_name":"Big Fish","player_choice":"Banana","floor":11,"damage_taken":0},{"event_name":"The Cleric","player_choice":"Card Removal","floor":13,"damage_taken":0},{"event_name":"Back to Basics","player_choice":"Elegance","floor":19,"damage_taken":0},{"event_name":"Forgotten Altar","player_choice":"Shed Blood","floor":24,"damage_taken":0},{"event_name":"Bonfire Elementals","player_choice":"UNCOMMON","floor":28,"damage_taken":0}],"is_beta":false,"boss_relics":[{"not_picked":["Calling Bell","Coffee Dripper"],"picked":"Busted Crown"}],"items_purged_floors":[3],"is_endless":false,"potions_floor_spawned":[5,7,14,16,23],"killed_by":"Gremlin Leader","ascension_level":3}