{"gold_per_floor":[117,117,117,135,5,48,48,61,61,61,61,97,97,116,116,212,212,225,243,243],"floor_reached":20,"playtime":856,"items_purged":[],"score":414,"play_id":"97959a11-d4fc-40df-a7cb-139e875d595f","local_time":"20190509141207","is_ascension_mode":true,"campfire_choices":[{"data":"Noxious Fumes","floor":7,"key":"SMITH"},{"floor":11,"key":"REST"},{"floor":15,"key":"REST"}],"neow_cost":"NONE","seed_source_timestamp":273914268018100,"circlet_count":0,"master_deck":["AscendersBane","Defend_G","Defend_G+1","Defend_G+1","Defend_G","Defend_G","Strike_G","Strike_G","Strike_G","Strike_G","Survivor","Neutralize","Skewer","Backflip","Well Laid Plans","PiercingWail","Noxious Fumes+1","Escape Plan","Bane","Dash"],"relics":["Ring of the Snake","NeowsBlessing","Golden Idol","StoneCalendar","Unceasing Top","PreservedInsect","Kunai","Black Star"],"potions_floor_usage":[12,12],"damage_taken":[{"damage":0,"enemies":"Cultist","floor":1,"turns":1},{"damage":0,"enemies":"2 Louse","floor":4,"turns":1},{"damage":0,"enemies":"Lagavulin","floor":6,"turns":1},{"damage":0,"enemies":"Small Slimes","floor":8,"turns":4},{"damage":19,"enemies":"3 Sentries","floor":12,"turns":7},{"damage":0,"enemies":"Looter","floor":14,"turns":4},{"damage":14,"enemies":"Slime Boss","floor":16,"turns":7},{"damage":19,"enemies":"2 Thieves","floor":18,"turns":5},{"damage":13,"enemies":"Chosen","floor":19,"turns":7},{"damage":23,"enemies":"Snecko","floor":20,"turns":5}],"seed_played":"-2897762022840404678","potions_obtained":[{"floor":4,"key":"Dexterity Potion"},{"floor":6,"key":"AttackPotion"}],"is_trial":false,"path_per_floor":["M","?","?","M","$","E","R","M","T","?","R","E","T","M","R","B",null,"M","M","M"],"character_chosen":"THE_SILENT","items_purchased":["Well Laid Plans","PiercingWail"],"campfire_rested":2,"item_purchase_floors":[5,5],"current_hp_per_floor":[59,52,52,52,52,52,52,52,52,34,52,33,33,33,51,37,54,35,22,0],"gold":243,"neow_bonus":"THREE_ENEMY_KILL","is_prod":false,"is_daily":false,"chose_seed":false,"campfire_upgraded":1,"win_rate":0,"timestamp":1557378727,"path_taken":["M","?","?","M","$","E","R","M","T","?","R","E","?","M","R","BOSS","M","M","M"],"build_version":"2019-01-23","purchased_purges":0,"victory":false,"max_hp_per_floor":[66,66,60,60,60,60,60,60,60,60,60,60,60,60,60,60,60,60,60,60],"card_choices":[{"not_picked":["Bane","Cloak And Dagger"],"picked":"Skewer","floor":1},{"not_picked":["Quick Slash","Prepared"],"picked":"Backflip","floor":4},{"not_picked":["Bane","Blur"],"picked":"Noxious Fumes","floor":6},{"not_picked":["Acrobatics","Sucker Punch"],"picked":"Escape Plan","floor":8},{"not_picked":["Dodge and Roll","Backflip"],"picked":"Bane","floor":12},{"not_picked":["A Thousand Cuts","Deflect","Slice"],"picked":"SKIP","floor":14},{"not_picked":["Finisher","Well Laid Plans","Flechettes"],"picked":"SKIP","floor":18},{"not_picked":["Heel Hook","Blade Dance"],"picked":"Dash","floor":19}],"player_experience":1304487,"relics_obtained":[{"floor":6,"key":"StoneCalendar"},{"floor":9,"key":"Unceasing Top"},{"floor":12,"key":"PreservedInsect"},{"floor":13,"key":"Kunai"}],"event_choices":[{"cards_removed":["Strike_G"],"damage_healed":0,"gold_gain":0,"player_choice":"Card Removal","damage_taken":7,"max_hp_gain":0,"max_hp_loss":0,"event_name":"Golden Wing","floor":2,"gold_loss":0},{"damage_healed":0,"gold_gain":0,"player_choice":"Lose Max HP","damage_taken":0,"relics_obtained":["Golden Idol"],"max_hp_gain":0,"max_hp_loss":6,"event_name":"Golden Idol","floor":3,"gold_loss":0},{"damage_healed":0,"gold_gain":0,"player_choice":"Entered Light","damage_taken":18,"max_hp_gain":0,"max_hp_loss":0,"event_name":"Shining Light","floor":10,"gold_loss":0,"cards_upgraded":["Defend_G","Defend_G"]}],"is_beta":false,"boss_relics":[{"not_picked":["Philosopher\u0027s Stone","White Beast Statue"],"picked":"Black Star"}],"items_purged_floors":[],"is_endless":false,"potions_floor_spawned":[4,6],"killed_by":"Snecko","ascension_level":20}