{"gold_per_floor":[111,111,129,155,174,174,203,203,203,222,4,16,16,26,26,102,102,116,126,126,140,153,153,44,44,44,44,75,125,125,142,142,216,216,230,23,34,48,66,66,83,83,151,151,163,163],"floor_reached":46,"playtime":2250,"items_purged":["Strike_G","Strike_G"],"score":913,"play_id":"3f1f5121-5d94-4c4b-8c47-614e36241abc","local_time":"20190417122533","is_ascension_mode":true,"campfire_choices":[{"floor":6.0,"key":"REST"},{"data":"Neutralize","floor":8.0,"key":"SMITH"},{"data":"Dagger Spray","floor":13.0,"key":"SMITH"},{"data":"Glass Knife","floor":15.0,"key":"SMITH"},{"floor":23.0,"key":"REST"},{"data":"Cloak And Dagger","floor":27.0,"key":"SMITH"},{"floor":30.0,"key":"REST"},{"floor":32.0,"key":"REST"},{"data":"Finisher","floor":40,"key":"SMITH"},{"floor":42,"key":"REST"}],"neow_cost":"NONE","seed_source_timestamp":1653873694650585,"circlet_count":0,"master_deck":["AscendersBane","Defend_G","Defend_G","Defend_G","Defend_G","Defend_G","Survivor","Neutralize+1","Dagger Spray+1","Dash","Backflip","Quick Slash","Glass Knife+1","Deadly Poison","Storm of Steel","Prepared","Cloak And Dagger+1","Cloak And Dagger+1","Infinite Blades","Blade Dance","Adrenaline","Choke","Dodge and Roll","Envenom","Distraction+1","Wraith Form v2+1","Sucker Punch+1","Blade Dance","Cloak And Dagger+1","Parasite","Finisher+1","PiercingWail","Corpse Explosion","Writhe","Leg Sweep+1"],"special_seed":0,"relics":["Ring of the Snake","Pen Nib","Dream Catcher","Smiling Mask","Ornamental Fan","Kunai","Medical Kit","Cursed Key","Singing Bowl","Astrolabe","Vajra"],"potions_floor_usage":[45],"damage_taken":[{"damage":0.0,"enemies":"Small Slimes","floor":1.0,"turns":4.0},{"damage":7.0,"enemies":"Jaw Worm","floor":3.0,"turns":6.0},{"damage":0.0,"enemies":"2 Louse","floor":5.0,"turns":1.0},{"damage":10.0,"enemies":"3 Sentries","floor":7.0,"turns":7.0},{"damage":0.0,"enemies":"Lots of Slimes","floor":10.0,"turns":3.0},{"damage":0.0,"enemies":"Blue Slaver","floor":12.0,"turns":4.0},{"damage":0.0,"enemies":"3 Louse","floor":14.0,"turns":2.0},{"damage":22.0,"enemies":"Hexaghost","floor":16.0,"turns":12.0},{"damage":1.0,"enemies":"Spheric Guardian","floor":18.0,"turns":4.0},{"damage":1.0,"enemies":"Shell Parasite","floor":19.0,"turns":3.0},{"damage":13.0,"enemies":"Snake Plant","floor":21.0,"turns":4.0},{"damage":15.0,"enemies":"Snecko","floor":22.0,"turns":7.0},{"damage":15.0,"enemies":"Slavers","floor":28.0,"turns":6.0},{"damage":8.0,"enemies":"Centurion and Healer","floor":31.0,"turns":6.0},{"damage":39.0,"enemies":"Collector","floor":33.0,"turns":12.0},{"damage":1.0,"enemies":"Orb Walker","floor":35.0,"turns":4.0},{"damage":2,"enemies":"3 Darklings","floor":37,"turns":2},{"damage":4,"enemies":"Jaw Worm Horde","floor":38,"turns":4},{"damage":12,"enemies":"Writhing Mass","floor":39,"turns":7},{"damage":0,"enemies":"4 Shapes","floor":41,"turns":8},{"damage":38,"enemies":"Maw","floor":45,"turns":8},{"damage":28,"enemies":"Nemesis","floor":46,"turns":9}],"seed_played":"1817007451330722989","potions_obtained":[{"floor":5.0,"key":"Energy Potion"},{"floor":7.0,"key":"Weak Potion"},{"floor":12.0,"key":"Weak Potion"},{"floor":16.0,"key":"Ancient Potion"},{"floor":18.0,"key":"Dexterity Potion"},{"floor":28.0,"key":"GhostInAJar"},{"floor":33.0,"key":"Poison Potion"},{"floor":37,"key":"SkillPotion"}],"is_trial":false,"path_per_floor":["M","?","M","T","M","R","E","R","T","M","$","M","R","M","R","B",null,"M","M","?","M","M","R","$","?","T","R","E","?","R","M","R","B",null,"M","$","M","M","M","R","M","R","T","?","M","E"],"character_chosen":"THE_SILENT","items_purchased":["Medical Kit","Blade Dance","Vajra"],"campfire_rested":5,"item_purchase_floors":[11,24,36],"current_hp_per_floor":[59,33,26,26,26,45,35,35,35,35,35,35,35,35,35,13,53,52,51,42,29,14,33,33,33,33,33,18,18,37,31,51,12,54,55,55,53,49,37,37,37,58,58,58,20,0],"gold":163,"neow_bonus":"RANDOM_COMMON_RELIC","is_prod":false,"is_daily":false,"chose_seed":false,"campfire_upgraded":5,"win_rate":0,"timestamp":1555471533,"path_taken":["M","?","M","?","M","R","E","R","T","M","?","?","R","M","R","BOSS","M","M","?","M","?","R","$","?","T","R","E","?","R","M","R","BOSS","M","$","M","M","M","R","M","R","T","?","?","E"],"build_version":"2019-01-23","purchased_purges":2,"victory":false,"max_hp_per_floor":[66,66,66,66,66,66,66,66,66,66,66,66,66,66,66,66,66,66,66,66,66,66,66,66,66,66,66,66,66,66,68,68,68,68,70,70,70,70,70,70,70,70,70,70,70,70],"card_choices":[{"not_picked":["Deadly Poison","Outmaneuver"],"picked":"Dagger Spray","floor":1.0},{"not_picked":["Expertise","Calculated Gamble"],"picked":"Dash","floor":3.0},{"not_picked":["Slice","Setup"],"picked":"Backflip","floor":5.0},{"not_picked":["Calculated Gamble","Blur"],"picked":"Quick Slash","floor":6.0},{"not_picked":["Infinite Blades","Flying Knee"],"picked":"Glass Knife","floor":7.0},{"not_picked":["Underhanded Strike","Sucker Punch","Dagger Throw"],"picked":"SKIP","floor":10.0},{"not_picked":["Flying Knee","Bane"],"picked":"Deadly Poison","floor":12.0},{"not_picked":["Poisoned Stab","Envenom","Quick Slash"],"picked":"SKIP","floor":14.0},{"not_picked":["Envenom","Unload"],"picked":"Storm of Steel","floor":16.0},{"not_picked":["Bouncing Flask","Dagger Spray"],"picked":"Prepared","floor":18.0},{"not_picked":["Flying Knee","All Out Attack"],"picked":"Cloak And Dagger+1","floor":19.0},{"not_picked":["Masterful Stab","Bane"],"picked":"Cloak And Dagger","floor":21.0},{"not_picked":["Deadly Poison","Backflip"],"picked":"Infinite Blades","floor":22.0},{"not_picked":["Concentrate","Quick Slash"],"picked":"Adrenaline","floor":28.0},{"not_picked":["Deflect+1","Reflex"],"picked":"Choke","floor":30.0},{"not_picked":["Backflip","Bane","Dagger Throw"],"picked":"Singing Bowl","floor":31.0},{"not_picked":["Backflip","Quick Slash"],"picked":"Dodge and Roll","floor":32.0},{"not_picked":["Storm of Steel","Grand Finale"],"picked":"Envenom","floor":33.0},{"not_picked":["Prepared","Predator+1","Distraction+1"],"picked":"Singing Bowl","floor":35.0},{"not_picked":["Calculated Gamble","Outmaneuver+1"],"picked":"Blade Dance","floor":37},{"not_picked":["Predator","Leg Sweep"],"picked":"Cloak And Dagger+1","floor":38},{"not_picked":["Blade Dance","Quick Slash"],"picked":"Finisher","floor":39},{"not_picked":["Slice+1","Heel Hook"],"picked":"PiercingWail","floor":41},{"not_picked":["Cloak And Dagger","Concentrate"],"picked":"Corpse Explosion","floor":42},{"not_picked":["Setup","Prepared"],"picked":"Leg Sweep+1","floor":45}],"player_experience":957928,"relics_obtained":[{"floor":4.0,"key":"Smiling Mask"},{"floor":7.0,"key":"Ornamental Fan"},{"floor":9.0,"key":"Kunai"},{"floor":28.0,"key":"Singing Bowl"}],"event_choices":[{"damage_healed":0.0,"max_hp_gain":0.0,"max_hp_loss":0.0,"gold_gain":0.0,"event_name":"Scrap Ooze","player_choice":"Success","floor":2.0,"gold_loss":0.0,"damage_taken":26.0,"relics_obtained":["Dream Catcher"]},{"damage_healed":0.0,"max_hp_gain":0.0,"max_hp_loss":0.0,"gold_gain":0.0,"event_name":"Wheel of Change","player_choice":"Damaged","floor":20.0,"gold_loss":0.0,"damage_taken":9.0},{"damage_healed":0.0,"max_hp_gain":0.0,"max_hp_loss":0.0,"gold_gain":0.0,"event_name":"The Mausoleum","player_choice":"Ignored","floor":25.0,"gold_loss":0.0,"damage_taken":0.0},{"damage_healed":0.0,"max_hp_gain":0.0,"max_hp_loss":0.0,"gold_gain":50.0,"event_name":"Nest","player_choice":"Stole From Cult","floor":29.0,"gold_loss":0.0,"damage_taken":0.0},{"damage_healed":0,"gold_gain":0,"player_choice":"0 cards matched","damage_taken":0,"max_hp_gain":0,"max_hp_loss":0,"event_name":"Match and Keep!","floor":44,"gold_loss":0,"cards_obtained":[]}],"is_beta":false,"boss_relics":[{"not_picked":["WristBlade","Eternal Feather"],"picked":"Cursed Key"},{"not_picked":["Orrery","Coffee Dripper"],"picked":"Astrolabe"}],"items_purged_floors":[24,36],"is_endless":false,"potions_floor_spawned":[5,7,12,16,18,19,28,33,37,41],"killed_by":"Nemesis","ascension_level":20}