{"gold_per_floor":[214,21,41,41,57,57,84,97,124,299,313,328,328,363,363,363],"floor_reached":16,"playtime":852,"items_purged":["Strike_B"],"score":123,"play_id":"56cc5f2e-dc60-437b-93fb-a19066ed61ed","local_time":"20181010204718","is_ascension_mode":true,"campfire_choices":[{"data":"Defragment","floor":6,"key":"SMITH"},{"data":"Dualcast","floor":13,"key":"SMITH"},{"floor":15,"key":"REST"}],"neow_cost":"NONE","seed_source_timestamp":42797685523983,"circlet_count":0,"master_deck":["Strike_B","Strike_B","Strike_B","Defend_B","Defend_B","Defend_B","Defend_B","Zap","Dualcast+1","Conserve Battery","Defragment+1","Conserve Battery","White Noise","Leap","Redo","Doubt","Amplify"],"relics":["Cracked Core","Symbiotic Virus","Bottled Lightning","Lantern","Shuriken"],"potions_floor_usage":[11,16,16,16],"damage_taken":[{"damage":1,"enemies":"Cultist","floor":1,"turns":3},{"damage":0,"enemies":"Small Slimes","floor":3,"turns":2},{"damage":0,"enemies":"2 Louse","floor":5,"turns":2},{"damage":4,"enemies":"Lagavulin","floor":7,"turns":6},{"damage":17,"enemies":"Gremlin Gang","floor":8,"turns":4},{"damage":13,"enemies":"Large Slime","floor":11,"turns":3},{"damage":1,"enemies":"Exordium Thugs","floor":12,"turns":4},{"damage":15,"enemies":"3 Sentries","floor":14,"turns":4},{"damage":54,"enemies":"Hexaghost","floor":16,"turns":14}],"seed_played":"-677785335025413949","potions_obtained":[{"floor":1,"key":"Weak Potion"},{"floor":3,"key":"SpeedPotion"},{"floor":8,"key":"SpeedPotion"},{"floor":14,"key":"FearPotion"}],"is_trial":false,"path_per_floor":["M","$","M","T","M","R","E","M","T","?","M","M","R","E","R"],"character_chosen":"DEFECT","items_purchased":["Defragment","Conserve Battery"],"campfire_rested":1,"item_purchase_floors":[2,2],"current_hp_per_floor":[74,74,74,74,74,74,70,53,53,53,40,39,39,24,46,0],"gold":363,"neow_bonus":"HUNDRED_GOLD","is_prod":false,"is_daily":false,"chose_seed":false,"campfire_upgraded":2,"win_rate":0,"timestamp":1539197238,"path_taken":["M","$","M","?","?","R","E","M","T","?","M","M","R","E","R","BOSS"],"build_version":"2018-10-04v2","purchased_purges":1,"victory":false,"max_hp_per_floor":[75,75,75,75,75,75,75,75,75,75,75,75,75,75,75,75],"card_choices":[{"not_picked":["Capacitor","Turbo"],"picked":"Conserve Battery","floor":1},{"not_picked":["Hologram","Fission","Blizzard"],"picked":"SKIP","floor":3},{"not_picked":["Turbo","Genetic Algorithm"],"picked":"White Noise","floor":5},{"not_picked":["Hologram","Melter"],"picked":"Leap","floor":7},{"not_picked":["Coolheaded","Cold Snap"],"picked":"Redo","floor":8},{"not_picked":["Beam Cell","Fusion","Turbo"],"picked":"SKIP","floor":11},{"not_picked":["Hologram","Streamline"],"picked":"Amplify","floor":12},{"not_picked":["Skim","Consume","Sunder"],"picked":"SKIP","floor":14}],"player_experience":164629,"relics_obtained":[{"floor":4,"key":"Symbiotic Virus"},{"floor":7,"key":"Bottled Lightning"},{"floor":9,"key":"Lantern"},{"floor":14,"key":"Shuriken"}],"event_choices":[{"event_name":"Liars Game","player_choice":"agreed","floor":10,"damage_taken":0}],"is_beta":false,"boss_relics":[],"items_purged_floors":[2],"is_endless":false,"potions_floor_spawned":[1,3,8,14],"killed_by":"Hexaghost","ascension_level":2}