{"gold_per_floor":[129,153,185,211,223,235,273,285,297,343,355,387,409,421,433,541,553,505,517,549,117,133,159,159,189,214,214,214,226,226,246,246,346,346,364,364,464,475,486,486,516,166,218,249,249,267,267,142,142,142,142,142,61,92,92],"floor_reached":55,"playtime":3105,"items_purged":["Writhe","Strike_B","Ball Lightning"],"score":1062,"play_id":"b326ff42-ed39-4680-aee6-d88bd6c734af","local_time":"20190405203018","is_ascension_mode":true,"campfire_choices":[{"data":"Gash","floor":6,"key":"SMITH"},{"floor":8,"key":"REST"},{"floor":11,"key":"REST"},{"data":"Defragment","floor":15,"key":"SMITH"},{"floor":27,"key":"REST"},{"data":"White Noise","floor":30,"key":"SMITH"},{"data":"Gash","floor":32,"key":"SMITH"},{"data":"Capacitor","floor":40,"key":"SMITH"},{"data":"Beam Cell","floor":45,"key":"SMITH"},{"floor":47,"key":"RECALL"},{"data":"Dualcast","floor":49,"key":"SMITH"},{"data":"Turbo","floor":52,"key":"SMITH"}],"neow_cost":"NONE","seed_source_timestamp":1026330162716399,"circlet_count":0,"master_deck":["Defend_B","Defend_B","Defend_B","Defend_B","Zap+1","Dualcast+1","Gash+1","Glacier","Beam Cell+1","Tempest","Defragment+1","Conserve Battery","Conserve Battery+1","Heatsinks+1","Coolheaded+1","Consume+1","Ball Lightning+1","White Noise+1","Chill","Turbo+1","Glacier","Force Field+1","Steam+1","Gash+1","Electrodynamics","Beam Cell+1","Capacitor+1","Gash+1","Steam+1","Storm","Auto Shields+1"],"relics":["Cracked Core","MawBank","Mango","Turnip","Incense Burner","Astrolabe","Prayer Wheel","Dream Catcher","Boot","Mercury Hourglass","Strawberry","Sozu","Du-Vu Doll","Ornamental Fan","Pantograph","Lantern","Whetstone"],"potions_floor_usage":[7,7,16,16,41,50,55],"damage_taken":[{"damage":1,"enemies":"Cultist","floor":1,"turns":3},{"damage":5,"enemies":"Small Slimes","floor":2,"turns":3},{"damage":1,"enemies":"2 Louse","floor":3,"turns":3},{"damage":10,"enemies":"Large Slime","floor":4,"turns":7},{"damage":38,"enemies":"Gremlin Nob","floor":7,"turns":5},{"damage":33,"enemies":"Lagavulin","floor":10,"turns":7},{"damage":12,"enemies":"Gremlin Gang","floor":12,"turns":4},{"damage":0,"enemies":"Looter","floor":13,"turns":3},{"damage":33,"enemies":"Slime Boss","floor":16,"turns":8},{"damage":10,"enemies":"2 Thieves","floor":18,"turns":4},{"damage":2,"enemies":"Shell Parasite","floor":20,"turns":8},{"damage":26,"enemies":"Snake Plant","floor":22,"turns":4},{"damage":9,"enemies":"Book of Stabbing","floor":23,"turns":7},{"damage":42,"enemies":"Slavers","floor":25,"turns":8},{"damage":8,"enemies":"Snecko","floor":29,"turns":6},{"damage":14,"enemies":"Sentry and Sphere","floor":31,"turns":6},{"damage":20,"enemies":"Champ","floor":33,"turns":14},{"damage":0,"enemies":"3 Shapes","floor":35,"turns":4},{"damage":0,"enemies":"Mind Bloom Boss Battle","floor":37,"turns":4},{"damage":0,"enemies":"Orb Walker","floor":38,"turns":3},{"damage":0,"enemies":"Jaw Worm Horde","floor":39,"turns":3},{"damage":3,"enemies":"Reptomancer","floor":41,"turns":6},{"damage":19,"enemies":"Nemesis","floor":44,"turns":7},{"damage":6,"enemies":"Maw","floor":46,"turns":6},{"damage":41,"enemies":"Donu and Deca","floor":50,"turns":12},{"damage":81,"enemies":"Shield and Spear","floor":54,"turns":6},{"damage":27,"enemies":"The Heart","floor":55,"turns":3}],"seed_played":"-960834333474240953","potions_obtained":[{"floor":1,"key":"EssenceOfSteel"},{"floor":4,"key":"SkillPotion"},{"floor":7,"key":"LiquidBronze"},{"floor":10,"key":"Ancient Potion"},{"floor":20,"key":"GamblersBrew"},{"floor":29,"key":"Weak Potion"},{"floor":33,"key":"Ancient Potion"}],"is_trial":false,"path_per_floor":["M","M","M","M","?","R","E","R","T","E","R","M","M","$","R","B",null,"M","?","M","$","M","E","?","E","T","R","?","M","R","M","R","B",null,"M","?","?","M","M","R","E","$","T","E","R","M","R","$","R","B",null,"R","$","E","B"],"character_chosen":"DEFECT","items_purchased":["White Noise","Chill","Defragment","Dream Catcher","Pantograph","Storm"],"campfire_rested":3,"item_purchase_floors":[21,21,21,21,42,53],"current_hp_per_floor":[67,62,61,51,51,51,27,53,53,20,46,34,34,34,34,1,67,57,57,55,55,29,20,49,7,14,42,96,88,88,74,74,54,86,86,86,86,86,86,86,83,83,83,64,64,58,58,58,58,42,83,83,83,2,0],"gold":92,"neow_bonus":"RANDOM_COMMON_RELIC","is_prod":false,"is_daily":false,"chose_seed":false,"campfire_upgraded":8,"win_rate":0,"timestamp":1554489018,"path_taken":["M","?","M","M","?","R","E","R","T","E","R","M","M","$","R","BOSS","M","?","M","$","M","E","?","E","T","R","?","?","R","M","R","BOSS","M","?","?","M","M","R","E","?","T","E","R","M","R","$","R","BOSS","R","$","E","BOSS"],"build_version":"2019-01-23","purchased_purges":3,"victory":false,"max_hp_per_floor":[75,75,75,75,75,75,89,89,89,89,89,89,89,89,89,89,89,89,89,89,89,89,89,89,89,96,96,96,96,96,96,96,96,96,96,96,96,96,96,96,96,96,96,96,96,96,96,96,96,96,96,96,96,96,96],"card_choices":[{"not_picked":["Steam Power","Stack","Rip and Tear"],"picked":"SKIP","floor":1},{"not_picked":["Reinforced Body","Sweeping Beam"],"picked":"Gash","floor":2},{"not_picked":["Scrape","Skim"],"picked":"Glacier","floor":3},{"not_picked":["Stack","Streamline","Leap"],"picked":"SKIP","floor":4},{"not_picked":["BootSequence","Stack"],"picked":"Beam Cell","floor":7},{"not_picked":["Rip and Tear","Reinforced Body"],"picked":"Tempest","floor":10},{"not_picked":["Turbo","Stack"],"picked":"Defragment","floor":12},{"not_picked":["White Noise","Leap"],"picked":"Conserve Battery","floor":13},{"not_picked":["Compile Driver+1","Recycle"],"picked":"Ball Lightning","floor":18},{"not_picked":["Steam+1","Tempest+1"],"picked":"Consume+1","floor":20},{"not_picked":["Beam Cell","Consume"],"picked":"Ball Lightning","floor":20},{"not_picked":["Steam Power","Defragment"],"picked":"Turbo","floor":22},{"not_picked":["Turbo","Tempest","FTL"],"picked":"SKIP","floor":22},{"not_picked":["Turbo","Tempest","FTL"],"picked":"SKIP","floor":22},{"not_picked":["Redo","Double Energy"],"picked":"Glacier","floor":23},{"not_picked":["Leap+1","Streamline"],"picked":"Force Field+1","floor":25},{"not_picked":["Undo","Lockon"],"picked":"Steam+1","floor":27},{"not_picked":["Ball Lightning","Go for the Eyes","Lockon"],"picked":"SKIP","floor":29},{"not_picked":["Redo","Sweeping Beam","Loop+1"],"picked":"SKIP","floor":29},{"not_picked":["Streamline","Echo Form"],"picked":"Gash","floor":31},{"not_picked":["BootSequence+1","Sweeping Beam","Cold Snap"],"picked":"SKIP","floor":31},{"not_picked":["Machine Learning","Echo Form"],"picked":"Electrodynamics","floor":33},{"not_picked":["Ball Lightning+1","Genetic Algorithm","Sweeping Beam+1"],"picked":"SKIP","floor":35},{"not_picked":["Auto Shields+1","Ball Lightning+1","Meteor Strike"],"picked":"SKIP","floor":35},{"not_picked":["Ball Lightning+1","Genetic Algorithm","Sweeping Beam+1"],"picked":"SKIP","floor":35},{"not_picked":["Auto Shields+1","Ball Lightning+1","Meteor Strike"],"picked":"SKIP","floor":35},{"not_picked":["Sweeping Beam","Coolheaded+1"],"picked":"Beam Cell+1","floor":37},{"not_picked":["Compile Driver","Ball Lightning+1","Stack+1"],"picked":"SKIP","floor":38},{"not_picked":["Go for the Eyes","White Noise","Doom and Gloom"],"picked":"SKIP","floor":38},{"not_picked":["Auto Shields","Rebound"],"picked":"Capacitor","floor":39},{"not_picked":["Chaos+1","Reprogram","Reboot"],"picked":"SKIP","floor":39},{"not_picked":["Sweeping Beam","Streamline+1"],"picked":"Gash+1","floor":41},{"not_picked":["Scrape+1","FTL+1","Hologram"],"picked":"SKIP","floor":44},{"not_picked":["Hologram","Turbo+1"],"picked":"Steam+1","floor":46},{"not_picked":["Sweeping Beam","Conserve Battery","Heatsinks+1"],"picked":"SKIP","floor":46},{"not_picked":["Defragment+1","Steam"],"picked":"Auto Shields+1","floor":54}],"player_experience":439440,"relics_obtained":[{"floor":7,"key":"Mango"},{"floor":9,"key":"Turnip"},{"floor":10,"key":"Incense Burner"},{"floor":23,"key":"Boot"},{"floor":25,"key":"Mercury Hourglass"},{"floor":26,"key":"Strawberry"},{"floor":37,"key":"Du-Vu Doll"},{"floor":41,"key":"Ornamental Fan"},{"floor":44,"key":"Lantern"},{"floor":54,"key":"Whetstone"}],"event_choices":[{"damage_healed":0,"gold_gain":0,"player_choice":"Forge","damage_taken":0,"max_hp_gain":0,"max_hp_loss":0,"event_name":"Accursed Blacksmith","floor":5,"gold_loss":0,"cards_upgraded":["Zap"]},{"damage_healed":0,"gold_gain":0,"player_choice":"Opened","damage_taken":0,"relics_obtained":["Prayer Wheel"],"max_hp_gain":0,"max_hp_loss":0,"event_name":"The Mausoleum","floor":19,"gold_loss":0,"cards_obtained":["Writhe"]},{"damage_healed":29,"gold_gain":0,"player_choice":"Heal","damage_taken":0,"max_hp_gain":0,"max_hp_loss":0,"event_name":"The Library","floor":24,"gold_loss":0},{"cards_removed":["Defragment"],"damage_healed":54,"gold_gain":0,"player_choice":"Offered Uncommon","damage_taken":0,"max_hp_gain":0,"max_hp_loss":0,"event_name":"Bonfire Elementals","floor":28,"gold_loss":0},{"damage_healed":0,"gold_gain":0,"player_choice":"Ignored","damage_taken":0,"max_hp_gain":0,"max_hp_loss":0,"event_name":"Mysterious Sphere","floor":36,"gold_loss":0},{"damage_healed":0,"gold_gain":0,"player_choice":"Fight","damage_taken":0,"max_hp_gain":0,"max_hp_loss":0,"event_name":"MindBloom","floor":37,"gold_loss":0}],"is_beta":false,"boss_relics":[{"not_picked":["Fusion Hammer","Eternal Feather"],"picked":"Astrolabe"},{"not_picked":["Tiny House","Cursed Key"],"picked":"Sozu"}],"items_purged_floors":[21,42,48],"is_endless":false,"potions_floor_spawned":[1,4,7,10,20,29,33,38,39,54],"killed_by":"The Heart","ascension_level":8}