{"gold_per_floor":[110,125,125,136,136,167,167,192,217,247,266,286,47,67,67,167,167,184,184,184,197,104,104,138,153,153,182,182,197,215,234,234,329,329,339,352,371,69,84,84,99,99,99,151,179,179,179,194,194,194,194,194,2,30,30],"floor_reached":55,"playtime":3295,"items_purged":[],"score":1014,"play_id":"13c59ae8-44bf-4970-94d9-3962a0d59973","local_time":"20190310212741","is_ascension_mode":true,"campfire_choices":[{"floor":7,"key":"REST"},{"data":"Armaments","floor":15,"key":"SMITH"},{"data":"Rampage","floor":23,"key":"SMITH"},{"data":"True Grit","floor":28,"key":"SMITH"},{"data":"True Grit","floor":32,"key":"SMITH"},{"floor":40,"key":"RECALL"},{"floor":42,"key":"REST"},{"floor":46,"key":"REST"},{"data":"Shockwave","floor":49,"key":"SMITH"},{"data":"Inflame","floor":52,"key":"SMITH"}],"neow_cost":"NONE","seed_source_timestamp":1981339468958621,"circlet_count":0,"master_deck":["Strike_R","Strike_R","Strike_R","Strike_R","Strike_R","Defend_R","Defend_R","Defend_R","Bash","Cleave","Perfected Strike","Spot Weakness","Shockwave+1","Armaments+1","Thunderclap","Inflame+1","True Grit+1","Shrug It Off","Offering+1","Havoc+1","Rampage+1","Shrug It Off","True Grit+1","Sword Boomerang+1","Perfected Strike+1","Sentinel+1","Dark Embrace+1","Flex","Inflame+1","Shrug It Off","Iron Wave+1","Perfected Strike+1"],"relics":["Burning Blood","PreservedInsect","Bronze Scales","Champion Belt","Frozen Egg 2","Busted Crown","Kunai","Bag of Marbles","Orichalcum","Mark of Pain","FossilizedHelix","Mango","Calipers","Pocketwatch","Vajra","Thread and Needle"],"potions_floor_usage":[6,11,16,16,31,33,44,50,54,54,55],"damage_taken":[{"damage":9,"enemies":"Jaw Worm","floor":1,"turns":5},{"damage":5,"enemies":"Small Slimes","floor":2,"turns":3},{"damage":0,"enemies":"Cultist","floor":4,"turns":2},{"damage":55,"enemies":"Lagavulin","floor":6,"turns":6},{"damage":12,"enemies":"Gremlin Nob","floor":8,"turns":3},{"damage":25,"enemies":"Lagavulin","floor":10,"turns":5},{"damage":12,"enemies":"Exordium Wildlife","floor":11,"turns":3},{"damage":22,"enemies":"Lots of Slimes","floor":12,"turns":3},{"damage":0,"enemies":"Gremlin Gang","floor":14,"turns":2},{"damage":25,"enemies":"Slime Boss","floor":16,"turns":7},{"damage":8,"enemies":"2 Thieves","floor":18,"turns":2},{"damage":9,"enemies":"Chosen","floor":21,"turns":3},{"damage":11,"enemies":"Book of Stabbing","floor":24,"turns":4},{"damage":11,"enemies":"Snake Plant","floor":25,"turns":3},{"damage":6,"enemies":"Slavers","floor":27,"turns":1},{"damage":14,"enemies":"Shelled Parasite and Fungi","floor":29,"turns":3},{"damage":0,"enemies":"Chosen and Byrds","floor":30,"turns":3},{"damage":9,"enemies":"Sentry and Sphere","floor":31,"turns":4},{"damage":40,"enemies":"Champ","floor":33,"turns":9},{"damage":32,"enemies":"3 Darklings","floor":35,"turns":4},{"damage":0,"enemies":"3 Shapes","floor":36,"turns":4},{"damage":22,"enemies":"Sphere and 2 Shapes","floor":37,"turns":4},{"damage":6,"enemies":"Maw","floor":39,"turns":5},{"damage":23,"enemies":"Spire Growth","floor":41,"turns":5},{"damage":19,"enemies":"2 Orb Walkers","floor":44,"turns":4},{"damage":6,"enemies":"Giant Head","floor":45,"turns":4},{"damage":12,"enemies":"Sphere and 2 Shapes","floor":48,"turns":5},{"damage":50,"enemies":"Donu and Deca","floor":50,"turns":10},{"damage":1,"enemies":"Shield and Spear","floor":54,"turns":4},{"damage":108,"enemies":"The Heart","floor":55,"turns":6}],"seed_played":"2418435177744590830","potions_obtained":[{"floor":4,"key":"Regen Potion"},{"floor":8,"key":"Regen Potion"},{"floor":10,"key":"Fruit Juice"},{"floor":12,"key":"SpeedPotion"},{"floor":14,"key":"Strength Potion"},{"floor":18,"key":"Weak Potion"},{"floor":25,"key":"Ancient Potion"},{"floor":27,"key":"Poison Potion"},{"floor":30,"key":"PowerPotion"},{"floor":31,"key":"Explosive Potion"},{"floor":36,"key":"FearPotion"},{"floor":41,"key":"Explosive Potion"},{"floor":44,"key":"GamblersBrew"}],"is_trial":false,"path_per_floor":["M","M","?","M","?","E","R","E","T","E","M","M","$","M","R","B",null,"M","?","?","M","$","R","E","M","T","E","R","M","M","M","R","B",null,"M","M","M","$","M","R","M","R","T","?","E","R","$","M","R","B",null,"R","$","E","B"],"character_chosen":"IRONCLAD","items_purchased":["Frozen Egg 2","Rampage","Shrug It Off","FossilizedHelix","Vajra","SteroidPotion"],"campfire_rested":3,"item_purchase_floors":[13,22,22,38,53,53],"current_hp_per_floor":[77,78,71,77,77,42,68,62,62,43,42,26,26,32,32,28,77,75,75,75,72,72,72,67,62,62,62,62,54,60,57,57,23,76,50,56,40,40,40,40,23,50,64,51,51,83,83,77,77,33,89,89,89,94,0],"gold":30,"neow_bonus":"TEN_PERCENT_HP_BONUS","is_prod":false,"is_daily":false,"chose_seed":false,"campfire_upgraded":6,"win_rate":0,"timestamp":1552267661,"path_taken":["M","M","?","M","?","E","R","E","T","E","M","M","?","M","R","BOSS","M","?","?","?","$","R","E","M","T","E","R","M","?","M","R","BOSS","M","M","M","$","M","R","M","R","T","?","E","R","$","M","R","BOSS","R","$","E","BOSS"],"build_version":"2019-01-23","purchased_purges":0,"victory":false,"max_hp_per_floor":[88,88,88,88,88,88,88,88,88,88,93,93,93,93,93,93,93,93,93,93,93,93,93,93,93,93,93,93,93,93,93,93,93,93,93,93,93,93,93,93,93,93,107,107,107,107,107,107,107,107,107,107,107,107,107],"card_choices":[{"not_picked":["Heavy Blade","Wild Strike"],"picked":"Cleave","floor":1},{"not_picked":["Seeing Red","Warcry"],"picked":"Perfected Strike","floor":2},{"not_picked":["Sever Soul","Armaments"],"picked":"Spot Weakness","floor":4},{"not_picked":["Havoc","Fire Breathing"],"picked":"Shockwave","floor":6},{"not_picked":["Heavy Blade","Juggernaut"],"picked":"Armaments","floor":8},{"not_picked":["Wild Strike","Entrench"],"picked":"Thunderclap","floor":10},{"not_picked":["Battle Trance","Sword Boomerang"],"picked":"Inflame","floor":11},{"not_picked":["Second Wind","Havoc"],"picked":"True Grit","floor":12},{"not_picked":["Bludgeon","Dual Wield"],"picked":"Shrug It Off","floor":14},{"not_picked":["Juggernaut+1","Feed"],"picked":"Offering","floor":16},{"not_picked":[],"picked":"Havoc+1","floor":18},{"not_picked":["Clothesline"],"picked":"SKIP","floor":21},{"not_picked":[],"picked":"True Grit","floor":24},{"not_picked":[],"picked":"Sword Boomerang+1","floor":25},{"not_picked":["Iron Wave"],"picked":"SKIP","floor":27},{"not_picked":[],"picked":"Perfected Strike+1","floor":29},{"not_picked":[],"picked":"Sentinel+1","floor":30},{"not_picked":["Twin Strike+1"],"picked":"SKIP","floor":31},{"not_picked":[],"picked":"Dark Embrace+1","floor":33},{"not_picked":["Searing Blow"],"picked":"SKIP","floor":35},{"not_picked":[],"picked":"Flex","floor":36},{"not_picked":[],"picked":"Inflame+1","floor":37},{"not_picked":[],"picked":"Shrug It Off","floor":39},{"not_picked":["Clothesline+1"],"picked":"SKIP","floor":41},{"not_picked":[],"picked":"Iron Wave+1","floor":44},{"not_picked":["Reckless Charge"],"picked":"SKIP","floor":45},{"not_picked":[],"picked":"Perfected Strike+1","floor":48},{"not_picked":["Feed"],"picked":"SKIP","floor":54}],"player_experience":148352,"relics_obtained":[{"floor":6,"key":"PreservedInsect"},{"floor":8,"key":"Bronze Scales"},{"floor":10,"key":"Champion Belt"},{"floor":24,"key":"Kunai"},{"floor":26,"key":"Bag of Marbles"},{"floor":27,"key":"Orichalcum"},{"floor":43,"key":"Mango"},{"floor":44,"key":"Calipers"},{"floor":45,"key":"Pocketwatch"},{"floor":54,"key":"Thread and Needle"}],"event_choices":[{"cards_removed":["Defend_R"],"damage_healed":0,"gold_gain":0,"player_choice":"Card Removal","damage_taken":7,"max_hp_gain":0,"max_hp_loss":0,"event_name":"Golden Wing","floor":3,"gold_loss":0},{"damage_healed":0,"gold_gain":0,"player_choice":"Ignored","damage_taken":0,"max_hp_gain":0,"max_hp_loss":0,"event_name":"Liars Game","floor":5,"gold_loss":0},{"damage_healed":0,"gold_gain":0,"player_choice":"Ignored","damage_taken":0,"max_hp_gain":0,"max_hp_loss":0,"event_name":"Ghosts","floor":19,"gold_loss":0},{"damage_healed":0,"gold_gain":0,"player_choice":"Upgraded","damage_taken":0,"max_hp_gain":0,"max_hp_loss":0,"event_name":"Upgrade Shrine","floor":20,"gold_loss":0,"cards_upgraded":["Offering"]},{"damage_healed":0,"gold_gain":0,"player_choice":"Fight","damage_taken":0,"max_hp_gain":0,"max_hp_loss":0,"event_name":"Mysterious Sphere","floor":44,"gold_loss":0}],"is_beta":false,"boss_relics":[{"not_picked":["Cursed Key","Eternal Feather"],"picked":"Busted Crown"},{"not_picked":["Coffee Dripper","Fusion Hammer"],"picked":"Mark of Pain"}],"items_purged_floors":[],"is_endless":false,"potions_floor_spawned":[4,8,10,12,14,18,25,27,30,31,36,41,44],"killed_by":"The Heart","ascension_level":6}