{"gold_per_floor":[215,229,254,254,254,254,308,308,308,159,169,19,49,66,66,163,163,180,180,455,472,472,472,46,46,72,133,97,147,147,157,157,258,258,268,288,97,147,77,7,71,71,119,135,145,195,207,332,332,332],"floor_reached":51,"playtime":1841,"items_purged":["Strike_B","Defend_B","Regret"],"score":801,"play_id":"b76dad19-a87d-460b-9c1f-4ed65ef6ddd1","local_time":"20181230151550","is_ascension_mode":true,"campfire_choices":[{"data":"Zap","floor":6,"key":"SMITH"},{"data":"Auto Shields","floor":8,"key":"SMITH"},{"data":"Genetic Algorithm","floor":15,"key":"SMITH"},{"data":"Echo Form","floor":23,"key":"SMITH"},{"data":"Defragment","floor":25,"key":"SMITH"},{"floor":30,"key":"REST"},{"floor":32,"key":"REST"},{"floor":42,"key":"REST"},{"floor":49,"key":"REST"}],"neow_cost":"NONE","seed_source_timestamp":396682730957657,"circlet_count":0,"master_deck":["Strike_B","Strike_B","Defend_B","Defend_B","Defend_B+1","Zap+1","Dualcast+1","Cold Snap","Auto Shields+1","Electrodynamics","Echo Form+1","Genetic Algorithm+1","Thunder Strike","Ball Lightning","Necronomicurse","Coolheaded","Defragment+1","Loop","Static Discharge","Creative AI","Coolheaded","Storm","Consume+1","Go for the Eyes+1","Mayhem","Chill+1"],"relics":["Cracked Core","DataDisk","Oddly Smooth Stone","Bottled Lightning","Bottled Tornado","Velvet Choker","Necronomicon","SsserpentHead","Happy Flower","Boot","Inserter","Runic Capacitor","War Paint","Smiling Mask","Question Card"],"potions_floor_usage":[13,33,50,50,50],"damage_taken":[{"damage":0,"enemies":"Cultist","floor":1,"turns":4},{"damage":1,"enemies":"Jaw Worm","floor":2,"turns":3},{"damage":0,"enemies":"Small Slimes","floor":11,"turns":2},{"damage":0,"enemies":"3 Sentries","floor":13,"turns":4},{"damage":0,"enemies":"Looter","floor":14,"turns":3},{"damage":19,"enemies":"The Guardian","floor":16,"turns":10},{"damage":1,"enemies":"Shell Parasite","floor":18,"turns":3},{"damage":4,"enemies":"Chosen","floor":21,"turns":3},{"damage":9,"enemies":"Snecko","floor":27,"turns":3},{"damage":21,"enemies":"Snake Plant","floor":31,"turns":4},{"damage":30,"enemies":"Automaton","floor":33,"turns":7},{"damage":13,"enemies":"3 Shapes","floor":35,"turns":2},{"damage":1,"enemies":"Orb Walker","floor":36,"turns":2},{"damage":20,"enemies":"Spire Growth","floor":41,"turns":4},{"damage":15,"enemies":"Maw","floor":44,"turns":7},{"damage":0,"enemies":"Transient","floor":45,"turns":5},{"damage":10,"enemies":"Sphere and 2 Shapes","floor":47,"turns":3},{"damage":0,"enemies":"Awakened One","floor":50,"turns":7}],"seed_played":"6754765080759350014","potions_obtained":[{"floor":14,"key":"EssenceOfSteel"},{"floor":18,"key":"FocusPotion"},{"floor":33,"key":"FocusPotion"},{"floor":36,"key":"FocusPotion"}],"is_trial":false,"path_per_floor":["M","M","T","?","?","R","T","R","T","$","M","$","E","M","R","B",null,"M","?","?","M","?","R","$","R","T","M","$","?","R","M","R","B",null,"M","M","$","?","$","?","M","R","T","M","M","?","M","T","R","B",null],"character_chosen":"DEFECT","items_purchased":["Electrodynamics","PowerPotion","Happy Flower","Defragment","FocusPotion","Loop","Runic Capacitor","Storm"],"campfire_rested":4,"item_purchase_floors":[10,12,24,24,24,28,37,39],"current_hp_per_floor":[75,74,74,67,67,67,67,67,67,67,67,67,67,67,67,48,75,74,58,58,54,54,54,54,54,54,45,45,31,55,34,58,28,80,67,66,66,66,66,66,46,68,68,53,53,53,43,43,65,65],"gold":332,"neow_bonus":"HUNDRED_GOLD","is_prod":false,"is_daily":false,"chose_seed":false,"campfire_upgraded":5,"win_rate":0,"timestamp":1546150550,"path_taken":["M","M","?","?","?","R","?","R","T","$","M","$","E","M","R","BOSS","M","?","?","?","?","R","$","R","T","?","$","?","R","M","R","BOSS","M","M","$","?","$","?","?","R","T","M","M","?","M","?","R","BOSS"],"build_version":"2018-12-20","purchased_purges":3,"victory":true,"max_hp_per_floor":[75,75,75,75,75,75,75,75,75,75,75,75,75,75,75,75,75,75,75,75,75,75,75,75,75,75,75,75,80,80,80,80,80,80,80,80,80,76,76,76,76,76,76,76,76,76,76,76,76,76],"card_choices":[{"not_picked":["Recycle","Static Discharge"],"picked":"Cold Snap","floor":1},{"not_picked":["Stack","Steam"],"picked":"Auto Shields","floor":2},{"not_picked":["Force Field","Recycle","Turbo"],"picked":"SKIP","floor":11},{"not_picked":["Hello World","Cold Snap"],"picked":"Echo Form","floor":13},{"not_picked":["Sweeping Beam","Steam"],"picked":"Genetic Algorithm","floor":14},{"not_picked":["Hyperbeam","Rainbow"],"picked":"Thunder Strike","floor":16},{"not_picked":["Force Field","Loop"],"picked":"Ball Lightning","floor":18},{"not_picked":["Aggregate+1","Conserve Battery"],"picked":"Coolheaded","floor":21},{"not_picked":["Rip and Tear","Ball Lightning","Beam Cell"],"picked":"SKIP","floor":27},{"not_picked":["Heatsinks","Fission"],"picked":"Static Discharge","floor":31},{"not_picked":["Biased Cognition","Buffer"],"picked":"Creative AI","floor":33},{"not_picked":["Streamline","Redo"],"picked":"Coolheaded","floor":35},{"not_picked":["Blizzard+1","Ball Lightning","Stack"],"picked":"SKIP","floor":36},{"not_picked":["Double Energy+1","Sweeping Beam+1"],"picked":"Consume+1","floor":41},{"not_picked":["BootSequence","Compile Driver","Reinforced Body+1"],"picked":"SKIP","floor":44},{"not_picked":["Stack+1","Ball Lightning"],"picked":"Go for the Eyes+1","floor":45},{"not_picked":["Metamorphosis","Impatience"],"picked":"Mayhem","floor":46},{"not_picked":["Beam Cell","Leap"],"picked":"Chill+1","floor":47}],"player_experience":271611,"relics_obtained":[{"floor":3,"key":"DataDisk"},{"floor":7,"key":"Oddly Smooth Stone"},{"floor":9,"key":"Bottled Lightning"},{"floor":13,"key":"Bottled Tornado"},{"floor":19,"key":"Necronomicon"},{"floor":26,"key":"Boot"},{"floor":43,"key":"Smiling Mask"},{"floor":48,"key":"Question Card"}],"event_choices":[{"cards_removed":["Strike_B"],"damage_healed":0,"gold_gain":0,"player_choice":"Card Removal","damage_taken":7,"max_hp_gain":0,"max_hp_loss":0,"event_name":"Golden Wing","floor":4,"gold_loss":0},{"damage_healed":0,"gold_gain":0,"player_choice":"Ignored","damage_taken":0,"max_hp_gain":0,"max_hp_loss":0,"event_name":"Liars Game","floor":5,"gold_loss":0},{"damage_healed":0,"gold_gain":0,"player_choice":"Obtained Book","damage_taken":16,"max_hp_gain":0,"max_hp_loss":0,"event_name":"Cursed Tome","floor":19,"gold_loss":0},{"damage_healed":0,"gold_gain":275,"player_choice":"Desecrate","damage_taken":0,"max_hp_gain":0,"max_hp_loss":0,"event_name":"Golden Shrine","floor":20,"gold_loss":0,"cards_obtained":["Regret"]},{"damage_healed":0,"gold_gain":0,"player_choice":"Trade","damage_taken":0,"relics_obtained":["SsserpentHead"],"max_hp_gain":0,"max_hp_loss":0,"event_name":"FaceTrader","floor":22,"gold_loss":0},{"damage_healed":0,"gold_gain":0,"player_choice":"Shed Blood","damage_taken":19,"max_hp_gain":5,"max_hp_loss":0,"event_name":"Forgotten Altar","floor":29,"gold_loss":0},{"damage_healed":0,"gold_gain":0,"player_choice":"Max HP","damage_taken":0,"max_hp_gain":0,"max_hp_loss":4,"event_name":"Winding Halls","floor":38,"gold_loss":0},{"damage_healed":0,"gold_gain":0,"player_choice":"Paid Gold","damage_taken":0,"relics_obtained":["War Paint"],"max_hp_gain":0,"max_hp_loss":0,"event_name":"WeMeetAgain","floor":40,"gold_loss":120},{"damage_healed":0,"gold_gain":0,"player_choice":"Memory 1","damage_taken":0,"max_hp_gain":0,"max_hp_loss":0,"event_name":"SensoryStone","floor":46,"gold_loss":0}],"is_beta":false,"boss_relics":[{"not_picked":["Astrolabe","Snecko Eye"],"picked":"Velvet Choker"},{"not_picked":["Busted Crown","Eternal Feather"],"picked":"Inserter"}],"items_purged_floors":[10,12,24],"is_endless":false,"potions_floor_spawned":[14,18,33,36],"ascension_level":1}