{"gold_per_floor":[118,131,144,163,163,163,128,128,128,153,153,167,167,178,178,253,253,271,38,57,157,169,169,169,169,169,95,106,106,117,135,135,208,208,224,243,60,76,76,103,117,151,205,219,247,260,276,291,291,291,291,291,291,45,79,79],"floor_reached":56,"playtime":4367,"items_purged":["Strike_B","Strike_B"],"score":1890,"play_id":"27002387-cdeb-4ef4-9cd9-4e9f25909c89","local_time":"20190420150911","is_ascension_mode":true,"campfire_choices":[{"data":"Defragment","floor":6.0,"key":"SMITH"},{"data":"Cold Snap","floor":8.0,"key":"SMITH"},{"data":"Genetic Algorithm","floor":11.0,"key":"SMITH"},{"data":"Conserve Battery","floor":13.0,"key":"SMITH"},{"data":"Barrage","floor":15.0,"key":"SMITH"},{"floor":23.0,"key":"REST"},{"data":"Go for the Eyes","floor":25.0,"key":"SMITH"},{"data":"Capacitor","floor":29.0,"key":"SMITH"},{"floor":32.0,"key":"REST"},{"floor":49.0,"key":"RECALL"},{"data":"Seek","floor":53.0,"key":"SMITH"}],"neow_cost":"NONE","seed_source_timestamp":107146001770059,"circlet_count":0,"master_deck":["AscendersBane","Strike_B","Defend_B","Defend_B","Defend_B","Defend_B","Zap+1","Dualcast","Cold Snap+1","Genetic Algorithm+1","Defragment+1","Coolheaded","Conserve Battery+1","Barrage+1","Electrodynamics","Go for the Eyes+1","Coolheaded","Capacitor+1","Ball Lightning","Reinforced Body+1","Self Repair","All For One","Loop","Sunder+1","Capacitor","Sweeping Beam+1","Recycle+1","Defragment","Seek+1","Defragment","Genetic Algorithm+1","Hologram"],"special_seed":0,"relics":["Cracked Core","Shuriken","Sozu","PreservedInsect","Bird Faced Urn","Bottled Tornado","Gremlin Horn","Runic Pyramid","Ginger","Letter Opener","Ancient Tea Set","Pocketwatch","DollysMirror","Bottled Lightning"],"potions_floor_usage":[],"damage_taken":[{"damage":1.0,"enemies":"Cultist","floor":1.0,"turns":3.0},{"damage":3.0,"enemies":"2 Louse","floor":2.0,"turns":3.0},{"damage":5.0,"enemies":"Small Slimes","floor":3.0,"turns":4.0},{"damage":11.0,"enemies":"3 Louse","floor":4.0,"turns":4.0},{"damage":13.0,"enemies":"Lagavulin","floor":10.0,"turns":5.0},{"damage":6.0,"enemies":"Blue Slaver","floor":12.0,"turns":4.0},{"damage":0.0,"enemies":"Exordium Wildlife","floor":14.0,"turns":2.0},{"damage":10.0,"enemies":"Hexaghost","floor":16.0,"turns":12.0},{"damage":1.0,"enemies":"2 Thieves","floor":18.0,"turns":2.0},{"damage":0.0,"enemies":"Spheric Guardian","floor":20.0,"turns":4.0},{"damage":15.0,"enemies":"Colosseum Slavers","floor":21.0,"turns":3.0},{"damage":31.0,"enemies":"Colosseum Nobs","floor":21.0,"turns":5.0},{"damage":0.0,"enemies":"Cultist and Chosen","floor":22.0,"turns":7.0},{"damage":0.0,"enemies":"Snake Plant","floor":28.0,"turns":4.0},{"damage":2.0,"enemies":"Centurion and Healer","floor":30.0,"turns":5.0},{"damage":6.0,"enemies":"Chosen and Byrds","floor":31.0,"turns":6.0},{"damage":44.0,"enemies":"Champ","floor":33.0,"turns":13.0},{"damage":6.0,"enemies":"3 Darklings","floor":35.0,"turns":3.0},{"damage":22.0,"enemies":"Orb Walker","floor":36.0,"turns":4.0},{"damage":0.0,"enemies":"Maw","floor":38.0,"turns":8.0},{"damage":7.0,"enemies":"Nemesis","floor":40.0,"turns":7.0},{"damage":26.0,"enemies":"4 Shapes","floor":41.0,"turns":3.0},{"damage":0.0,"enemies":"Reptomancer","floor":42.0,"turns":5.0},{"damage":0.0,"enemies":"3 Darklings","floor":44.0,"turns":4.0},{"damage":36.0,"enemies":"Giant Head","floor":45.0,"turns":8.0},{"damage":0.0,"enemies":"Maw","floor":46.0,"turns":6.0},{"damage":5.0,"enemies":"Spire Growth","floor":47.0,"turns":5.0},{"damage":1.0,"enemies":"3 Darklings","floor":48.0,"turns":2.0},{"damage":36.0,"enemies":"Awakened One","floor":50.0,"turns":21.0},{"damage":25.0,"enemies":"Time Eater","floor":51.0,"turns":14.0},{"damage":57.0,"enemies":"Shield and Spear","floor":55.0,"turns":8.0},{"damage":42,"enemies":"The Heart","floor":56,"turns":6}],"seed_played":"3661691852219537471","potions_obtained":[{"floor":2.0,"key":"Weak Potion"},{"floor":3.0,"key":"Ancient Potion"},{"floor":12.0,"key":"SkillPotion"},{"floor":16.0,"key":"Fire Potion"}],"is_trial":false,"path_per_floor":["M","M","M","M","?","R","?","R","T","E","R","M","R","M","R","B",null,"M","$","M","?","M","R","?","R","T","$","M","R","M","M","R","B",null,"M","M","$","M","?","E","M","E","T","M","E","M","M","M","R","B","B",null,"R","$","E","B"],"character_chosen":"DEFECT","items_purchased":["PreservedInsect","Capacitor","Capacitor","DollysMirror","Hologram"],"campfire_rested":2,"item_purchase_floors":[19,27,37,54,54],"current_hp_per_floor":[63,60,55,44,37,37,54,54,54,41,41,35,35,35,35,25,60,59,59,59,13,17,38,38,38,38,38,44,44,48,48,69,40,63,63,56,56,71,71,71,51,70,70,71,52,71,71,71,71,50,48,65,65,65,31,0],"gold":79,"neow_bonus":"UPGRADE_CARD","is_prod":false,"is_daily":false,"chose_seed":false,"campfire_upgraded":8,"win_rate":0,"timestamp":1555740551,"path_taken":["M","M","?","M","?","R","?","R","T","E","R","M","R","M","R","BOSS","M","$","M","?","M","R","?","R","T","$","M","R","M","M","R","BOSS","M","M","$","M","?","E","M","E","T","M","E","M","M","M","R","BOSS","BOSS","R","$","E","BOSS"],"build_version":"2019-01-23","purchased_purges":2,"victory":false,"max_hp_per_floor":[71,71,71,71,71,71,71,71,71,71,71,71,71,71,71,71,71,71,71,71,71,71,71,71,71,71,71,71,71,71,71,71,71,71,71,71,71,71,71,71,71,71,71,71,71,71,71,71,71,71,71,71,71,71,71,71],"card_choices":[{"not_picked":["Hello World","Double Energy"],"picked":"Cold Snap","floor":1.0},{"not_picked":["Go for the Eyes","Sweeping Beam"],"picked":"Genetic Algorithm","floor":2.0},{"not_picked":["Steam Power","Conserve Battery"],"picked":"Defragment","floor":3.0},{"not_picked":["Genetic Algorithm","Leap"],"picked":"Coolheaded","floor":4.0},{"not_picked":["Multi-Cast","Heatsinks"],"picked":"Conserve Battery","floor":10.0},{"not_picked":["Static Discharge","Conserve Battery","Heatsinks"],"picked":"SKIP","floor":12.0},{"not_picked":["Streamline","Fusion"],"picked":"Barrage","floor":14.0},{"not_picked":["Rainbow","All For One"],"picked":"Electrodynamics","floor":16.0},{"not_picked":["Gash","Recycle"],"picked":"Go for the Eyes","floor":18.0},{"not_picked":["Sunder","Cold Snap","Leap"],"picked":"SKIP","floor":20.0},{"not_picked":["Rebound","Gash"],"picked":"Coolheaded","floor":21.0},{"not_picked":["Sweeping Beam","Streamline","Compile Driver"],"picked":"SKIP","floor":22.0},{"not_picked":["Meteor Strike","Turbo"],"picked":"Ball Lightning","floor":28.0},{"not_picked":["Chill","Steam"],"picked":"Reinforced Body+1","floor":30.0},{"not_picked":["Leap","Gash"],"picked":"Self Repair","floor":31.0},{"not_picked":["Thunder Strike","Meteor Strike"],"picked":"All For One","floor":33.0},{"not_picked":["Reprogram","Cold Snap"],"picked":"Loop","floor":35.0},{"not_picked":["Cold Snap","Beam Cell"],"picked":"Sunder+1","floor":36.0},{"not_picked":["FTL","Turbo"],"picked":"Sweeping Beam+1","floor":38.0},{"not_picked":["Meteor Strike","Tempest"],"picked":"Recycle+1","floor":40.0},{"not_picked":["Leap","Gash","Compile Driver"],"picked":"SKIP","floor":41.0},{"not_picked":["Static Discharge","Leap"],"picked":"Defragment","floor":42.0},{"not_picked":["Turbo","Chaos","Melter+1"],"picked":"SKIP","floor":44.0},{"not_picked":["Barrage","Leap","Gash"],"picked":"SKIP","floor":45.0},{"not_picked":["Cold Snap","Rebound"],"picked":"Seek","floor":46.0},{"not_picked":["Streamline","Genetic Algorithm"],"picked":"Defragment","floor":47.0},{"not_picked":["Sweeping Beam+1","Gash","Rebound"],"picked":"SKIP","floor":48.0},{"not_picked":["Rebound+1","Barrage","Storm"],"picked":"SKIP","floor":55.0}],"player_experience":1004018,"relics_obtained":[{"floor":10.0,"key":"Shuriken"},{"floor":21.0,"key":"Bird Faced Urn"},{"floor":21.0,"key":"Bottled Tornado"},{"floor":26.0,"key":"Gremlin Horn"},{"floor":40.0,"key":"Ginger"},{"floor":42.0,"key":"Letter Opener"},{"floor":43.0,"key":"Ancient Tea Set"},{"floor":45.0,"key":"Pocketwatch"},{"floor":55.0,"key":"Bottled Lightning"}],"event_choices":[{"cards_removed":["Strike_B"],"damage_healed":0.0,"max_hp_gain":0.0,"max_hp_loss":0.0,"gold_gain":0.0,"event_name":"Golden Wing","player_choice":"Card Removal","floor":5.0,"gold_loss":0.0,"damage_taken":7.0},{"damage_healed":17.0,"max_hp_gain":0.0,"max_hp_loss":0.0,"gold_gain":0.0,"event_name":"The Cleric","player_choice":"Healed","floor":7.0,"gold_loss":35.0,"damage_taken":0.0},{"damage_healed":0.0,"max_hp_gain":0.0,"max_hp_loss":0.0,"gold_gain":0.0,"event_name":"Colosseum","player_choice":"Fight","floor":21.0,"gold_loss":0.0,"damage_taken":0.0},{"damage_healed":0.0,"max_hp_gain":0.0,"max_hp_loss":0.0,"gold_gain":0.0,"event_name":"Colosseum","player_choice":"Fought Nobs","floor":21.0,"gold_loss":0.0,"damage_taken":0.0},{"damage_healed":0.0,"max_hp_gain":0.0,"max_hp_loss":0.0,"gold_gain":0.0,"event_name":"Ghosts","player_choice":"Ignored","floor":24.0,"gold_loss":0.0,"damage_taken":0.0},{"damage_healed":0.0,"max_hp_gain":0.0,"max_hp_loss":0.0,"gold_gain":0.0,"event_name":"SensoryStone","player_choice":"Memory 1","floor":39.0,"gold_loss":0.0,"damage_taken":0.0}],"is_beta":false,"boss_relics":[{"not_picked":["Calling Bell","Empty Cage"],"picked":"Sozu"},{"not_picked":["Fusion Hammer","Runic Dome"],"picked":"Runic Pyramid"}],"items_purged_floors":[19,37],"is_endless":false,"potions_floor_spawned":[2,3,12,16,18,21,22,30,33,36,40,42,46,47],"killed_by":"The Heart","ascension_level":20}