{"gold_per_floor":[119,135,285,44,56,84,84,103,103,103,118,118,18,18,18,18],"floor_reached":16,"playtime":350,"items_purged":["Doubt","Strike_G"],"score":200,"play_id":"957ec4c8-8254-46fc-9da5-4b3a482b7b5b","local_time":"20190422130604","is_ascension_mode":true,"campfire_choices":[{"data":"Neutralize","floor":7,"key":"SMITH"},{"floor":10,"key":"REST"},{"floor":15,"key":"REST"}],"neow_cost":"NONE","seed_source_timestamp":139585730998499,"circlet_count":0,"master_deck":["AscendersBane","Defend_G","Defend_G+1","Defend_G","Defend_G","Defend_G","Strike_G","Strike_G","Strike_G","Survivor","Neutralize+1","Blade Dance+1","PiercingWail","Quick Slash","Deflect","Venomology","Calculated Gamble"],"relics":["Ring of the Snake","NeowsBlessing","War Paint","Omamori","Bottled Lightning"],"potions_floor_usage":[6,6],"damage_taken":[{"damage":0,"enemies":"Small Slimes","floor":1,"turns":1},{"damage":0,"enemies":"2 Louse","floor":2,"turns":1},{"damage":0,"enemies":"Cultist","floor":5,"turns":1},{"damage":63,"enemies":"Gremlin Nob","floor":6,"turns":7},{"damage":9,"enemies":"Exordium Thugs","floor":8,"turns":8},{"damage":8,"enemies":"3 Louse","floor":11,"turns":6},{"damage":0,"enemies":"Hexaghost","floor":16,"turns":1}],"seed_played":"3434342662387189947","potions_obtained":[{"floor":1,"key":"GhostInAJar"},{"floor":5,"key":"Regen Potion"},{"floor":8,"key":"GamblersBrew"},{"floor":11,"key":"Explosive Potion"}],"is_trial":false,"path_per_floor":["M","M","?","$","M","E","R","M","T","R","M","?","$","?","R","B"],"character_chosen":"THE_SILENT","items_purchased":["War Paint"],"campfire_rested":2,"item_purchase_floors":[4],"current_hp_per_floor":[59,59,59,59,59,10,10,1,1,20,12,5,5,5,24,24],"gold":18,"neow_bonus":"THREE_ENEMY_KILL","is_prod":false,"is_daily":false,"chose_seed":false,"campfire_upgraded":1,"win_rate":0,"timestamp":1555931164,"path_taken":["M","M","?","$","M","E","R","M","T","R","M","?","$","?","R","BOSS"],"build_version":"2019-01-23","purchased_purges":2,"victory":false,"max_hp_per_floor":[66,66,66,66,66,66,66,66,66,66,66,66,66,66,66,66],"card_choices":[{"not_picked":["Caltrops","Concentrate"],"picked":"Blade Dance","floor":1},{"not_picked":["Sucker Punch","Dodge and Roll"],"picked":"PiercingWail","floor":2},{"not_picked":["Tactician","Dagger Spray"],"picked":"Quick Slash","floor":5},{"not_picked":["Masterful Stab","Concentrate"],"picked":"Deflect","floor":6},{"not_picked":["Blur","Bane"],"picked":"Venomology","floor":8},{"not_picked":["PiercingWail","Underhanded Strike"],"picked":"Calculated Gamble","floor":11}],"player_experience":588573,"relics_obtained":[{"floor":6,"key":"Omamori"},{"floor":9,"key":"Bottled Lightning"}],"event_choices":[{"damage_healed":0,"gold_gain":150,"player_choice":"AGREE","damage_taken":0,"max_hp_gain":0,"max_hp_loss":0,"event_name":"Liars Game","floor":3,"gold_loss":0,"cards_obtained":["Doubt"]},{"cards_removed":["Strike_G"],"damage_healed":0,"gold_gain":0,"player_choice":"Card Removal","damage_taken":7,"max_hp_gain":0,"max_hp_loss":0,"event_name":"Golden Wing","floor":12,"gold_loss":0},{"damage_healed":0,"gold_gain":0,"player_choice":"Ignored","damage_taken":0,"max_hp_gain":0,"max_hp_loss":0,"event_name":"Shining Light","floor":14,"gold_loss":0}],"is_beta":false,"boss_relics":[],"items_purged_floors":[4,13],"is_endless":false,"potions_floor_spawned":[1,5,8,11],"killed_by":"Hexaghost","ascension_level":20}