{"gold_per_floor":[109,120,85,97,123,123,157,169,181,193,222,234,280,307,319,331],"floor_reached":16,"playtime":510,"items_purged":[],"score":220,"play_id":"dafeee0c-bd2d-4edf-a2c6-34df86834b6d","local_time":"20190225120640","is_ascension_mode":true,"campfire_choices":[{"data":"Sunder","floor":6,"key":"SMITH"},{"data":"Zap","floor":8,"key":"SMITH"},{"data":"Redo","floor":10,"key":"SMITH"},{"data":"Go for the Eyes","floor":12,"key":"SMITH"},{"data":"Auto Shields","floor":15,"key":"SMITH"}],"neow_cost":"NONE","seed_source_timestamp":2859872056112930,"circlet_count":0,"master_deck":["AscendersBane","Strike_B","Strike_B","Strike_B","Defend_B","Defend_B","Defend_B","Defend_B","Zap+1","Dualcast","Redo+1","Sunder+1","Auto Shields+1","Hologram","Go for the Eyes+1","Barrage+1"],"relics":["Cracked Core","Orichalcum","MawBank","The Courier","Molten Egg 2"],"potions_floor_usage":[],"damage_taken":[{"damage":7,"enemies":"Small Slimes","floor":1,"turns":3},{"damage":7,"enemies":"Jaw Worm","floor":2,"turns":3},{"damage":0,"enemies":"Cultist","floor":4,"turns":3},{"damage":20,"enemies":"3 Sentries","floor":7,"turns":9},{"damage":1,"enemies":"Looter","floor":11,"turns":2},{"damage":20,"enemies":"Gremlin Nob","floor":13,"turns":4},{"damage":1,"enemies":"Large Slime","floor":14,"turns":3},{"damage":27,"enemies":"Hexaghost","floor":16,"turns":9}],"seed_played":"-7366325293333277335","potions_obtained":[{"floor":2,"key":"SteroidPotion"},{"floor":4,"key":"Poison Potion"},{"floor":7,"key":"Ancient Potion"}],"is_trial":false,"path_per_floor":["M","M","?","M","T","R","E","R","T","R","M","R","E","M","R","B"],"character_chosen":"DEFECT","items_purchased":[],"campfire_rested":0,"item_purchase_floors":[],"current_hp_per_floor":[57,50,67,67,67,67,47,47,47,47,46,46,26,25,25,0],"gold":331,"neow_bonus":"TRANSFORM_CARD","is_prod":false,"is_daily":false,"chose_seed":false,"campfire_upgraded":5,"win_rate":0,"timestamp":1551064000,"path_taken":["M","M","?","M","?","R","E","R","T","R","M","R","E","M","R","BOSS"],"build_version":"2019-01-23","purchased_purges":0,"victory":false,"max_hp_per_floor":[71,71,71,71,71,71,71,71,71,71,71,71,71,71,71,71],"card_choices":[{"not_picked":["Ball Lightning","Defragment"],"picked":"Sunder","floor":1},{"not_picked":["Barrage","Coolheaded"],"picked":"Auto Shields","floor":2},{"not_picked":["Turbo","Stack"],"picked":"Hologram","floor":4},{"not_picked":["Consume","Rebound","Redo"],"picked":"SKIP","floor":7},{"not_picked":["Sweeping Beam","Turbo"],"picked":"Go for the Eyes","floor":11},{"not_picked":["Sweeping Beam","Reboot"],"picked":"Barrage","floor":13},{"not_picked":["Leap","Rebound+1","Barrage+1"],"picked":"SKIP","floor":14}],"player_experience":584850,"relics_obtained":[{"floor":5,"key":"Orichalcum"},{"floor":7,"key":"MawBank"},{"floor":9,"key":"The Courier"},{"floor":13,"key":"Molten Egg 2"}],"event_choices":[{"damage_healed":17,"gold_gain":0,"player_choice":"Healed","damage_taken":0,"max_hp_gain":0,"max_hp_loss":0,"event_name":"The Cleric","floor":3,"gold_loss":35}],"is_beta":false,"boss_relics":[],"items_purged_floors":[],"is_endless":false,"potions_floor_spawned":[2,4,7,11],"killed_by":"Hexaghost","ascension_level":20}