{"gold_per_floor":[14,14,28,39,53,88,100,100,153,9,9,9,64,80,80,183,183,197,207,41,41,41,41,61,61,61,61,76,76,96,11,11,108,108,128,144,144,244,259,259,269,269,296,43,43,0,0,0,0,0],"floor_reached":51,"playtime":2493,"items_purged":["Strike_B","Strike_B"],"score":645,"play_id":"35b15211-bc7b-4719-b0e5-87e806f19280","local_time":"20190405230206","is_ascension_mode":false,"campfire_choices":[{"data":"Dualcast","floor":8,"key":"SMITH"},{"data":"Zap","floor":12,"key":"SMITH"},{"data":"Loop","floor":15,"key":"SMITH"},{"data":"Barrage","floor":23,"key":"SMITH"},{"data":"Electrodynamics","floor":25,"key":"SMITH"},{"data":"Capacitor","floor":27,"key":"SMITH"},{"data":"Go for the Eyes","floor":29,"key":"SMITH"},{"floor":32,"key":"REST"},{"data":"Buffer","floor":40,"key":"SMITH"},{"floor":42,"key":"REST"},{"data":"Loop","floor":45,"key":"SMITH"},{"data":"Biased Cognition","floor":47,"key":"SMITH"},{"floor":49,"key":"REST"}],"neow_cost":"NO_GOLD","seed_source_timestamp":1860343734619,"circlet_count":0,"master_deck":["Strike_B","Defend_B","Defend_B","Defend_B","Zap+1","Dualcast+1","All For One","Loop+1","Coolheaded","Capacitor+1","Leap","Electrodynamics+1","Barrage+1","Auto Shields","Cold Snap","Double Energy+1","Biased Cognition+1","Master of Strategy","Go for the Eyes+1","Buffer+1","Loop+1","Coolheaded+1","Redo+1","Defragment+1","Glacier","FTL"],"relics":["Cracked Core","Happy Flower","Singing Bowl","Letter Opener","Runic Dome","Darkstone Periapt","Vajra","Lizard Tail","Orichalcum","Red Mask"],"potions_floor_usage":[6,16,33,38,38,50,50],"damage_taken":[{"damage":4,"enemies":"2 Louse","floor":1,"turns":2},{"damage":0,"enemies":"Cultist","floor":3,"turns":4},{"damage":3,"enemies":"Small Slimes","floor":4,"turns":3},{"damage":11,"enemies":"3 Louse","floor":5,"turns":4},{"damage":20,"enemies":"Gremlin Nob","floor":6,"turns":4},{"damage":10,"enemies":"Large Slime","floor":7,"turns":5},{"damage":5,"enemies":"Gremlin Nob","floor":13,"turns":4},{"damage":0,"enemies":"Looter","floor":14,"turns":3},{"damage":4,"enemies":"The Guardian","floor":16,"turns":11},{"damage":8,"enemies":"3 Byrds","floor":18,"turns":3},{"damage":10,"enemies":"Shell Parasite","floor":19,"turns":6},{"damage":3,"enemies":"Chosen and Byrds","floor":24,"turns":4},{"damage":4,"enemies":"Centurion and Healer","floor":28,"turns":4},{"damage":10,"enemies":"Snake Plant","floor":30,"turns":3},{"damage":26,"enemies":"Champ","floor":33,"turns":9},{"damage":0,"enemies":"3 Shapes","floor":35,"turns":4},{"damage":18,"enemies":"3 Darklings","floor":36,"turns":2},{"damage":4,"enemies":"Mind Bloom Boss Battle","floor":38,"turns":5},{"damage":1,"enemies":"Spire Growth","floor":39,"turns":4},{"damage":28,"enemies":"Jaw Worm Horde","floor":41,"turns":3},{"damage":48,"enemies":"Awakened One","floor":50,"turns":16}],"seed_played":"770825849182213947","potions_obtained":[{"floor":1,"key":"PowerPotion"},{"floor":3,"key":"Swift Potion"},{"floor":5,"key":"Ancient Potion"},{"floor":19,"key":"SpeedPotion"},{"floor":33,"key":"Fruit Juice"},{"floor":36,"key":"AttackPotion"},{"floor":39,"key":"FearPotion"}],"is_trial":false,"path_per_floor":["M","?","M","M","M","E","M","R","T","$","T","R","?","M","R","B",null,"M","M","$","?","?","R","M","R","T","R","M","R","M","?","R","B",null,"M","M","?","?","M","R","M","R","T","$","R","?","R","$","R","B",null],"character_chosen":"DEFECT","items_purchased":["Auto Shields","Master of Strategy","Glacier","FTL"],"campfire_rested":3,"item_purchase_floors":[10,20,44,44],"current_hp_per_floor":[71,71,71,68,57,37,27,27,27,27,27,27,24,24,24,22,79,71,61,61,61,61,61,60,60,60,60,56,56,48,48,72,51,88,88,70,70,66,65,65,39,64,64,64,64,64,64,64,86,38],"gold":0,"neow_bonus":"THREE_RARE_CARDS","is_prod":false,"is_daily":false,"chose_seed":false,"campfire_upgraded":10,"win_rate":0,"timestamp":1554498126,"path_taken":["M","?","M","M","?","E","M","R","T","$","?","R","?","M","R","BOSS","M","M","$","?","?","R","M","R","T","R","M","R","M","?","R","BOSS","M","M","?","?","M","R","?","R","T","$","R","?","R","?","R","BOSS"],"build_version":"2019-01-23","purchased_purges":2,"victory":true,"max_hp_per_floor":[75,75,75,75,75,75,75,75,75,75,75,75,77,77,77,79,79,79,79,79,79,79,79,81,81,81,81,81,81,83,83,83,88,88,88,88,84,84,84,84,86,86,86,86,86,86,86,86,86,86],"card_choices":[{"not_picked":["Creative AI","Rainbow"],"picked":"All For One","floor":0},{"not_picked":["Streamline","Leap"],"picked":"Loop","floor":1},{"not_picked":["Steam","Redo"],"picked":"Coolheaded","floor":3},{"not_picked":["Gash","Sweeping Beam"],"picked":"Capacitor","floor":4},{"not_picked":["Compile Driver","Redo"],"picked":"Leap","floor":5},{"not_picked":["Fusion","Skim"],"picked":"Electrodynamics","floor":6},{"not_picked":["Steam","Rip and Tear"],"picked":"Barrage","floor":7},{"not_picked":["Ball Lightning","Stack","Gash"],"picked":"Singing Bowl","floor":13},{"not_picked":["Ball Lightning","Gash"],"picked":"Cold Snap","floor":14},{"not_picked":["Rainbow","Amplify","Echo Form"],"picked":"Singing Bowl","floor":16},{"not_picked":["Go for the Eyes","Steam+1"],"picked":"Double Energy+1","floor":18},{"not_picked":["Rebound","Barrage"],"picked":"Biased Cognition","floor":19},{"not_picked":["Cold Snap","Redo","Compile Driver"],"picked":"Singing Bowl","floor":24},{"not_picked":["Skim","Compile Driver"],"picked":"Go for the Eyes","floor":28},{"not_picked":["Redo","Storm+1","Sweeping Beam"],"picked":"Singing Bowl","floor":30},{"not_picked":["Echo Form","Seek"],"picked":"Buffer","floor":33},{"not_picked":["Compile Driver+1","Leap"],"picked":"Loop","floor":35},{"not_picked":["Conserve Battery+1","Cold Snap+1"],"picked":"Coolheaded+1","floor":36},{"not_picked":["Undo","Compile Driver"],"picked":"Redo+1","floor":38},{"not_picked":["Consume","Coolheaded"],"picked":"Defragment+1","floor":39},{"not_picked":["Storm+1","Static Discharge+1","Aggregate"],"picked":"Singing Bowl","floor":41}],"player_experience":425414,"relics_obtained":[{"floor":6,"key":"Happy Flower"},{"floor":11,"key":"Singing Bowl"},{"floor":13,"key":"Letter Opener"},{"floor":26,"key":"Darkstone Periapt"},{"floor":43,"key":"Orichalcum"}],"event_choices":[{"cards_removed":["Strike_B"],"damage_healed":0,"gold_gain":0,"player_choice":"Card Removal","damage_taken":0,"max_hp_gain":0,"max_hp_loss":0,"event_name":"Wheel of Change","floor":2,"gold_loss":0},{"damage_healed":0,"gold_gain":0,"player_choice":"Searched \u00271\u0027 times","damage_taken":0,"max_hp_gain":0,"max_hp_loss":0,"event_name":"Dead Adventurer","floor":13,"gold_loss":0},{"damage_healed":0,"gold_gain":0,"player_choice":"Ignored","damage_taken":0,"max_hp_gain":0,"max_hp_loss":0,"event_name":"Beggar","floor":21,"gold_loss":0},{"cards_removed":["Defend_B"],"damage_healed":0,"gold_gain":0,"player_choice":"Elegance","damage_taken":0,"max_hp_gain":0,"max_hp_loss":0,"event_name":"Back to Basics","floor":22,"gold_loss":0},{"damage_healed":0,"gold_gain":0,"player_choice":"Obtained Relic","damage_taken":0,"relics_obtained":["Vajra"],"max_hp_gain":0,"max_hp_loss":0,"event_name":"Addict","floor":31,"gold_loss":85},{"damage_healed":0,"gold_gain":0,"player_choice":"Max HP","damage_taken":0,"max_hp_gain":0,"max_hp_loss":4,"event_name":"Winding Halls","floor":37,"gold_loss":0},{"damage_healed":0,"gold_gain":0,"player_choice":"Fight","damage_taken":0,"max_hp_gain":0,"max_hp_loss":0,"event_name":"MindBloom","floor":38,"gold_loss":0},{"damage_healed":0,"gold_gain":0,"player_choice":"Paid","damage_taken":0,"relics_obtained":["Red Mask"],"max_hp_gain":0,"max_hp_loss":0,"event_name":"Tomb of Lord Red Mask","floor":46,"gold_loss":43}],"is_beta":false,"boss_relics":[{"not_picked":["Pandora\u0027s Box","White Beast Statue"],"picked":"Runic Dome"},{"not_picked":["Empty Cage","Busted Crown"],"picked":"Lizard Tail"}],"items_purged_floors":[10,44],"is_endless":false,"potions_floor_spawned":[1,3,5,19,33,36,39],"ascension_level":0}