{"gold_per_floor":[113,65,65,83,93,93,127,12,65,65,11,11,21,21],"floor_reached":14,"playtime":548,"items_purged":[],"score":176,"play_id":"560602f5-94f5-43eb-a53a-521f1821f642","local_time":"20190308180151","is_ascension_mode":true,"campfire_choices":[{"data":"Poisoned Stab","floor":6,"key":"SMITH"},{"floor":10,"key":"REST"}],"neow_cost":"NONE","seed_source_timestamp":133869569075983,"circlet_count":0,"master_deck":["AscendersBane","Defend_G","Defend_G","Defend_G","Defend_G","Defend_G","Strike_G","Strike_G","Strike_G","Strike_G","Strike_G","Survivor","Neutralize+1","Backflip","Poisoned Stab+1","Cloak And Dagger","Glass Knife","Finesse","Flying Knee","Dagger Spray"],"relics":["Ring of the Snake","Art of War","Anchor","Omamori"],"potions_floor_usage":[7],"damage_taken":[{"damage":2,"enemies":"Small Slimes","floor":1,"turns":4},{"damage":1,"enemies":"Jaw Worm","floor":4,"turns":6},{"damage":3,"enemies":"2 Louse","floor":5,"turns":3},{"damage":51,"enemies":"Lagavulin","floor":7,"turns":10},{"damage":3,"enemies":"Exordium Thugs","floor":13,"turns":4},{"damage":25,"enemies":"Gremlin Gang","floor":14,"turns":3}],"seed_played":"360039645605086651","potions_obtained":[{"floor":4,"key":"Dexterity Potion"},{"floor":7,"key":"Ancient Potion"}],"is_trial":false,"path_per_floor":["M","?","?","M","M","R","E","$","T","R","$","?","M","M"],"character_chosen":"THE_SILENT","items_purchased":["Finesse","Flying Knee","Strength Potion"],"campfire_rested":1,"item_purchase_floors":[8,8,11],"current_hp_per_floor":[57,57,57,56,53,53,2,2,2,21,21,21,18,0],"gold":21,"neow_bonus":"RANDOM_COMMON_RELIC","is_prod":false,"is_daily":false,"chose_seed":false,"campfire_upgraded":1,"win_rate":0,"timestamp":1552035711,"path_taken":["M","?","?","M","M","R","E","?","T","R","$","?","?","?"],"build_version":"2019-01-23","purchased_purges":0,"victory":false,"max_hp_per_floor":[66,66,66,66,66,66,66,66,66,66,66,66,66,66],"card_choices":[{"not_picked":["Deflect","Slice"],"picked":"Backflip","floor":1},{"not_picked":["Terror","Quick Slash"],"picked":"Poisoned Stab","floor":4},{"not_picked":["Quick Slash","Bane"],"picked":"Cloak And Dagger","floor":5},{"not_picked":["Riddle With Holes","Bouncing Flask"],"picked":"Glass Knife","floor":7},{"not_picked":["Slice","Deadly Poison"],"picked":"Dagger Spray","floor":13}],"player_experience":650374,"relics_obtained":[{"floor":7,"key":"Anchor"},{"floor":9,"key":"Omamori"}],"event_choices":[{"damage_healed":0,"gold_gain":0,"player_choice":"Left Gold","damage_taken":0,"max_hp_gain":0,"max_hp_loss":0,"event_name":"World of Goop","floor":2,"gold_loss":48},{"damage_healed":0,"gold_gain":0,"player_choice":"Ignored","damage_taken":0,"max_hp_gain":0,"max_hp_loss":0,"event_name":"Liars Game","floor":3,"gold_loss":0},{"damage_healed":0,"gold_gain":0,"player_choice":"Upgraded","damage_taken":0,"max_hp_gain":0,"max_hp_loss":0,"event_name":"Upgrade Shrine","floor":12,"gold_loss":0,"cards_upgraded":["Neutralize"]}],"is_beta":false,"boss_relics":[],"items_purged_floors":[],"is_endless":false,"potions_floor_spawned":[4,7],"killed_by":"Gremlin Gang","ascension_level":20}