{"gold_per_floor":[209,225,225,238,258,258,273,273,273,286,5,39,54,81,81,178,178,194,211,114,132,132,132,143,173,220,220],"floor_reached":27,"playtime":1878,"items_purged":["Strike_B"],"score":338,"play_id":"3b5f8c0a-de32-46ed-bd84-9af6d3d9f552","local_time":"20181202133128","is_ascension_mode":true,"campfire_choices":[{"data":"Consume","floor":6,"key":"SMITH"},{"data":"Zap","floor":8,"key":"SMITH"},{"data":"Defragment","floor":15,"key":"SMITH"},{"data":"Loop","floor":23,"key":"SMITH"}],"neow_cost":"NONE","seed_source_timestamp":1536076804882703,"circlet_count":0,"master_deck":["Defend_B","Defend_B","Defend_B+1","Defend_B","Zap+1","Dualcast","Self Repair","Ball Lightning","BootSequence","Consume+1","Conserve Battery","Chill","Loop+1","Defragment+1","Leap","Seek","Creative AI","Melter","Genetic Algorithm+1","Coolheaded","Compile Driver+1","Bite","Bite","Bite","Bite","Bite","Steam","Normality"],"relics":["Cracked Core","ClockworkSouvenir","Unceasing Top","Cursed Key","Boot","Smiling Mask"],"potions_floor_usage":[10,16,19,25,25],"damage_taken":[{"damage":0,"enemies":"2 Louse","floor":1,"turns":2},{"damage":7,"enemies":"Jaw Worm","floor":2,"turns":3},{"damage":3,"enemies":"Small Slimes","floor":4,"turns":3},{"damage":1,"enemies":"Looter","floor":5,"turns":3},{"damage":0,"enemies":"Blue Slaver","floor":7,"turns":3},{"damage":0,"enemies":"Large Slime","floor":10,"turns":4},{"damage":0,"enemies":"3 Sentries","floor":12,"turns":7},{"damage":8,"enemies":"Exordium Wildlife","floor":13,"turns":3},{"damage":34,"enemies":"Gremlin Nob","floor":14,"turns":4},{"damage":28,"enemies":"Slime Boss","floor":16,"turns":5},{"damage":0,"enemies":"Chosen","floor":18,"turns":4},{"damage":7,"enemies":"3 Byrds","floor":19,"turns":3},{"damage":4,"enemies":"Centurion and Healer","floor":21,"turns":8},{"damage":3,"enemies":"Cultist and Chosen","floor":24,"turns":6},{"damage":72,"enemies":"Book of Stabbing","floor":25,"turns":7},{"damage":26,"enemies":"Slavers","floor":27,"turns":4}],"seed_played":"8685130483880085510","potions_obtained":[{"floor":1,"key":"Fire Potion"},{"floor":4,"key":"Explosive Potion"},{"floor":5,"key":"Swift Potion"},{"floor":10,"key":"FearPotion"},{"floor":12,"key":"LiquidBronze"},{"floor":18,"key":"Dexterity Potion"},{"floor":21,"key":"SpeedPotion"}],"is_trial":false,"path_per_floor":["M","M","?","M","M","R","M","R","T","M","$","E","M","E","R","B",null,"M","M","$","M","?","R","M","E","T","E"],"character_chosen":"DEFECT","items_purchased":["ClockworkSouvenir","Loop","Coolheaded"],"campfire_rested":0,"item_purchase_floors":[11,11,20],"current_hp_per_floor":[75,75,60,64,70,70,75,75,75,75,75,75,74,41,41,15,75,75,75,75,75,75,75,75,18,18,0],"gold":220,"neow_bonus":"HUNDRED_GOLD","is_prod":false,"is_daily":false,"chose_seed":false,"campfire_upgraded":4,"win_rate":0,"timestamp":1543775488,"path_taken":["M","M","?","M","M","R","M","R","T","M","$","E","M","E","R","BOSS","M","M","$","M","?","R","M","E","T","E"],"build_version":"2018-11-15","purchased_purges":1,"victory":false,"max_hp_per_floor":[75,75,75,75,75,75,75,75,75,75,75,75,75,75,75,75,75,75,75,75,75,75,75,75,75,75,75],"card_choices":[{"not_picked":["Steam Power","Compile Driver"],"picked":"Self Repair","floor":1},{"not_picked":["Chaos","Force Field"],"picked":"Ball Lightning","floor":2},{"not_picked":["Beam Cell","Steam"],"picked":"BootSequence","floor":4},{"not_picked":["Rebound","Meteor Strike"],"picked":"Consume","floor":5},{"not_picked":["Compile Driver","Turbo"],"picked":"Conserve Battery","floor":7},{"not_picked":["Streamline","Ball Lightning"],"picked":"Chill","floor":10},{"not_picked":["Lockon","Coolheaded"],"picked":"Defragment","floor":12},{"not_picked":["Sweeping Beam","Stack"],"picked":"Leap","floor":13},{"not_picked":["Ball Lightning","Steam Power"],"picked":"Seek","floor":14},{"not_picked":["Amplify","Meteor Strike"],"picked":"Creative AI","floor":16},{"not_picked":["Aggregate+1","Steam"],"picked":"Melter","floor":18},{"not_picked":["Sweeping Beam+1","Compile Driver+1"],"picked":"Genetic Algorithm+1","floor":19},{"not_picked":["Gash+1","Beam Cell"],"picked":"Compile Driver+1","floor":21},{"not_picked":["Blizzard","Redo","Melter"],"picked":"SKIP","floor":24},{"not_picked":["Heatsinks","Buffer"],"picked":"Steam","floor":25}],"player_experience":89824,"relics_obtained":[{"floor":12,"key":"Blood Vial"},{"floor":14,"key":"Unceasing Top"},{"floor":25,"key":"Boot"},{"floor":26,"key":"Smiling Mask"}],"event_choices":[{"damage_healed":0,"gold_gain":0,"player_choice":"Entered Light","damage_taken":15,"max_hp_gain":0,"max_hp_loss":0,"event_name":"Shining Light","floor":3,"gold_loss":0,"cards_upgraded":["Defend_B","Strike_B"]},{"damage_healed":0,"gold_gain":0,"player_choice":"Became a vampire (Vial)","damage_taken":0,"max_hp_gain":0,"max_hp_loss":0,"event_name":"Vampires","floor":22,"relics_lost":["Blood Vial"],"gold_loss":0,"cards_obtained":["Bite","Bite","Bite","Bite","Bite"]}],"is_beta":false,"boss_relics":[{"not_picked":["Ectoplasm","Eternal Feather"],"picked":"Cursed Key"}],"items_purged_floors":[20],"is_endless":false,"potions_floor_spawned":[1,4,5,10,12,14,18,21],"killed_by":"Slavers","ascension_level":3}