{"gold_per_floor":[113,125,125,125,125,164,164,164,214,255,255,180,196,210,210,303,303,316,241,254,277,136,136],"floor_reached":23,"playtime":559,"items_purged":["Injury","Strike_B"],"score":403,"play_id":"72e75dba-ca3c-432e-a16b-b0e67dd69c65","local_time":"20190312182559","is_ascension_mode":true,"campfire_choices":[{"data":"Gash","floor":8.0,"key":"SMITH"},{"data":"Genetic Algorithm","floor":11.0,"key":"SMITH"},{"floor":15.0,"key":"REST"}],"neow_cost":"NONE","seed_source_timestamp":84719888742600,"circlet_count":0,"master_deck":["AscendersBane","Strike_B","Strike_B","Strike_B","Defend_B","Defend_B+1","Defend_B+1","Defend_B+1","Zap+1","Dualcast","Rebound","Gash+1","Loop","Genetic Algorithm+1","Gash","Machine Learning","Scrape","Coolheaded+1","Gash","White Noise"],"special_seed":0,"relics":["Cracked Core","NeowsBlessing","Question Card","Golden Idol","Bottled Flame","Pen Nib","War Paint","Cursed Key"],"potions_floor_usage":[16,18,23],"damage_taken":[{"damage":0.0,"enemies":"Cultist","floor":1.0,"turns":1.0},{"damage":0.0,"enemies":"2 Louse","floor":2.0,"turns":1.0},{"damage":0.0,"enemies":"3 Sentries","floor":6.0,"turns":1.0},{"damage":36.0,"enemies":"Gremlin Nob","floor":10.0,"turns":4.0},{"damage":4.0,"enemies":"Jaw Worm","floor":13.0,"turns":2.0},{"damage":0.0,"enemies":"2 Fungi Beasts","floor":14.0,"turns":2.0},{"damage":33,"enemies":"Hexaghost","floor":16,"turns":9},{"damage":16,"enemies":"2 Thieves","floor":18,"turns":4},{"damage":15,"enemies":"3 Byrds","floor":20,"turns":5},{"damage":12,"enemies":"Centurion and Healer","floor":21,"turns":7},{"damage":10,"enemies":"Book of Stabbing","floor":23,"turns":3}],"seed_played":"276287092149740828","potions_obtained":[{"floor":2.0,"key":"FocusPotion"},{"floor":10.0,"key":"Swift Potion"},{"floor":13.0,"key":"PowerPotion"},{"floor":16,"key":"FocusPotion"}],"is_trial":false,"path_per_floor":["M","M","T","?","?","E","?","R","T","E","R","?","M","M","R","B",null,"M","$","M","M","$","E"],"character_chosen":"DEFECT","items_purchased":["White Noise"],"campfire_rested":1,"item_purchase_floors":[22],"current_hp_per_floor":[64,64,64,43,43,43,60,60,60,24,24,24,20,20,40,7,53,37,37,22,10,10,0],"gold":136,"neow_bonus":"THREE_ENEMY_KILL","is_prod":false,"is_daily":false,"chose_seed":false,"campfire_upgraded":2,"win_rate":0,"timestamp":1552411559,"path_taken":["M","M","?","?","?","E","?","R","T","E","R","?","M","?","R","BOSS","M","$","?","M","$","E"],"build_version":"2019-01-23","purchased_purges":2,"victory":false,"max_hp_per_floor":[71,71,71,71,71,71,71,71,71,71,71,68,68,68,68,68,68,68,68,68,68,68,68],"card_choices":[{"not_picked":["Steam","Static Discharge"],"picked":"Rebound","floor":1.0},{"not_picked":["White Noise","Hologram"],"picked":"Gash","floor":2.0},{"not_picked":["Force Field","Compile Driver","Redo"],"picked":"Loop","floor":6.0},{"not_picked":["Creative AI","Barrage","Undo"],"picked":"Genetic Algorithm","floor":10.0},{"not_picked":["Steam","Compile Driver","Rip and Tear","Cold Snap"],"picked":"SKIP","floor":13.0},{"not_picked":["Stack","Redo","Beam Cell"],"picked":"Gash","floor":14.0},{"not_picked":["Multi-Cast","Creative AI","Buffer"],"picked":"Machine Learning","floor":16},{"not_picked":["Chaos","Turbo+1","Auto Shields"],"picked":"Scrape","floor":18},{"not_picked":["Streamline+1","Rebound","Reinforced Body"],"picked":"Coolheaded+1","floor":20},{"not_picked":["Go for the Eyes","Auto Shields","Ball Lightning"],"picked":"Gash","floor":21}],"player_experience":473119,"relics_obtained":[{"floor":3.0,"key":"Question Card"},{"floor":6.0,"key":"Bottled Flame"},{"floor":9.0,"key":"Pen Nib"},{"floor":10.0,"key":"War Paint"}],"event_choices":[{"damage_healed":0.0,"max_hp_gain":0.0,"max_hp_loss":0.0,"gold_gain":0.0,"event_name":"Shining Light","player_choice":"Entered Light","floor":4.0,"gold_loss":0.0,"damage_taken":21.0,"cards_upgraded":["Zap","Defend_B"]},{"damage_healed":0.0,"max_hp_gain":0.0,"max_hp_loss":0.0,"gold_gain":0.0,"event_name":"Golden Idol","player_choice":"Take Wound","floor":5.0,"gold_loss":0.0,"damage_taken":0.0,"relics_obtained":["Golden Idol"],"cards_obtained":["Injury"]},{"damage_healed":17.0,"max_hp_gain":0.0,"max_hp_loss":0.0,"gold_gain":0.0,"event_name":"Mushrooms","player_choice":"Healed and dodged fight","floor":7.0,"gold_loss":0.0,"damage_taken":0.0,"cards_obtained":["Parasite"]},{"cards_removed":["Parasite"],"damage_healed":0.0,"max_hp_gain":0.0,"max_hp_loss":0.0,"gold_gain":0.0,"event_name":"The Cleric","player_choice":"Card Removal","floor":12.0,"gold_loss":75.0,"damage_taken":0.0}],"is_beta":false,"boss_relics":[{"not_picked":["Runic Dome","Velvet Choker"],"picked":"Cursed Key"}],"items_purged_floors":[19,22],"is_endless":false,"potions_floor_spawned":[2,10,13,16],"killed_by":"Book of Stabbing","ascension_level":16}