{"gold_per_floor":[369,369,13,33,46,85,85,85,109,109,125,16,16,34,34,127,127,143,166,166,82,82,82,115,115,115,115,131,149,149,149,149,223,223,242,29,44,56,68,68],"floor_reached":40,"playtime":2275,"items_purged":["Injury"],"score":812,"play_id":"1e8176a4-1b6f-4555-8c68-c1bf2082cb23","local_time":"20190409022748","is_ascension_mode":true,"campfire_choices":[{"data":"Sweeping Beam","floor":8,"key":"SMITH"},{"floor":10,"key":"REST"},{"data":"Dualcast","floor":13,"key":"SMITH"},{"data":"Consume","floor":15,"key":"SMITH"},{"floor":23,"key":"REST"},{"floor":25,"key":"REST"},{"floor":30,"key":"REST"},{"floor":32,"key":"REST"}],"neow_cost":"TEN_PERCENT_HP_LOSS","seed_source_timestamp":926810624459170,"circlet_count":0,"master_deck":["AscendersBane","Strike_B","Strike_B","Defend_B","Defend_B","Defend_B","Defend_B","Zap+1","Dualcast+1","Compile Driver","Sweeping Beam+1","Bandage Up","Battle Trance","Cold Snap","Consume+1","Apotheosis","Static Discharge","FTL","White Noise","Undo","After Image","Glacier+1","Impervious","Tempest","Force Field"],"relics":["Cracked Core","Bloody Idol","PrismaticShard","Blood Vial","Pen Nib","Snecko Eye","Bottled Lightning","Runic Dome","Oddly Smooth Stone"],"potions_floor_usage":[6,16,24,24,33,33,40],"damage_taken":[{"damage":1,"enemies":"Cultist","floor":1,"turns":3},{"damage":0,"enemies":"2 Louse","floor":4,"turns":2},{"damage":0,"enemies":"Small Slimes","floor":5,"turns":2},{"damage":40,"enemies":"Lagavulin","floor":6,"turns":7},{"damage":7,"enemies":"2 Fungi Beasts","floor":11,"turns":3},{"damage":1,"enemies":"Looter","floor":14,"turns":3},{"damage":38,"enemies":"Hexaghost","floor":16,"turns":10},{"damage":19,"enemies":"Spheric Guardian","floor":18,"turns":4},{"damage":26,"enemies":"Shell Parasite","floor":19,"turns":4},{"damage":36,"enemies":"Slavers","floor":24,"turns":5},{"damage":2,"enemies":"Colosseum Slavers","floor":27,"turns":5},{"damage":0,"enemies":"Snecko","floor":28,"turns":6},{"damage":25,"enemies":"Shelled Parasite and Fungi","floor":29,"turns":8},{"damage":27,"enemies":"Collector","floor":33,"turns":17},{"damage":1,"enemies":"Orb Walker","floor":35,"turns":4},{"damage":0,"enemies":"3 Darklings","floor":37,"turns":6},{"damage":42,"enemies":"4 Shapes","floor":38,"turns":7},{"damage":23,"enemies":"Spire Growth","floor":39,"turns":6},{"damage":31,"enemies":"Nemesis","floor":40,"turns":11}],"seed_played":"1978505524819193043","potions_obtained":[{"floor":6,"key":"Swift Potion"},{"floor":11,"key":"GamblersBrew"},{"floor":16,"key":"Weak Potion"},{"floor":24,"key":"Weak Potion"},{"floor":28,"key":"LiquidBronze"},{"floor":35,"key":"Weak Potion"},{"floor":37,"key":"SteroidPotion"}],"is_trial":false,"path_per_floor":["M","?","$","M","M","E","?","R","T","R","M","$","R","M","R","B",null,"M","M","?","$","?","R","E","R","T","?","M","M","R","?","R","B",null,"M","$","M","M","M","E"],"character_chosen":"DEFECT","items_purchased":["PrismaticShard","SkillPotion","Cold Snap","PowerPotion","Undo","Oddly Smooth Stone","Tempest"],"campfire_rested":5,"item_purchase_floors":[3,3,12,12,21,36,36],"current_hp_per_floor":[63,63,63,63,63,24,24,24,24,43,42,42,42,47,47,15,52,41,17,17,17,17,36,11,30,30,36,43,31,50,50,64,48,60,64,64,64,33,23,0],"gold":68,"neow_bonus":"TWO_FIFTY_GOLD","is_prod":false,"is_daily":false,"chose_seed":false,"campfire_upgraded":3,"win_rate":0,"timestamp":1554744468,"path_taken":["M","?","$","M","M","E","?","R","T","R","?","$","R","M","R","BOSS","M","M","?","$","?","R","E","R","T","?","M","?","R","?","R","BOSS","M","?","M","?","M","E"],"build_version":"2019-01-23","purchased_purges":1,"victory":false,"max_hp_per_floor":[64,64,64,64,64,64,64,64,64,64,64,64,64,64,64,64,64,64,64,64,64,64,64,64,64,64,64,64,64,64,64,64,64,64,64,64,64,64,64,64],"card_choices":[{"not_picked":["Leap","Scrape"],"picked":"Compile Driver","floor":1},{"not_picked":["Acrobatics","Sword Boomerang"],"picked":"Sweeping Beam","floor":4},{"not_picked":["Purity","Redo"],"picked":"Bandage Up","floor":5},{"not_picked":["Iron Wave","Beam Cell","Feel No Pain"],"picked":"SKIP","floor":6},{"not_picked":["BootSequence","Twin Strike"],"picked":"Battle Trance","floor":11},{"not_picked":["Auto Shields","Rebound"],"picked":"Consume","floor":14},{"not_picked":["Thunder Strike","Violence"],"picked":"Apotheosis","floor":16},{"not_picked":["Heavy Blade","Combust"],"picked":"Static Discharge","floor":18},{"not_picked":["Turbo","Armaments","Heavy Blade"],"picked":"SKIP","floor":19},{"not_picked":["Chill","Warcry"],"picked":"After Image","floor":24},{"not_picked":["Iron Wave","True Grit"],"picked":"Glacier","floor":28},{"not_picked":["True Grit","Dagger Spray","Barrage"],"picked":"SKIP","floor":29},{"not_picked":["Unload","Corpse Explosion"],"picked":"Impervious","floor":33},{"not_picked":["PiercingWail","Sucker Punch+1","Calculated Gamble+1"],"picked":"SKIP","floor":35},{"not_picked":["Slice+1","Steam","Twin Strike"],"picked":"SKIP","floor":37},{"not_picked":["Leap","Anger"],"picked":"Force Field","floor":38},{"not_picked":["Hello World","Armaments","Poisoned Stab"],"picked":"SKIP","floor":39}],"player_experience":869969,"relics_obtained":[{"floor":6,"key":"Blood Vial"},{"floor":9,"key":"Pen Nib"},{"floor":24,"key":"Bottled Lightning"}],"event_choices":[{"damage_healed":0,"gold_gain":0,"player_choice":"Take Wound","damage_taken":0,"relics_obtained":["Golden Idol"],"max_hp_gain":0,"max_hp_loss":0,"event_name":"Golden Idol","floor":2,"gold_loss":0,"cards_obtained":["Injury"]},{"damage_healed":0,"gold_gain":0,"player_choice":"Upgraded","damage_taken":0,"max_hp_gain":0,"max_hp_loss":0,"event_name":"Upgrade Shrine","floor":7,"gold_loss":0,"cards_upgraded":["Zap"]},{"damage_healed":0,"gold_gain":0,"cards_transformed":["Strike_B","Strike_B"],"player_choice":"Became Test Subject","damage_taken":0,"max_hp_gain":0,"max_hp_loss":0,"event_name":"Drug Dealer","floor":20,"gold_loss":0,"cards_obtained":["FTL","White Noise"]},{"damage_healed":0,"gold_gain":0,"player_choice":"Gave Idol","damage_taken":0,"relics_obtained":["Bloody Idol"],"max_hp_gain":0,"max_hp_loss":0,"event_name":"Forgotten Altar","floor":22,"relics_lost":["Golden Idol"],"gold_loss":0},{"damage_healed":0,"gold_gain":0,"player_choice":"Fight","damage_taken":0,"max_hp_gain":0,"max_hp_loss":0,"event_name":"Colosseum","floor":27,"gold_loss":0},{"damage_healed":0,"gold_gain":0,"player_choice":"Fled From Nobs","damage_taken":0,"max_hp_gain":0,"max_hp_loss":0,"event_name":"Colosseum","floor":27,"gold_loss":0},{"damage_healed":0,"gold_gain":0,"player_choice":"Forge","damage_taken":0,"max_hp_gain":0,"max_hp_loss":0,"event_name":"Accursed Blacksmith","floor":31,"gold_loss":0,"cards_upgraded":["Glacier"]}],"is_beta":false,"boss_relics":[{"not_picked":["Nuclear Battery","Tiny House"],"picked":"Snecko Eye"},{"not_picked":["Astrolabe","Lizard Tail"],"picked":"Runic Dome"}],"items_purged_floors":[3],"is_endless":false,"potions_floor_spawned":[6,11,14,16,24,27,28,35,37],"killed_by":"Nemesis","ascension_level":20}