{"gold_per_floor":[118,43,43,43,54,85,85,105,151,226,501,512,522,537,537,608,608,627,472,119,44,44,44,55,55,55,0,0,13,13],"floor_reached":30,"playtime":1382,"items_purged":["Regret","Shame"],"score":506,"play_id":"76b9250c-ab01-49ad-8aa4-a2621c61ae1f","local_time":"20190416215101","is_ascension_mode":true,"campfire_choices":[{"data":"Neutralize","floor":7.0,"key":"SMITH"},{"floor":15.0,"key":"REST"},{"floor":23.0,"key":"REST"},{"data":"Footwork","floor":25.0,"key":"SMITH"},{"floor":28.0,"key":"REST"}],"neow_cost":"NONE","seed_source_timestamp":272311676693100,"circlet_count":0,"master_deck":["AscendersBane","Defend_G+1","Defend_G+1","Defend_G","Defend_G","Defend_G","Strike_G","Strike_G+1","Strike_G+1","Strike_G","Survivor","Neutralize+1","PiercingWail","PiercingWail","Setup","Envenom","Bouncing Flask","Cloak And Dagger","Cloak And Dagger","Envenom","Clumsy","Cloak And Dagger+1","Footwork+1","Crippling Poison","Acrobatics+1"],"special_seed":0,"relics":["Ring of the Snake","NeowsBlessing","Whetstone","Snake Skull","Calling Bell","Anchor","Matryoshka","WingedGreaves","Strawberry","Lantern","Paper Crane"],"potions_floor_usage":[],"damage_taken":[{"damage":0.0,"enemies":"Jaw Worm","floor":1.0,"turns":1.0},{"damage":0.0,"enemies":"Small Slimes","floor":5.0,"turns":1.0},{"damage":0.0,"enemies":"3 Sentries","floor":6.0,"turns":1.0},{"damage":0.0,"enemies":"2 Louse","floor":8.0,"turns":3.0},{"damage":6.0,"enemies":"Red Slaver","floor":12.0,"turns":6.0},{"damage":5.0,"enemies":"Blue Slaver","floor":13.0,"turns":5.0},{"damage":3.0,"enemies":"3 Louse","floor":14.0,"turns":5.0},{"damage":32.0,"enemies":"Hexaghost","floor":16.0,"turns":12.0},{"damage":42.0,"enemies":"3 Byrds","floor":18.0,"turns":8.0},{"damage":11.0,"enemies":"Chosen","floor":24.0,"turns":7.0},{"damage":7.0,"enemies":"Snecko","floor":29.0,"turns":7.0},{"damage":41,"enemies":"Gremlin Leader","floor":30,"turns":8}],"seed_played":"-6723623061594509696","potions_obtained":[{"floor":4.0,"key":"AttackPotion"},{"floor":4.0,"key":"FairyPotion"},{"floor":8.0,"key":"Dexterity Potion"}],"is_trial":false,"path_per_floor":["M","?","?","?","M","E","R","M","T","?","?","M","M","M","R","B",null,"M","$","$","?","$","R","M","R","T","?","R","M","E"],"character_chosen":"THE_SILENT","items_purchased":["Footwork","Strawberry","Crippling Poison"],"campfire_rested":3,"item_purchase_floors":[19,20,20],"current_hp_per_floor":[59,59,39,39,39,39,39,39,39,28,28,22,17,14,33,1,50,8,8,15,15,15,36,25,25,25,25,46,39,0],"gold":13,"neow_bonus":"THREE_ENEMY_KILL","is_prod":false,"is_daily":false,"chose_seed":false,"campfire_upgraded":2,"win_rate":0,"timestamp":1555444261,"path_taken":["M","?","?","?","?","E","R","M","T","?","?","M","M","M","R","BOSS","M","?","$","?","?","R","M","R","T","?","R","M","E"],"build_version":"2019-01-23","purchased_purges":2,"victory":false,"max_hp_per_floor":[66,66,66,66,66,66,66,66,66,66,66,66,66,66,66,66,66,66,66,73,73,73,73,73,73,73,73,73,73,73],"card_choices":[{"not_picked":["Backflip","Cloak And Dagger"],"picked":"PiercingWail","floor":1.0},{"not_picked":["Reflex","Dagger Spray"],"picked":"PiercingWail","floor":5.0},{"not_picked":["Underhanded Strike","Slice"],"picked":"Setup","floor":6.0},{"not_picked":["Outmaneuver","Backflip"],"picked":"Envenom","floor":8.0},{"not_picked":["Prepared","Terror"],"picked":"Bouncing Flask","floor":12.0},{"not_picked":["Slice","Blade Dance"],"picked":"Cloak And Dagger","floor":13.0},{"not_picked":["Blur","Slice"],"picked":"Cloak And Dagger","floor":14.0},{"not_picked":["Night Terror","Tools of the Trade"],"picked":"Envenom","floor":16.0},{"not_picked":["Terror+1","Prepared"],"picked":"Cloak And Dagger+1","floor":18.0},{"not_picked":["Deflect","Quick Slash","Predator"],"picked":"SKIP","floor":24.0},{"not_picked":["Quick Slash","Terror"],"picked":"Acrobatics+1","floor":29.0}],"player_experience":563493,"relics_obtained":[{"floor":6.0,"key":"Whetstone"},{"floor":9.0,"key":"Snake Skull"},{"floor":17.0,"key":"Anchor"},{"floor":17.0,"key":"Matryoshka"},{"floor":17.0,"key":"WingedGreaves"},{"floor":26.0,"key":"Lantern"},{"floor":26.0,"key":"Paper Crane"}],"event_choices":[{"cards_removed":["Strike_G"],"damage_healed":0.0,"max_hp_gain":0.0,"max_hp_loss":0.0,"gold_gain":0.0,"event_name":"The Cleric","player_choice":"Card Removal","floor":2.0,"gold_loss":75.0,"damage_taken":0.0},{"damage_healed":0.0,"max_hp_gain":0.0,"max_hp_loss":0.0,"gold_gain":0.0,"event_name":"Shining Light","player_choice":"Entered Light","floor":3.0,"gold_loss":0.0,"damage_taken":20.0,"cards_upgraded":["Defend_G","Defend_G"]},{"damage_healed":0.0,"max_hp_gain":0.0,"max_hp_loss":0.0,"gold_gain":0.0,"event_name":"Lab","player_choice":"Got Potions","floor":4.0,"gold_loss":0.0,"damage_taken":0.0},{"damage_healed":0.0,"max_hp_gain":0.0,"max_hp_loss":0.0,"gold_gain":75.0,"event_name":"World of Goop","player_choice":"Gather Gold","floor":10.0,"gold_loss":0.0,"damage_taken":11.0},{"damage_healed":0.0,"max_hp_gain":0.0,"max_hp_loss":0.0,"gold_gain":275.0,"event_name":"Golden Shrine","player_choice":"Desecrate","floor":11.0,"gold_loss":0.0,"damage_taken":0.0,"cards_obtained":["Regret"]},{"cards_removed":["Injury"],"damage_healed":0.0,"max_hp_gain":0.0,"max_hp_loss":0.0,"gold_gain":0.0,"event_name":"Beggar","player_choice":"Gave Gold","floor":21.0,"gold_loss":75.0,"damage_taken":0.0},{"damage_healed":0.0,"max_hp_gain":0.0,"max_hp_loss":0.0,"gold_gain":0.0,"event_name":"Masked Bandits","player_choice":"Paid Fearfully","floor":27.0,"gold_loss":55.0,"damage_taken":0.0}],"is_beta":false,"boss_relics":[{"not_picked":["Coffee Dripper","Runic Dome"],"picked":"Calling Bell"}],"items_purged_floors":[19,20],"is_endless":false,"potions_floor_spawned":[8,12,14],"killed_by":"Gremlin Leader","ascension_level":20}