{"gold_per_floor":[116,146,160,171,191,191,209,229,229,261,261,221,221,252,264,373,385,416,428],"floor_reached":19,"playtime":741,"items_purged":[],"score":269,"play_id":"118a4db3-87c3-45ab-a169-e1bf4d43a8cf","local_time":"20190112101402","is_ascension_mode":true,"campfire_choices":[{"data":"Uppercut","floor":6,"key":"SMITH"},{"floor":11,"key":"REST"},{"floor":13,"key":"REST"},{"data":"Bash","floor":15,"key":"SMITH"}],"neow_cost":"NONE","seed_source_timestamp":638623738233141,"circlet_count":0,"master_deck":["AscendersBane","Strike_R","Strike_R","Strike_R","Strike_R","Strike_R","Defend_R","Defend_R","Defend_R","Defend_R","Bash+1","Impatience","Uppercut+1","Sever Soul","Infernal Blade","Seeing Red","Rampage","Impervious"],"relics":["Burning Blood","Tiny Chest","Matryoshka","Art of War","MawBank","Eternal Feather"],"potions_floor_usage":[10,14,14,14],"damage_taken":[{"damage":6,"enemies":"Cultist","floor":1,"turns":4},{"damage":3,"enemies":"2 Louse","floor":3,"turns":3},{"damage":11,"enemies":"Jaw Worm","floor":4,"turns":3},{"damage":1,"enemies":"Exordium Wildlife","floor":5,"turns":3},{"damage":14,"enemies":"Looter","floor":7,"turns":3},{"damage":16,"enemies":"Blue Slaver","floor":8,"turns":3},{"damage":40,"enemies":"3 Sentries","floor":10,"turns":9},{"damage":6,"enemies":"Gremlin Nob","floor":14,"turns":3},{"damage":57,"enemies":"Hexaghost","floor":16,"turns":9},{"damage":33,"enemies":"Spheric Guardian","floor":18,"turns":4},{"damage":40,"enemies":"3 Byrds","floor":19,"turns":6}],"seed_played":"-3093827537190481381","potions_obtained":[{"floor":1,"key":"SpeedPotion"},{"floor":5,"key":"PowerPotion"},{"floor":12,"key":"Strength Potion"},{"floor":12,"key":"Strength Potion"},{"floor":12,"key":"SkillPotion"},{"floor":16,"key":"SteroidPotion"}],"is_trial":false,"path_per_floor":["M","T","M","M","M","R","M","M","T","E","R","?","R","E","R","B",null,"M","M"],"character_chosen":"IRONCLAD","items_purchased":[],"campfire_rested":2,"item_purchase_floors":[],"current_hp_per_floor":[72,72,75,70,75,75,67,57,57,23,47,47,71,71,71,20,65,38,0],"gold":428,"neow_bonus":"RANDOM_COLORLESS","is_prod":false,"is_daily":false,"chose_seed":false,"campfire_upgraded":2,"win_rate":0,"timestamp":1547255642,"path_taken":["M","?","M","M","M","R","M","M","T","E","R","?","R","E","R","BOSS","M","M"],"build_version":"2019-01-10","purchased_purges":0,"victory":false,"max_hp_per_floor":[80,80,80,80,80,80,80,80,80,80,80,80,80,80,80,80,80,80,80],"card_choices":[{"not_picked":["Cleave","Iron Wave"],"picked":"Uppercut","floor":1},{"not_picked":["Headbutt","Thunderclap"],"picked":"Sever Soul","floor":3},{"not_picked":["Havoc","Wild Strike","Anger"],"picked":"SKIP","floor":4},{"not_picked":["Sentinel","Flex"],"picked":"Infernal Blade","floor":5},{"not_picked":["Combust","Clothesline"],"picked":"Seeing Red","floor":7},{"not_picked":["Wild Strike","Clothesline","Flex"],"picked":"SKIP","floor":8},{"not_picked":["Spot Weakness","Headbutt"],"picked":"Rampage","floor":10},{"not_picked":["Barricade","Searing Blow","Sentinel"],"picked":"SKIP","floor":14},{"not_picked":["Offering","Limit Break"],"picked":"Impervious","floor":16},{"not_picked":["Clash","Sword Boomerang","Disarm"],"picked":"SKIP","floor":18}],"player_experience":365095,"relics_obtained":[{"floor":2,"key":"Tiny Chest"},{"floor":9,"key":"Matryoshka"},{"floor":10,"key":"Art of War"},{"floor":14,"key":"MawBank"}],"event_choices":[{"damage_healed":0,"gold_gain":0,"player_choice":"Bought 3 Potions","damage_taken":0,"max_hp_gain":0,"max_hp_loss":0,"event_name":"The Woman in Blue","floor":12,"gold_loss":0}],"is_beta":false,"boss_relics":[{"not_picked":["Busted Crown","Black Star"],"picked":"Eternal Feather"}],"items_purged_floors":[],"is_endless":false,"potions_floor_spawned":[1,5,16],"killed_by":"3 Byrds","ascension_level":10}