{"gold_per_floor":[112,37,51,69,69,69,94,94,150,150,184,203,203,223,223,342,342,356,356,369,131,131,131,152,152,152,152],"floor_reached":27,"playtime":1526,"items_purged":["Strike_B","Strike_B"],"score":213,"play_id":"e2dc08d2-e7bc-4489-a9f0-722d40cae62c","local_time":"20190405232817","is_ascension_mode":false,"campfire_choices":[{"data":"Capacitor","floor":6,"key":"SMITH"},{"data":"Consume","floor":10,"key":"SMITH"},{"data":"Redo","floor":13,"key":"SMITH"},{"data":"Hologram","floor":15,"key":"SMITH"},{"data":"Double Energy","floor":23,"key":"SMITH"},{"data":"Dualcast","floor":25,"key":"SMITH"}],"neow_cost":"NONE","seed_source_timestamp":4407029681618,"circlet_count":0,"master_deck":["Strike_B","Defend_B","Defend_B","Defend_B","Defend_B","Zap","Dualcast+1","Double Energy+1","Capacitor+1","Consume+1","Glacier","Redo+1","Hologram+1","Echo Form","Multi-Cast","Writhe","Defragment+1"],"relics":["Cracked Core","Golden Idol","Tiny Chest","Oddly Smooth Stone","Runic Dome","Cables","Juzu Bracelet"],"potions_floor_usage":[11,14,16,27,27,27],"damage_taken":[{"damage":2,"enemies":"Small Slimes","floor":1,"turns":4},{"damage":0,"enemies":"Jaw Worm","floor":3,"turns":5},{"damage":1,"enemies":"Cultist","floor":4,"turns":4},{"damage":2,"enemies":"Blue Slaver","floor":7,"turns":4},{"damage":1,"enemies":"3 Sentries","floor":11,"turns":9},{"damage":0,"enemies":"Exordium Wildlife","floor":12,"turns":4},{"damage":0,"enemies":"Large Slime","floor":14,"turns":4},{"damage":6,"enemies":"Hexaghost","floor":16,"turns":11},{"damage":0,"enemies":"Shell Parasite","floor":18,"turns":9},{"damage":0,"enemies":"Spheric Guardian","floor":20,"turns":6},{"damage":6,"enemies":"3 Cultists","floor":24,"turns":6},{"damage":82,"enemies":"Gremlin Leader","floor":27,"turns":11}],"seed_played":"6366190756263035653","potions_obtained":[{"floor":1,"key":"Fire Potion"},{"floor":4,"key":"SteroidPotion"},{"floor":8,"key":"Block Potion"},{"floor":8,"key":"GamblersBrew"},{"floor":11,"key":"SteroidPotion"},{"floor":16,"key":"Regen Potion"},{"floor":18,"key":"Dexterity Potion"},{"floor":24,"key":"Explosive Potion"}],"is_trial":false,"path_per_floor":["M","$","M","M","?","R","M","?","T","R","E","M","R","M","R","B",null,"M","T","M","$","?","R","M","R","T","E"],"character_chosen":"DEFECT","items_purchased":["Multi-Cast"],"campfire_rested":0,"item_purchase_floors":[21],"current_hp_per_floor":[73,73,73,72,69,69,67,67,67,67,66,66,66,66,66,60,69,69,69,69,69,69,69,63,63,63,0],"gold":152,"neow_bonus":"TRANSFORM_CARD","is_prod":false,"is_daily":false,"chose_seed":false,"campfire_upgraded":6,"win_rate":0,"timestamp":1554499697,"path_taken":["M","$","M","M","?","R","M","?","T","R","E","M","R","M","R","BOSS","M","?","M","$","?","R","M","R","T","E"],"build_version":"2019-01-23","purchased_purges":2,"victory":false,"max_hp_per_floor":[75,75,75,75,69,69,69,69,69,69,69,69,69,69,69,69,69,69,69,69,69,69,69,69,69,69,69],"card_choices":[{"not_picked":["Reprogram","Streamline"],"picked":"Capacitor","floor":1},{"not_picked":["Sweeping Beam","Streamline"],"picked":"Consume","floor":3},{"not_picked":["Consume","Coolheaded"],"picked":"Glacier","floor":4},{"not_picked":["Beam Cell","Barrage"],"picked":"Redo","floor":7},{"not_picked":["Sweeping Beam","Hyperbeam","Beam Cell"],"picked":"SKIP","floor":11},{"not_picked":["Beam Cell","Conserve Battery","Rebound"],"picked":"SKIP","floor":12},{"not_picked":["Meteor Strike","Chill"],"picked":"Hologram","floor":14},{"not_picked":["Core Surge","Biased Cognition"],"picked":"Echo Form","floor":16},{"not_picked":["Sunder","Force Field","Compile Driver"],"picked":"SKIP","floor":18},{"not_picked":["Beam Cell+1","Redo","Compile Driver"],"picked":"SKIP","floor":20},{"not_picked":["Redo","Hologram"],"picked":"Defragment+1","floor":24}],"player_experience":427907,"relics_obtained":[{"floor":9,"key":"Tiny Chest"},{"floor":11,"key":"Oddly Smooth Stone"},{"floor":19,"key":"Cables"}],"event_choices":[{"damage_healed":0,"gold_gain":0,"player_choice":"Lose Max HP","damage_taken":0,"relics_obtained":["Golden Idol"],"max_hp_gain":0,"max_hp_loss":6,"event_name":"Golden Idol","floor":5,"gold_loss":0},{"damage_healed":0,"gold_gain":0,"player_choice":"Got Potions","damage_taken":0,"max_hp_gain":0,"max_hp_loss":0,"event_name":"Lab","floor":8,"gold_loss":0},{"damage_healed":0,"gold_gain":0,"player_choice":"Opened","damage_taken":0,"relics_obtained":["Juzu Bracelet"],"max_hp_gain":0,"max_hp_loss":0,"event_name":"The Mausoleum","floor":22,"gold_loss":0,"cards_obtained":["Writhe"]}],"is_beta":false,"boss_relics":[{"not_picked":["Fusion Hammer","Tiny House"],"picked":"Runic Dome"}],"items_purged_floors":[2,21],"is_endless":false,"potions_floor_spawned":[1,4,11,12,16,18,24],"killed_by":"Gremlin Leader","ascension_level":0}