{"gold_per_floor":[110,123,123,48,122,122,151,219,243,273,99,112,122,141,141,243,243,256,256,131,148,148,208,208],"floor_reached":24,"playtime":989,"items_purged":["Strike_R","Strike_R","Decay"],"score":259,"play_id":"0fdac04d-644b-4134-8f9c-a5eef0897279","local_time":"20181029230637","is_ascension_mode":true,"campfire_choices":[{"data":"Body Slam","floor":6,"key":"SMITH"},{"floor":15,"key":"DIG"}],"neow_cost":"NONE","seed_source_timestamp":785840484036741,"circlet_count":0,"master_deck":["Strike_R","Strike_R","Strike_R","Defend_R","Defend_R","Defend_R","Defend_R","Bash+1","Body Slam+1","Flame Barrier","Rage","Spot Weakness","Clash","Iron Wave","Inflame","Iron Wave","Barricade","Iron Wave","Flex"],"relics":["Black Blood","Letter Opener","Shovel","Self Forming Clay","MawBank","Girya","Tiny Chest"],"potions_floor_usage":[16,23,24,24],"damage_taken":[{"damage":13,"enemies":"Jaw Worm","floor":1,"turns":5},{"damage":5,"enemies":"Cultist","floor":2,"turns":4},{"damage":20,"enemies":"3 Sentries","floor":7,"turns":10},{"damage":0,"enemies":"2 Louse","floor":10,"turns":3},{"damage":1,"enemies":"Gremlin Gang","floor":12,"turns":4},{"damage":1,"enemies":"Large Slime","floor":13,"turns":6},{"damage":5,"enemies":"Lots of Slimes","floor":14,"turns":4},{"damage":15,"enemies":"Slime Boss","floor":16,"turns":8},{"damage":24,"enemies":"Spheric Guardian","floor":18,"turns":6},{"damage":18,"enemies":"Shell Parasite","floor":21,"turns":6},{"damage":57,"enemies":"Slavers","floor":23,"turns":8},{"damage":12,"enemies":"Snake Plant","floor":24,"turns":4}],"seed_played":"-8800285994334062516","potions_obtained":[{"floor":1,"key":"Poison Potion"},{"floor":7,"key":"Energy Potion"},{"floor":10,"key":"SmokeBomb"},{"floor":16,"key":"Dexterity Potion"},{"floor":23,"key":"Weak Potion"}],"is_trial":false,"path_per_floor":["M","M","?","$","T","R","E","T","T","M","$","M","M","M","R","B",null,"M","?","$","M","?","E"],"character_chosen":"IRONCLAD","items_purchased":["Spot Weakness","Clash"],"campfire_rested":0,"item_purchase_floors":[11,11],"current_hp_per_floor":[73,74,66,66,66,66,52,52,52,58,58,63,68,69,69,60,80,66,66,66,58,58,11,0],"gold":208,"neow_bonus":"UPGRADE_CARD","is_prod":false,"is_daily":false,"chose_seed":false,"campfire_upgraded":1,"win_rate":0,"timestamp":1540850797,"path_taken":["M","M","?","$","?","R","E","?","T","M","$","M","M","M","R","BOSS","M","?","$","?","?","E","M"],"build_version":"2018-10-25v2","purchased_purges":3,"victory":false,"max_hp_per_floor":[80,80,80,80,80,80,80,80,80,80,80,80,80,80,80,80,80,80,80,80,80,80,80,80],"card_choices":[{"not_picked":["Reckless Charge","Pommel Strike"],"picked":"Body Slam","floor":1},{"not_picked":["Sentinel","Second Wind"],"picked":"Flame Barrier","floor":2},{"not_picked":["Clothesline","Uppercut"],"picked":"Rage","floor":7},{"not_picked":["Warcry","Bloodletting","Combust"],"picked":"SKIP","floor":10},{"not_picked":["Warcry","Twin Strike"],"picked":"Iron Wave","floor":12},{"not_picked":["Havoc","Impervious"],"picked":"Inflame","floor":13},{"not_picked":["Power Through","Body Slam"],"picked":"Iron Wave","floor":14},{"not_picked":["Bludgeon","Double Tap"],"picked":"Barricade","floor":16},{"not_picked":["Hemokinesis+1","Clothesline"],"picked":"Iron Wave","floor":18},{"not_picked":["Clothesline","Perfected Strike","Fire Breathing"],"picked":"SKIP","floor":21},{"not_picked":["Twin Strike","Reaper"],"picked":"Flex","floor":23}],"player_experience":262534,"relics_obtained":[{"floor":5,"key":"Letter Opener"},{"floor":7,"key":"Shovel"},{"floor":8,"key":"Self Forming Clay"},{"floor":9,"key":"MawBank"},{"floor":15,"key":"Girya"},{"floor":23,"key":"Tiny Chest"}],"event_choices":[{"damage_healed":0,"gold_gain":0,"player_choice":"Damaged","damage_taken":8,"max_hp_gain":0,"max_hp_loss":0,"event_name":"Wheel of Change","floor":3,"gold_loss":0},{"damage_healed":0,"gold_gain":0,"player_choice":"Smashed Altar","damage_taken":0,"max_hp_gain":0,"max_hp_loss":0,"event_name":"Forgotten Altar","floor":19,"gold_loss":0,"cards_obtained":["Decay"]},{"damage_healed":0,"gold_gain":0,"player_choice":"Bought 0 Potions","damage_taken":0,"max_hp_gain":0,"max_hp_loss":0,"event_name":"The Woman in Blue","floor":22,"gold_loss":0}],"is_beta":false,"boss_relics":[{"not_picked":["Sozu","Runic Dome"],"picked":"Black Blood"}],"items_purged_floors":[4,11,20],"is_endless":false,"potions_floor_spawned":[1,7,10,16,23],"killed_by":"Snake Plant","ascension_level":4}