{"gold_per_floor":[365,94,94,109,109,109,130,130,155,105,128,144,164,164,164,283,283,297,422,422,457,16,57,57,57,57,2,2,15,31,45,45,169,169,185,201,201,215,548,548,34,34,59,59,88,36,55,66,66,66],"floor_reached":51,"playtime":3201,"items_purged":["Strike_G","Defend_G","Defend_G"],"score":743,"play_id":"1d51c2a6-d2de-457d-9961-8c41920a58c8","local_time":"20181226151716","is_ascension_mode":true,"campfire_choices":[{"data":"Dagger Spray","floor":6.0,"key":"SMITH"},{"data":"Noxious Fumes","floor":8.0,"key":"SMITH"},{"data":"Dodge and Roll","floor":15,"key":"SMITH"},{"data":"Adrenaline","floor":24,"key":"SMITH"},{"data":"Blur","floor":32,"key":"SMITH"},{"data":"Apotheosis","floor":40,"key":"SMITH"},{"data":"Enlightenment","floor":42,"key":"SMITH"},{"data":"Backflip","floor":49,"key":"SMITH"}],"neow_cost":"TEN_PERCENT_HP_LOSS","seed_source_timestamp":49778697261048,"circlet_count":0,"master_deck":["Defend_G","Defend_G","Defend_G","Survivor","Neutralize","Sucker Punch","Dagger Spray+1","Flying Knee","Noxious Fumes+1","Dodge and Roll+1","PiercingWail","Adrenaline+1","Blur+1","Poisoned Stab","Predator","Backflip+1","PiercingWail","Terror","Deadly Poison","Malaise","Leg Sweep+1","Bouncing Flask+1","Apotheosis+1","Enlightenment+1","Backflip+1"],"special_seed":0,"relics":["Ring of the Snake","Lantern","Ancient Tea Set","Bag of Preparation","Eternal Feather","Bird Faced Urn","Darkstone Periapt","Red Mask","Snake Skull","Strawberry","Paper Crane","Torii","Matryoshka","HoveringKite","Bottled Tornado","Sundial","Orichalcum","PreservedInsect"],"potions_floor_usage":[19,19,19,23,33,33,45,45,50,50,50],"damage_taken":[{"damage":3.0,"enemies":"Jaw Worm","floor":1.0,"turns":3.0},{"damage":0.0,"enemies":"2 Louse","floor":4.0,"turns":2.0},{"damage":0.0,"enemies":"Small Slimes","floor":7.0,"turns":2.0},{"damage":4.0,"enemies":"Blue Slaver","floor":11.0,"turns":3.0},{"damage":0.0,"enemies":"Large Slime","floor":12.0,"turns":4.0},{"damage":2,"enemies":"2 Fungi Beasts","floor":13,"turns":4},{"damage":7,"enemies":"The Guardian","floor":16,"turns":12},{"damage":2,"enemies":"Spheric Guardian","floor":18,"turns":6},{"damage":5,"enemies":"Colosseum Slavers","floor":19,"turns":5},{"damage":20,"enemies":"Colosseum Nobs","floor":19,"turns":5},{"damage":13,"enemies":"Masked Bandits","floor":21,"turns":6},{"damage":17,"enemies":"Slavers","floor":23,"turns":5},{"damage":0,"enemies":"2 Thieves","floor":29,"turns":4},{"damage":15,"enemies":"3 Cultists","floor":30,"turns":6},{"damage":0,"enemies":"Centurion and Healer","floor":31,"turns":7},{"damage":12,"enemies":"Automaton","floor":33,"turns":9},{"damage":2,"enemies":"Orb Walker","floor":35,"turns":4},{"damage":0,"enemies":"3 Shapes","floor":36,"turns":5},{"damage":1,"enemies":"Writhing Mass","floor":38,"turns":8},{"damage":0,"enemies":"Reptomancer","floor":45,"turns":6},{"damage":7,"enemies":"Jaw Worm Horde","floor":47,"turns":4},{"damage":0,"enemies":"3 Darklings","floor":48,"turns":4},{"damage":6,"enemies":"Donu and Deca","floor":50,"turns":9}],"seed_played":"-5047340109444874780","potions_obtained":[{"floor":7.0,"key":"Strength Potion"},{"floor":13,"key":"SkillPotion"},{"floor":18,"key":"SkillPotion"},{"floor":23,"key":"Strength Potion"},{"floor":31,"key":"PowerPotion"},{"floor":33,"key":"Poison Potion"},{"floor":36,"key":"GhostInAJar"},{"floor":47,"key":"LiquidBronze"},{"floor":48,"key":"Energy Potion"}],"is_trial":false,"path_per_floor":["M","$","?","M","?","R","M","R","T","?","M","M","M","?","R","B",null,"M","?","?","?","$","E","R","?","T","?","$","M","M","M","R","B",null,"M","M","?","M","?","R","$","R","T","?","E","$","M","M","R","B",null],"character_chosen":"THE_SILENT","items_purchased":["Dagger Spray","Lantern","Snake Skull","Strawberry","Explosive Potion","Bottled Tornado","Enlightenment","PowerPotion","Backflip"],"campfire_rested":0,"item_purchase_floors":[2,2,22,22,22,41,41,41,46],"current_hp_per_floor":[60,60,53,53,38,38,38,38,38,38,34,34,32,25,25,18,63,61,36,36,25,32,17,26,49,49,49,49,51,38,40,52,44,70,68,70,70,70,70,70,70,70,70,70,70,70,63,65,70,64],"gold":66,"neow_bonus":"TWO_FIFTY_GOLD","is_prod":false,"is_daily":false,"chose_seed":false,"campfire_upgraded":8,"win_rate":0,"timestamp":1545805036,"path_taken":["M","$","?","M","?","R","M","R","T","?","M","M","M","?","R","BOSS","M","?","?","?","$","E","R","?","T","?","$","M","M","?","R","BOSS","M","M","?","M","?","R","$","R","T","?","E","$","M","M","R","BOSS"],"build_version":"2018-12-20","purchased_purges":3,"victory":true,"max_hp_per_floor":[63,63,63,63,63,63,63,63,63,63,63,63,63,63,63,63,63,63,63,63,63,70,70,70,70,70,70,70,70,70,70,70,70,70,70,70,70,70,70,70,70,70,70,70,70,70,70,70,70,70],"card_choices":[{"not_picked":["Underhanded Strike","Quick Slash"],"picked":"Sucker Punch","floor":1.0},{"not_picked":["Quick Slash","Expertise"],"picked":"Flying Knee","floor":4.0},{"not_picked":["Acrobatics","PiercingWail"],"picked":"Noxious Fumes","floor":7.0},{"not_picked":["Doppelganger","Calculated Gamble"],"picked":"Dodge and Roll","floor":11.0},{"not_picked":["Dagger Throw","Deflect","Sucker Punch"],"picked":"SKIP","floor":12.0},{"not_picked":["Tactician","Cloak And Dagger"],"picked":"PiercingWail","floor":13},{"not_picked":["Malaise","Night Terror"],"picked":"Adrenaline","floor":16},{"not_picked":["Bane+1","PiercingWail"],"picked":"Blur","floor":18},{"not_picked":["Outmaneuver","Backflip"],"picked":"Poisoned Stab","floor":19},{"not_picked":["Predator","Acrobatics"],"picked":"Backflip+1","floor":21},{"not_picked":["Slice","Doppelganger"],"picked":"PiercingWail","floor":23},{"not_picked":["Outmaneuver","Flying Knee+1","Backflip+1"],"picked":"SKIP","floor":29},{"not_picked":["Blade Dance","Dagger Throw"],"picked":"Terror","floor":30},{"not_picked":["Backflip","Underhanded Strike"],"picked":"Deadly Poison","floor":31},{"not_picked":["A Thousand Cuts","Wraith Form v2"],"picked":"Malaise","floor":33},{"not_picked":["Poisoned Stab+1","Underhanded Strike+1"],"picked":"Leg Sweep+1","floor":35},{"not_picked":["Calculated Gamble+1","Backflip"],"picked":"Bouncing Flask+1","floor":36},{"not_picked":["Blind","Forethought"],"picked":"Apotheosis","floor":37},{"not_picked":["Dagger Spray+1","All Out Attack+1","Slice+1"],"picked":"SKIP","floor":38},{"not_picked":["Terror","Poisoned Stab","Deadly Poison"],"picked":"SKIP","floor":45},{"not_picked":["Wraith Form v2","Dagger Spray+1","Deadly Poison+1"],"picked":"SKIP","floor":47},{"not_picked":["Choke+1","Dodge and Roll+1","Endless Agony+1"],"picked":"SKIP","floor":48}],"player_experience":248837,"relics_obtained":[{"floor":9.0,"key":"Bag of Preparation"},{"floor":19,"key":"Bird Faced Urn"},{"floor":19,"key":"Darkstone Periapt"},{"floor":21,"key":"Red Mask"},{"floor":23,"key":"Paper Crane"},{"floor":26,"key":"Torii"},{"floor":43,"key":"Sundial"},{"floor":43,"key":"Orichalcum"},{"floor":45,"key":"PreservedInsect"}],"event_choices":[{"damage_healed":0.0,"max_hp_gain":0.0,"max_hp_loss":0.0,"gold_gain":0.0,"event_name":"Scrap Ooze","player_choice":"Success","floor":3.0,"gold_loss":0.0,"damage_taken":7.0,"relics_obtained":["Ancient Tea Set"]},{"damage_healed":0.0,"max_hp_gain":0.0,"max_hp_loss":0.0,"gold_gain":0.0,"event_name":"Golden Idol","player_choice":"Take Damage","floor":5.0,"gold_loss":0.0,"damage_taken":15.0,"relics_obtained":["Golden Idol"]},{"cards_removed":["Strike_G"],"damage_healed":0.0,"max_hp_gain":0.0,"max_hp_loss":0.0,"gold_gain":0.0,"event_name":"The Cleric","player_choice":"Card Removal","floor":10.0,"gold_loss":50.0,"damage_taken":0.0},{"cards_removed":["Strike_G"],"damage_healed":0,"gold_gain":0,"player_choice":"Card Removal","damage_taken":7,"max_hp_gain":0,"max_hp_loss":0,"event_name":"Golden Wing","floor":14,"gold_loss":0},{"damage_healed":0,"gold_gain":0,"player_choice":"Fight","damage_taken":0,"max_hp_gain":0,"max_hp_loss":0,"event_name":"Colosseum","floor":19,"gold_loss":0},{"damage_healed":0,"gold_gain":0,"player_choice":"Fought Nobs","damage_taken":0,"max_hp_gain":0,"max_hp_loss":0,"event_name":"Colosseum","floor":19,"gold_loss":0},{"damage_healed":0,"gold_gain":0,"cards_transformed":["Strike_G","Strike_G"],"player_choice":"Became Test Subject","damage_taken":0,"max_hp_gain":0,"max_hp_loss":0,"event_name":"Drug Dealer","floor":20,"gold_loss":0,"cards_obtained":["Predator","Outmaneuver"]},{"damage_healed":0,"gold_gain":0,"player_choice":"Fought Bandits","damage_taken":0,"max_hp_gain":0,"max_hp_loss":0,"event_name":"Masked Bandits","floor":21,"gold_loss":0},{"damage_healed":23,"gold_gain":0,"player_choice":"Heal","damage_taken":0,"max_hp_gain":0,"max_hp_loss":0,"event_name":"The Library","floor":25,"gold_loss":0},{"damage_healed":0,"gold_gain":0,"player_choice":"Paid Gold","damage_taken":0,"relics_obtained":["Matryoshka"],"max_hp_gain":0,"max_hp_loss":0,"event_name":"WeMeetAgain","floor":27,"gold_loss":55},{"damage_healed":0,"gold_gain":0,"player_choice":"Memory 1","damage_taken":0,"max_hp_gain":0,"max_hp_loss":0,"event_name":"SensoryStone","floor":37,"gold_loss":0},{"damage_healed":0,"gold_gain":333,"player_choice":"Gave Idol","damage_taken":0,"max_hp_gain":0,"max_hp_loss":0,"event_name":"The Moai Head","floor":39,"relics_lost":["Golden Idol"],"gold_loss":0},{"cards_removed":["Outmaneuver"],"damage_healed":0,"gold_gain":0,"player_choice":"Removed Skill","damage_taken":0,"max_hp_gain":0,"max_hp_loss":0,"event_name":"Falling","floor":44,"gold_loss":0}],"is_beta":false,"boss_relics":[{"not_picked":["WristBlade","Calling Bell"],"picked":"Eternal Feather"},{"not_picked":["Coffee Dripper","Black Star"],"picked":"HoveringKite"}],"items_purged_floors":[2,22,41],"is_endless":false,"potions_floor_spawned":[7,13,18,23,31,33,36,47,48],"ascension_level":1}