{"gold_per_floor":[215,234,13,13,31,31,62,76,76,87,52,52,52,67,67,144,144,159,159,170,170],"floor_reached":21,"playtime":754,"items_purged":[],"score":335,"play_id":"ec9bc1d5-a19f-48d5-a6e6-83056125c267","local_time":"20190214163401","is_ascension_mode":true,"campfire_choices":[{"data":"Zap","floor":6,"key":"SMITH"},{"data":"Glacier","floor":12,"key":"SMITH"},{"data":"Go for the Eyes","floor":15,"key":"SMITH"}],"neow_cost":"NONE","seed_source_timestamp":1925269873743651,"circlet_count":0,"master_deck":["AscendersBane","Strike_B","Strike_B","Strike_B","Strike_B","Defend_B","Defend_B","Defend_B","Defend_B","Zap+1","Dualcast","Go for the Eyes+1","Ball Lightning","Glacier+1","Conserve Battery+1","White Noise","Seek","FTL"],"relics":["Cracked Core","OrangePellets","Blood Vial","Centennial Puzzle","Velvet Choker"],"potions_floor_usage":[8,16,16],"damage_taken":[{"damage":2,"enemies":"Cultist","floor":1,"turns":4},{"damage":3,"enemies":"Small Slimes","floor":2,"turns":3},{"damage":2,"enemies":"Jaw Worm","floor":5,"turns":3},{"damage":45,"enemies":"3 Sentries","floor":7,"turns":9},{"damage":2,"enemies":"Looter","floor":8,"turns":4},{"damage":6,"enemies":"Large Slime","floor":10,"turns":4},{"damage":0,"enemies":"2 Fungi Beasts","floor":14,"turns":3},{"damage":14,"enemies":"Hexaghost","floor":16,"turns":11},{"damage":7,"enemies":"Shell Parasite","floor":18,"turns":7},{"damage":9,"enemies":"3 Byrds","floor":20,"turns":6},{"damage":37,"enemies":"Masked Bandits","floor":21,"turns":3}],"seed_played":"-8004697143647417777","potions_obtained":[{"floor":7,"key":"Regen Potion"},{"floor":8,"key":"Fire Potion"},{"floor":14,"key":"Fire Potion"}],"is_trial":false,"path_per_floor":["M","M","$","?","M","R","E","M","T","M","?","R","?","M","R","B",null,"M","?","M","?"],"character_chosen":"DEFECT","items_purchased":["OrangePellets"],"campfire_rested":0,"item_purchase_floors":[3],"current_hp_per_floor":[62,59,59,64,62,62,17,29,29,25,44,44,44,46,46,34,66,61,39,32,0],"gold":170,"neow_bonus":"HUNDRED_GOLD","is_prod":false,"is_daily":false,"chose_seed":false,"campfire_upgraded":3,"win_rate":0,"timestamp":1550129641,"path_taken":["M","?","$","?","M","R","E","M","T","M","?","R","?","M","R","BOSS","M","?","M","?"],"build_version":"2019-01-23","purchased_purges":0,"victory":false,"max_hp_per_floor":[71,71,71,76,76,76,76,76,76,76,76,76,76,76,76,76,76,76,81,81,81],"card_choices":[{"not_picked":["Coolheaded","Beam Cell"],"picked":"Go for the Eyes","floor":1},{"not_picked":["Skim","Rebound"],"picked":"Ball Lightning","floor":2},{"not_picked":["Rebound","Steam","Go for the Eyes"],"picked":"SKIP","floor":5},{"not_picked":["Force Field","Cold Snap"],"picked":"Glacier","floor":7},{"not_picked":["Go for the Eyes","Beam Cell"],"picked":"Conserve Battery","floor":8},{"not_picked":["Steam Power","Beam Cell"],"picked":"White Noise","floor":10},{"not_picked":["Creative AI","Turbo","Beam Cell"],"picked":"SKIP","floor":14},{"not_picked":["Amplify","Meteor Strike"],"picked":"Seek","floor":16},{"not_picked":["Fusion","Skim"],"picked":"FTL","floor":18},{"not_picked":["Streamline","Turbo","Compile Driver"],"picked":"SKIP","floor":20}],"player_experience":535254,"relics_obtained":[{"floor":7,"key":"Blood Vial"},{"floor":9,"key":"Centennial Puzzle"}],"event_choices":[{"damage_healed":0,"gold_gain":0,"player_choice":"Donut","damage_taken":0,"max_hp_gain":5,"max_hp_loss":0,"event_name":"Big Fish","floor":4,"gold_loss":0},{"damage_healed":19,"gold_gain":0,"player_choice":"Healed","damage_taken":0,"max_hp_gain":0,"max_hp_loss":0,"event_name":"The Cleric","floor":11,"gold_loss":35},{"damage_healed":0,"gold_gain":0,"player_choice":"Grow","damage_taken":0,"max_hp_gain":0,"max_hp_loss":0,"event_name":"Living Wall","floor":13,"gold_loss":0,"cards_upgraded":["Conserve Battery"]},{"damage_healed":0,"gold_gain":0,"player_choice":"Shed Blood","damage_taken":27,"max_hp_gain":5,"max_hp_loss":0,"event_name":"Forgotten Altar","floor":19,"gold_loss":0},{"damage_healed":0,"gold_gain":0,"player_choice":"Fought Bandits","damage_taken":0,"max_hp_gain":0,"max_hp_loss":0,"event_name":"Masked Bandits","floor":21,"gold_loss":0}],"is_beta":false,"boss_relics":[{"not_picked":["Eternal Feather","Cursed Key"],"picked":"Velvet Choker"}],"items_purged_floors":[],"is_endless":false,"potions_floor_spawned":[7,8,14],"killed_by":"Masked Bandits","ascension_level":17}