{"gold_per_floor":[110,52,72,72,147,147,160,176,176,176,215,215,234,250,250,250],"floor_reached":16,"playtime":530,"items_purged":[],"score":204,"play_id":"3e8f5a36-31c9-4f24-940d-dc5cc1bd2e10","local_time":"20190406222742","is_ascension_mode":true,"campfire_choices":[{"data":"Crippling Poison","floor":6,"key":"SMITH"},{"data":"Neutralize","floor":10,"key":"SMITH"},{"floor":15,"key":"REST"}],"neow_cost":"NONE","seed_source_timestamp":741348175103679,"circlet_count":0,"master_deck":["AscendersBane","Defend_G","Defend_G","Defend_G","Defend_G","Defend_G","Strike_G","Strike_G","Strike_G","Strike_G","Strike_G","Survivor","Neutralize+1","Dagger Spray","Cloak And Dagger","Crippling Poison+1","PiercingWail","Bane","Calculated Gamble","Cloak And Dagger"],"relics":["Ring of the Snake","Centennial Puzzle","Golden Idol","Gremlin Horn","Pear"],"potions_floor_usage":[11,16],"damage_taken":[{"damage":1,"enemies":"Cultist","floor":1,"turns":5},{"damage":0,"enemies":"Small Slimes","floor":3,"turns":5},{"damage":1,"enemies":"Jaw Worm","floor":7,"turns":4},{"damage":8,"enemies":"3 Louse","floor":8,"turns":3},{"damage":33,"enemies":"Gremlin Nob","floor":11,"turns":5},{"damage":6,"enemies":"Blue Slaver","floor":13,"turns":7},{"damage":1,"enemies":"2 Fungi Beasts","floor":14,"turns":3},{"damage":32,"enemies":"Hexaghost","floor":16,"turns":9}],"seed_played":"2576207927934804280","potions_obtained":[{"floor":8,"key":"EssenceOfSteel"},{"floor":14,"key":"Dexterity Potion"}],"is_trial":false,"path_per_floor":["M","$","M","?","?","R","M","M","T","R","E","?","M","M","R","B"],"character_chosen":"THE_SILENT","items_purchased":["Cloak And Dagger"],"campfire_rested":1,"item_purchase_floors":[2],"current_hp_per_floor":[58,58,58,58,47,47,46,38,38,38,15,15,9,8,29,0],"gold":250,"neow_bonus":"RANDOM_COMMON_RELIC","is_prod":false,"is_daily":false,"chose_seed":false,"campfire_upgraded":2,"win_rate":0,"timestamp":1554557262,"path_taken":["M","?","M","?","?","R","M","M","T","R","E","?","M","?","R","BOSS"],"build_version":"2019-01-23","purchased_purges":0,"victory":false,"max_hp_per_floor":[66,66,66,60,60,60,60,60,60,60,70,70,70,70,70,70],"card_choices":[{"not_picked":["Quick Slash","Dagger Throw"],"picked":"Dagger Spray","floor":1},{"not_picked":["Sucker Punch","Caltrops"],"picked":"Crippling Poison","floor":3},{"not_picked":["Underhanded Strike","Choke"],"picked":"PiercingWail","floor":7},{"not_picked":["Doppelganger","Flying Knee"],"picked":"Bane","floor":8},{"not_picked":["Outmaneuver","Reflex"],"picked":"Calculated Gamble","floor":11},{"not_picked":["Calculated Gamble","Dagger Spray","Underhanded Strike"],"picked":"SKIP","floor":13},{"not_picked":["Slice","Sucker Punch"],"picked":"Cloak And Dagger","floor":14}],"player_experience":849519,"relics_obtained":[{"floor":9,"key":"Gremlin Horn"},{"floor":11,"key":"Pear"}],"event_choices":[{"damage_healed":0,"gold_gain":0,"player_choice":"Lose Max HP","damage_taken":0,"relics_obtained":["Golden Idol"],"max_hp_gain":0,"max_hp_loss":6,"event_name":"Golden Idol","floor":4,"gold_loss":0},{"damage_healed":0,"gold_gain":75,"player_choice":"Gather Gold","damage_taken":11,"max_hp_gain":0,"max_hp_loss":0,"event_name":"World of Goop","floor":5,"gold_loss":0},{"damage_healed":0,"gold_gain":0,"player_choice":"Ignored","damage_taken":0,"max_hp_gain":0,"max_hp_loss":0,"event_name":"Shining Light","floor":12,"gold_loss":0}],"is_beta":false,"boss_relics":[],"items_purged_floors":[],"is_endless":false,"potions_floor_spawned":[8,14],"killed_by":"Hexaghost","ascension_level":20}