{"gold_per_floor":[216,233,28,47,57,57,71,82,108,127,146,171,171,171,171,271,271,288,305,316,316,328,328,340,340,340,340],"floor_reached":27,"playtime":2994,"items_purged":[],"score":332,"play_id":"f52a206d-f40f-4f62-a7de-72c9e123c0f6","local_time":"20181215212441","is_ascension_mode":true,"campfire_choices":[{"data":"Neutralize","floor":6.0,"key":"SMITH"},{"floor":13,"key":"REST"},{"data":"Dagger Spray","floor":15,"key":"SMITH"},{"floor":23,"key":"REST"},{"floor":25,"key":"REST"}],"neow_cost":"NONE","seed_source_timestamp":0,"circlet_count":0,"master_deck":["AscendersBane","Defend_G","Defend_G","Defend_G","Defend_G","Defend_G","Strike_G","Strike_G","Strike_G","Strike_G","Strike_G","Survivor","Neutralize+1","Flying Knee","Dagger Spray+1","Quick Slash","Leg Sweep","PiercingWail","Backflip","Bullet Time","Backflip","Flechettes+1","Blur"],"special_seed":0,"relics":["Ring of the Serpent","ClockworkSouvenir","Smiling Mask","Regal Pillow","Blue Candle"],"potions_floor_usage":[12,16,16,20],"damage_taken":[{"damage":6.0,"enemies":"Cultist","floor":1.0,"turns":6.0},{"damage":3.0,"enemies":"2 Louse","floor":2.0,"turns":3.0},{"damage":0.0,"enemies":"Jaw Worm","floor":4.0,"turns":3.0},{"damage":4.0,"enemies":"3 Louse","floor":5.0,"turns":3.0},{"damage":4.0,"enemies":"Blue Slaver","floor":7.0,"turns":3.0},{"damage":0.0,"enemies":"Looter","floor":8.0,"turns":3.0},{"damage":1.0,"enemies":"3 Louse","floor":10.0,"turns":2.0},{"damage":1.0,"enemies":"2 Fungi Beasts","floor":11.0,"turns":3.0},{"damage":37,"enemies":"Lagavulin","floor":12,"turns":9},{"damage":11,"enemies":"Hexaghost","floor":16,"turns":11},{"damage":0,"enemies":"3 Byrds","floor":18,"turns":8},{"damage":15,"enemies":"Spheric Guardian","floor":19,"turns":7},{"damage":16,"enemies":"Shelled Parasite and Fungi","floor":20,"turns":12},{"damage":34,"enemies":"Sentry and Sphere","floor":22,"turns":8},{"damage":23,"enemies":"Snecko","floor":24,"turns":8},{"damage":24,"enemies":"Snake Plant","floor":27,"turns":7}],"seed_played":"-2535604771540638584","potions_obtained":[{"floor":4.0,"key":"LiquidBronze"},{"floor":5.0,"key":"AttackPotion"},{"floor":8.0,"key":"LiquidBronze"},{"floor":11.0,"key":"SkillPotion"},{"floor":19,"key":"AttackPotion"},{"floor":22,"key":"LiquidBronze"}],"is_trial":false,"path_per_floor":["M","M","$","M","M","R","M","M","T","M","M","E","R","?","R","B",null,"M","M","M","?","M","R","M","R","T","M"],"character_chosen":"THE_SILENT","items_purchased":["ClockworkSouvenir"],"campfire_rested":3,"item_purchase_floors":[3],"current_hp_per_floor":[57,54,54,54,50,50,46,46,46,45,44,7,43,66,66,55,66,66,51,35,35,1,37,14,50,50,26],"gold":340,"neow_bonus":"HUNDRED_GOLD","is_prod":false,"is_daily":false,"chose_seed":false,"campfire_upgraded":2,"win_rate":0,"timestamp":1544930681,"path_taken":["M","M","$","M","M","R","M","M","T","?","M","E","R","?","R","BOSS","M","M","M","?","M","R","M","R","T","M"],"build_version":"2018-12-13","purchased_purges":0,"victory":false,"max_hp_per_floor":[70,70,70,70,70,70,70,70,70,70,70,70,70,70,70,70,70,70,70,70,70,70,70,70,70,70,70],"card_choices":[{"not_picked":["Dash","Bane"],"picked":"Flying Knee","floor":1.0},{"not_picked":["All Out Attack","Flying Knee"],"picked":"Dagger Spray","floor":2.0},{"not_picked":["Acrobatics","Poisoned Stab","Prepared"],"picked":"SKIP","floor":4.0},{"not_picked":["Outmaneuver","Slice"],"picked":"Quick Slash","floor":5.0},{"not_picked":["Blade Dance","Calculated Gamble","After Image"],"picked":"SKIP","floor":7.0},{"not_picked":["Finisher","Underhanded Strike","Blade Dance"],"picked":"SKIP","floor":8.0},{"not_picked":["Masterful Stab","Bane"],"picked":"Leg Sweep","floor":10.0},{"not_picked":["Dash","Slice"],"picked":"PiercingWail","floor":11.0},{"not_picked":["Outmaneuver","Storm of Steel"],"picked":"Backflip","floor":12},{"not_picked":["Die Die Die","Envenom"],"picked":"Bullet Time","floor":16},{"not_picked":["Prepared","Underhanded Strike","Finisher"],"picked":"SKIP","floor":18},{"not_picked":["Quick Slash","Deadly Poison"],"picked":"Backflip","floor":19},{"not_picked":["Deadly Poison","Acrobatics"],"picked":"Flechettes+1","floor":20},{"not_picked":["Deflect","Underhanded Strike"],"picked":"Blur","floor":22},{"not_picked":["Tools of the Trade","PiercingWail","Reflex"],"picked":"SKIP","floor":24}],"player_experience":315775,"relics_obtained":[{"floor":9.0,"key":"Smiling Mask"},{"floor":12,"key":"Regal Pillow"},{"floor":26,"key":"Blue Candle"}],"event_choices":[{"damage_healed":23,"gold_gain":0,"player_choice":"Banana","damage_taken":0,"max_hp_gain":0,"max_hp_loss":0,"event_name":"Big Fish","floor":14,"gold_loss":0},{"damage_healed":0,"gold_gain":0,"player_choice":"Ignored","damage_taken":0,"max_hp_gain":0,"max_hp_loss":0,"event_name":"Cursed Tome","floor":21,"gold_loss":0}],"is_beta":false,"boss_relics":[{"not_picked":["Snecko Eye","Pandora\u0027s Box"],"picked":"Ring of the Serpent"}],"items_purged_floors":[],"is_endless":false,"potions_floor_spawned":[4,5,8,11,19,22],"killed_by":"Snake Plant","ascension_level":10}