{"gold_per_floor":[118,129,52,52,63,63,81,81,81,115,115,80,80,80,80,151,151,168,168,188,54,54,54,83,83,109,146,158,197,209,246,258,270],"floor_reached":33,"playtime":1088,"items_purged":["Strike_R"],"score":694,"play_id":"61b85e59-fcdd-4bb9-ad12-58e668f9d77c","local_time":"20190326141139","is_ascension_mode":true,"campfire_choices":[{"data":"Bash","floor":6.0,"key":"SMITH"},{"data":"Twin Strike","floor":8.0,"key":"SMITH"},{"data":"Spot Weakness","floor":11.0,"key":"SMITH"},{"data":"Evolve","floor":13.0,"key":"SMITH"},{"floor":15.0,"key":"REST"},{"data":"Shrug It Off","floor":23.0,"key":"SMITH"},{"data":"Exhume","floor":28.0,"key":"SMITH"},{"floor":30,"key":"REST"},{"floor":32,"key":"REST"}],"neow_cost":"TEN_PERCENT_HP_LOSS","seed_source_timestamp":645526252581395,"circlet_count":0,"master_deck":["AscendersBane","Strike_R","Strike_R","Defend_R","Defend_R","Defend_R","Defend_R","Bash+1","Battle Trance","Exhume+1","Twin Strike+1","Evolve+1","Twin Strike+1","Headbutt","Spot Weakness+1","Immolate+1","Warcry+1","Shrug It Off+1","Pommel Strike","RitualDagger","True Grit+1","Shrug It Off+1","Spot Weakness+1"],"special_seed":0,"relics":["Burning Blood","Juzu Bracelet","Question Card","Dodecahedron","Sozu","Bag of Preparation","MawBank","Red Mask","Toxic Egg 2","Sundial"],"potions_floor_usage":[],"damage_taken":[{"damage":3.0,"enemies":"Small Slimes","floor":1.0,"turns":4.0},{"damage":6.0,"enemies":"Cultist","floor":2.0,"turns":3.0},{"damage":4.0,"enemies":"2 Louse","floor":5.0,"turns":3.0},{"damage":0.0,"enemies":"Gremlin Gang","floor":7.0,"turns":1.0},{"damage":32.0,"enemies":"Gremlin Nob","floor":10.0,"turns":4.0},{"damage":0.0,"enemies":"Slime Boss","floor":16.0,"turns":7.0},{"damage":7.0,"enemies":"Chosen","floor":18.0,"turns":3.0},{"damage":28.0,"enemies":"3 Byrds","floor":20.0,"turns":4.0},{"damage":31.0,"enemies":"Slavers","floor":24.0,"turns":6.0},{"damage":0.0,"enemies":"Masked Bandits","floor":27.0,"turns":2.0},{"damage":11,"enemies":"Book of Stabbing","floor":29,"turns":3},{"damage":33,"enemies":"Gremlin Leader","floor":31,"turns":4},{"damage":58,"enemies":"Automaton","floor":33,"turns":6}],"seed_played":"-1782633449729976544","potions_obtained":[{"floor":5.0,"key":"AttackPotion"},{"floor":7.0,"key":"Regen Potion"},{"floor":10.0,"key":"PowerPotion"},{"floor":16.0,"key":"BloodPotion"}],"is_trial":false,"path_per_floor":["M","M","$","?","M","R","M","R","T","E","R","?","R","?","R","B",null,"M","?","M","$","?","R","E","?","T","?","R","E","R","E","R","B"],"character_chosen":"IRONCLAD","items_purchased":["Evolve","Shrug It Off"],"campfire_rested":3,"item_purchase_floors":[3,21],"current_hp_per_floor":[68,68,68,42,44,44,50,50,50,24,24,41,41,41,61,67,68,67,67,45,45,45,45,40,34,34,40,40,35,55,28,48,0],"gold":270,"neow_bonus":"TRANSFORM_TWO_CARDS","is_prod":false,"is_daily":false,"chose_seed":false,"campfire_upgraded":6,"win_rate":0,"timestamp":1553577099,"path_taken":["M","M","$","?","M","R","M","R","T","E","R","?","R","?","R","BOSS","M","?","M","?","?","R","E","?","T","?","R","E","R","E","R","BOSS"],"build_version":"2019-01-23","purchased_purges":1,"victory":false,"max_hp_per_floor":[68,68,68,68,68,68,68,68,68,68,68,68,68,68,68,68,68,68,68,68,68,68,68,68,68,68,68,68,68,68,68,68,68],"card_choices":[{"not_picked":["Body Slam","True Grit"],"picked":"Twin Strike","floor":1.0},{"not_picked":["Thunderclap","Rage","Armaments"],"picked":"SKIP","floor":2.0},{"not_picked":["Clash","Anger"],"picked":"Twin Strike","floor":5.0},{"not_picked":["Warcry","Pommel Strike"],"picked":"Headbutt","floor":7.0},{"not_picked":["Armaments","Barricade","Clash"],"picked":"Spot Weakness","floor":10.0},{"not_picked":["Offering","Feed","Fiend Fire"],"picked":"Immolate","floor":16.0},{"not_picked":["Dropkick","Pommel Strike","Perfected Strike","Clothesline"],"picked":"SKIP","floor":18.0},{"not_picked":["Anger","Bloodletting","Havoc"],"picked":"Warcry+1","floor":20.0},{"not_picked":["Clothesline","Thunderclap","Iron Wave","Sentinel"],"picked":"SKIP","floor":24.0},{"not_picked":["Reckless Charge","Feel No Pain","Armaments"],"picked":"True Grit+1","floor":27.0},{"not_picked":["Sever Soul+1","Armaments","Pommel Strike"],"picked":"Shrug It Off","floor":29},{"not_picked":["Combust","Infernal Blade+1","Twin Strike"],"picked":"Spot Weakness+1","floor":31}],"player_experience":796352,"relics_obtained":[{"floor":9.0,"key":"Question Card"},{"floor":10.0,"key":"Dodecahedron"},{"floor":24.0,"key":"Bag of Preparation"},{"floor":26.0,"key":"MawBank"},{"floor":27.0,"key":"Red Mask"},{"floor":29,"key":"Toxic Egg 2"},{"floor":31,"key":"Sundial"}],"event_choices":[{"damage_healed":0.0,"max_hp_gain":0.0,"max_hp_loss":0.0,"gold_gain":0.0,"event_name":"Scrap Ooze","player_choice":"Success","floor":4.0,"gold_loss":0.0,"damage_taken":26.0,"relics_obtained":["Juzu Bracelet"]},{"damage_healed":17.0,"max_hp_gain":0.0,"max_hp_loss":0.0,"gold_gain":0.0,"event_name":"The Cleric","player_choice":"Healed","floor":12.0,"gold_loss":35.0,"damage_taken":0.0},{"damage_healed":0.0,"max_hp_gain":0.0,"max_hp_loss":0.0,"gold_gain":0.0,"event_name":"Living Wall","player_choice":"Grow","floor":14.0,"gold_loss":0.0,"damage_taken":0.0,"cards_upgraded":["Twin Strike"]},{"damage_healed":0.0,"max_hp_gain":0.0,"max_hp_loss":0.0,"gold_gain":0.0,"event_name":"Accursed Blacksmith","player_choice":"Forge","floor":19.0,"gold_loss":0.0,"damage_taken":0.0,"cards_upgraded":["Immolate"]},{"damage_healed":0.0,"max_hp_gain":0.0,"max_hp_loss":0.0,"gold_gain":0.0,"event_name":"Match and Keep!","player_choice":"1 cards matched","floor":22.0,"gold_loss":0.0,"damage_taken":0.0,"cards_obtained":["Pommel Strike"]},{"damage_healed":0.0,"max_hp_gain":0.0,"max_hp_loss":0.0,"gold_gain":0.0,"event_name":"Nest","player_choice":"Joined the Cult","floor":25.0,"gold_loss":0.0,"damage_taken":6.0,"cards_obtained":["RitualDagger"]},{"damage_healed":0.0,"max_hp_gain":0.0,"max_hp_loss":0.0,"gold_gain":0.0,"event_name":"Masked Bandits","player_choice":"Fought Bandits","floor":27.0,"gold_loss":0.0,"damage_taken":0.0}],"is_beta":false,"boss_relics":[{"not_picked":["Eternal Feather","Ectoplasm"],"picked":"Sozu"}],"items_purged_floors":[21],"is_endless":false,"potions_floor_spawned":[5,7,10,16,18,29,31],"killed_by":"Automaton","ascension_level":20}