{"gold_per_floor":[368,383,158,171,171,207,225,225,306,320,333,348,348,362,362,492,492,512,512,208,408,424,462,512,532,532,257,270,0,0,35,35,35],"floor_reached":33,"playtime":1926,"items_purged":["Pain","Injury","Strike_G"],"score":314,"play_id":"a72307d2-83b6-4ed8-8052-b8ffcb1816ce","local_time":"20190314201421","is_ascension_mode":false,"campfire_choices":[{"floor":13,"key":"REST"},{"floor":15,"key":"REST"},{"floor":30,"key":"REST"},{"floor":32,"key":"REST"}],"neow_cost":"CURSE","seed_source_timestamp":209783333453,"circlet_count":0,"master_deck":["Defend_G","Defend_G","Defend_G","Defend_G","Defend_G","Strike_G+1","Strike_G","Strike_G+1","Strike_G","Survivor","Neutralize","Dagger Spray","Terror","Riddle With Holes","Sucker Punch","Sucker Punch","Dagger Spray","Corpse Explosion","Dagger Spray","Sucker Punch+1","Heel Hook+1"],"relics":["Ring of the Serpent","Vajra","Golden Idol","Du-Vu Doll","Juzu Bracelet","Orichalcum","Whetstone","The Specimen","Lantern","Nunchaku"],"potions_floor_usage":[10,12,12,14,16,22,23,25],"damage_taken":[{"damage":3,"enemies":"2 Louse","floor":1,"turns":4},{"damage":2,"enemies":"Jaw Worm","floor":2,"turns":4},{"damage":0,"enemies":"Cultist","floor":4,"turns":2},{"damage":44,"enemies":"3 Sentries","floor":6,"turns":11},{"damage":9,"enemies":"Exordium Thugs","floor":7,"turns":6},{"damage":0,"enemies":"3 Louse","floor":10,"turns":4},{"damage":5,"enemies":"2 Fungi Beasts","floor":11,"turns":3},{"damage":0,"enemies":"Looter","floor":12,"turns":2},{"damage":3,"enemies":"Red Slaver","floor":14,"turns":2},{"damage":11,"enemies":"Hexaghost","floor":16,"turns":7},{"damage":19,"enemies":"2 Thieves","floor":18,"turns":3},{"damage":1,"enemies":"Chosen","floor":22,"turns":4},{"damage":33,"enemies":"Slavers","floor":23,"turns":3},{"damage":29,"enemies":"Centurion and Healer","floor":25,"turns":5},{"damage":0,"enemies":"Cultist and Chosen","floor":28,"turns":4},{"damage":16,"enemies":"Gremlin Leader","floor":31,"turns":4},{"damage":46,"enemies":"Champ","floor":33,"turns":9}],"seed_played":"742243629416041576","potions_obtained":[{"floor":1,"key":"Dexterity Potion"},{"floor":6,"key":"FearPotion"},{"floor":10,"key":"SteroidPotion"},{"floor":11,"key":"FearPotion"},{"floor":14,"key":"Strength Potion"},{"floor":16,"key":"GhostInAJar"},{"floor":18,"key":"FearPotion"},{"floor":23,"key":"Energy Potion"}],"is_trial":false,"path_per_floor":["M","M","$","M","?","E","M","?","T","M","M","M","R","M","R","B",null,"M","?","$","?","M","E","T","M","T","$","M","?","R","E","R","B"],"character_chosen":"THE_SILENT","items_purchased":["Vajra","Juzu Bracelet","Dagger Spray","Lantern"],"campfire_rested":4,"item_purchase_floors":[3,20,20,27],"current_hp_per_floor":[67,65,65,65,65,21,12,12,12,12,7,7,28,25,46,35,70,51,70,70,70,69,36,36,7,7,7,7,7,28,12,33,0],"gold":35,"neow_bonus":"TWO_FIFTY_GOLD","is_prod":false,"is_daily":false,"chose_seed":false,"campfire_upgraded":0,"win_rate":0,"timestamp":1552608861,"path_taken":["M","M","$","M","?","E","M","?","T","?","M","M","R","M","R","BOSS","M","?","$","?","M","E","?","M","T","$","M","?","R","E","R","BOSS"],"build_version":"2019-01-23","purchased_purges":3,"victory":false,"max_hp_per_floor":[70,70,70,70,70,70,70,70,70,70,70,70,70,70,70,70,70,70,70,70,70,70,70,70,70,70,70,70,70,70,70,70,70],"card_choices":[{"not_picked":["Finisher","Dagger Throw"],"picked":"Dagger Spray","floor":1},{"not_picked":["Deflect","Tactician"],"picked":"Terror","floor":2},{"not_picked":["Deflect","Footwork"],"picked":"Riddle With Holes","floor":4},{"not_picked":["Acrobatics","Leg Sweep"],"picked":"Sucker Punch","floor":6},{"not_picked":["Glass Knife","Quick Slash"],"picked":"Sucker Punch","floor":7},{"not_picked":["Deadly Poison","Crippling Poison","Choke"],"picked":"SKIP","floor":10},{"not_picked":["Deadly Poison","Quick Slash"],"picked":"Dagger Spray","floor":11},{"not_picked":["Terror","Flechettes"],"picked":"Infinite Blades","floor":12},{"not_picked":["Dagger Throw","Acrobatics","Deadly Poison"],"picked":"SKIP","floor":14},{"not_picked":["Doppelganger","Adrenaline"],"picked":"Corpse Explosion","floor":16},{"not_picked":["Poisoned Stab","Calculated Gamble","Blur"],"picked":"SKIP","floor":18},{"not_picked":["Tactician","Flying Knee"],"picked":"Sucker Punch+1","floor":22},{"not_picked":["Escape Plan","Choke+1","Flying Knee"],"picked":"SKIP","floor":23},{"not_picked":["Backflip","Dash","Tactician"],"picked":"SKIP","floor":25},{"not_picked":["Dagger Throw+1","Flying Knee","Poisoned Stab"],"picked":"SKIP","floor":28},{"not_picked":["Backflip+1","Outmaneuver"],"picked":"Heel Hook+1","floor":31}],"player_experience":85113,"relics_obtained":[{"floor":6,"key":"Du-Vu Doll"},{"floor":23,"key":"Orichalcum"},{"floor":24,"key":"Whetstone"},{"floor":26,"key":"The Specimen"},{"floor":31,"key":"Nunchaku"}],"event_choices":[{"damage_healed":0,"gold_gain":0,"player_choice":"Take Wound","damage_taken":0,"relics_obtained":["Golden Idol"],"max_hp_gain":0,"max_hp_loss":0,"event_name":"Golden Idol","floor":5,"gold_loss":0,"cards_obtained":["Injury"]},{"damage_healed":0,"gold_gain":0,"player_choice":"Ignored","damage_taken":0,"max_hp_gain":0,"max_hp_loss":0,"event_name":"Liars Game","floor":8,"gold_loss":0},{"cards_removed":["Infinite Blades"],"damage_healed":19,"gold_gain":0,"player_choice":"Offered Uncommon","damage_taken":0,"max_hp_gain":0,"max_hp_loss":0,"event_name":"Bonfire Elementals","floor":19,"gold_loss":0},{"damage_healed":0,"gold_gain":250,"player_choice":"Bet on Owner","damage_taken":0,"max_hp_gain":0,"max_hp_loss":0,"event_name":"The Joust","floor":21,"gold_loss":50},{"damage_healed":0,"gold_gain":0,"player_choice":"Paid Fearfully","damage_taken":0,"max_hp_gain":0,"max_hp_loss":0,"event_name":"Masked Bandits","floor":29,"gold_loss":270}],"is_beta":false,"boss_relics":[{"not_picked":["Coffee Dripper","Ectoplasm"],"picked":"Ring of the Serpent"}],"items_purged_floors":[3,20,27],"is_endless":false,"potions_floor_spawned":[1,6,10,11,14,16,18,23],"killed_by":"Champ","ascension_level":0}