{"gold_per_floor":[112,112,123,48,61,61,71,71,71,97,109,123,123,123,123,221,221,231,231],"floor_reached":19,"playtime":1151,"items_purged":["Strike_G"],"score":186,"play_id":"94cc98be-fadf-4e74-acaa-b2857ce7304f","local_time":"20190127011807","is_ascension_mode":true,"campfire_choices":[{"data":"Neutralize","floor":6,"key":"SMITH"},{"data":"Adrenaline","floor":8,"key":"SMITH"},{"floor":15,"key":"REST"}],"neow_cost":"TEN_PERCENT_HP_LOSS","seed_source_timestamp":2286062184290,"circlet_count":0,"master_deck":["Defend_G","Defend_G","Defend_G","Defend_G+1","Strike_G","Strike_G","Survivor","Neutralize+1","Quick Slash","Infinite Blades","Poisoned Stab+1","Adrenaline+1","Escape Plan","Blur"],"relics":["Ring of the Snake","Letter Opener","Gambling Chip","HoveringKite"],"potions_floor_usage":[16,19],"damage_taken":[{"damage":1,"enemies":"Jaw Worm","floor":1,"turns":5},{"damage":0,"enemies":"Cultist","floor":3,"turns":3},{"damage":3,"enemies":"Small Slimes","floor":5,"turns":3},{"damage":13,"enemies":"3 Louse","floor":7,"turns":3},{"damage":3,"enemies":"Lagavulin","floor":10,"turns":5},{"damage":0,"enemies":"Exordium Wildlife","floor":11,"turns":3},{"damage":0,"enemies":"Blue Slaver","floor":12,"turns":2},{"damage":8,"enemies":"The Guardian","floor":16,"turns":13},{"damage":11,"enemies":"Spheric Guardian","floor":18,"turns":4},{"damage":24,"enemies":"Colosseum Slavers","floor":19,"turns":5},{"damage":45,"enemies":"Colosseum Nobs","floor":19,"turns":4}],"seed_played":"-9080247927606329063","potions_obtained":[{"floor":3,"key":"SneckoOil"},{"floor":5,"key":"SkillPotion"},{"floor":11,"key":"SmokeBomb"}],"is_trial":false,"path_per_floor":["M","?","M","$","M","R","M","R","T","E","M","M","?","?","R","B",null,"M","?"],"character_chosen":"THE_SILENT","items_purchased":[],"campfire_rested":1,"item_purchase_floors":[],"current_hp_per_floor":[62,62,62,62,59,59,46,46,46,43,43,43,30,23,41,33,63,52,0],"gold":231,"neow_bonus":"REMOVE_TWO","is_prod":false,"is_daily":false,"chose_seed":false,"campfire_upgraded":2,"win_rate":0,"timestamp":1548523087,"path_taken":["M","?","M","$","?","R","M","R","T","E","M","M","?","?","R","BOSS","M","?"],"build_version":"2019-01-23","purchased_purges":1,"victory":false,"max_hp_per_floor":[63,63,63,63,63,63,63,63,63,63,63,63,63,63,63,63,63,63,63],"card_choices":[{"not_picked":["Slice","Concentrate"],"picked":"Quick Slash","floor":1},{"not_picked":["Tactician","Deflect"],"picked":"Infinite Blades","floor":3},{"not_picked":["Prepared","PiercingWail"],"picked":"Poisoned Stab","floor":5},{"not_picked":["Leg Sweep","Flying Knee"],"picked":"Adrenaline","floor":7},{"not_picked":["Acrobatics","Bouncing Flask","Slice"],"picked":"SKIP","floor":10},{"not_picked":["Sucker Punch","Expertise"],"picked":"Escape Plan","floor":11},{"not_picked":["Underhanded Strike","Backflip"],"picked":"Blur","floor":12},{"not_picked":["Slice","Outmaneuver","Calculated Gamble"],"picked":"SKIP","floor":18}],"player_experience":384035,"relics_obtained":[{"floor":9,"key":"Letter Opener"},{"floor":10,"key":"Gambling Chip"}],"event_choices":[{"damage_healed":0,"gold_gain":0,"player_choice":"0 cards matched","damage_taken":0,"max_hp_gain":0,"max_hp_loss":0,"event_name":"Match and Keep!","floor":2,"gold_loss":0,"cards_obtained":[]},{"damage_healed":0,"gold_gain":0,"player_choice":"Entered Light","damage_taken":13,"max_hp_gain":0,"max_hp_loss":0,"event_name":"Shining Light","floor":13,"gold_loss":0,"cards_upgraded":["Defend_G","Poisoned Stab"]},{"cards_removed":["Strike_G"],"damage_healed":0,"gold_gain":0,"player_choice":"Card Removal","damage_taken":7,"max_hp_gain":0,"max_hp_loss":0,"event_name":"Golden Wing","floor":14,"gold_loss":0},{"damage_healed":0,"gold_gain":0,"player_choice":"Fight","damage_taken":0,"max_hp_gain":0,"max_hp_loss":0,"event_name":"Colosseum","floor":19,"gold_loss":0},{"damage_healed":0,"gold_gain":0,"player_choice":"Fought Nobs","damage_taken":0,"max_hp_gain":0,"max_hp_loss":0,"event_name":"Colosseum","floor":19,"gold_loss":0}],"is_beta":false,"boss_relics":[{"not_picked":["Ectoplasm","White Beast Statue"],"picked":"HoveringKite"}],"items_purged_floors":[4],"is_endless":false,"potions_floor_spawned":[3,5,11],"killed_by":"Colosseum Nobs","ascension_level":2}