{"gold_per_floor":[114,114,27,27,0,0,13,13,64,82,82,104,104,119,119,197,197,211,211,230,243,343,343,368,368,415,415,425,164,189,208,208,285,285,305,10,61,74,93,110,141,141,141,241,271,285,296,315,315,315,315,315,315,9,37,37],"floor_reached":57,"playtime":4859,"items_purged":["Strike_B+1","Strike_B+1"],"score":2809,"play_id":"28f18553-c8ed-4052-a2b0-c296646c7cd3","local_time":"20190422150502","is_ascension_mode":true,"campfire_choices":[{"floor":6.0,"key":"REST"},{"data":"Zap","floor":8.0,"key":"SMITH"},{"data":"Consume","floor":11.0,"key":"SMITH"},{"data":"Ball Lightning","floor":15.0,"key":"SMITH"},{"floor":23.0,"key":"REST"},{"data":"Coolheaded","floor":25.0,"key":"SMITH"},{"floor":27.0,"key":"REST"},{"data":"Doom and Gloom","floor":32.0,"key":"SMITH"},{"floor":42,"key":"RECALL"},{"data":"Defend_B","floor":49,"key":"SMITH"},{"data":"Defend_B","floor":53,"key":"SMITH"}],"neow_cost":"NONE","seed_source_timestamp":279346243147907,"circlet_count":0,"master_deck":["AscendersBane","Defend_B","Defend_B","Defend_B+1","Defend_B+1","Zap+1","Dualcast","Steam","Consume+1","Ball Lightning+1","Rebound","Coolheaded+1","Ball Lightning","All For One","Coolheaded+1","Electrodynamics","Multi-Cast+1","Glacier+1","Loop+1","Buffer+1","Self Repair+1","Blind+1","Doom and Gloom+1","Compile Driver","Creative AI+1","Machine Learning+1","Conserve Battery+1","Hologram+1","Skim+1","Undo+1","Leap+1","Buffer+1","Defragment+1","Defragment+1","Coolheaded+1","Core Surge"],"special_seed":0,"relics":["FrozenCore","Lantern","StoneCalendar","Orichalcum","Odd Mushroom","Toxic Egg 2","Snecko Eye","Bird Faced Urn","Frozen Egg 2","Ancient Tea Set","Blood Vial","Incense Burner","Turnip","Bronze Scales","Ice Cream","Question Card","Oddly Smooth Stone","Pantograph"],"potions_floor_usage":[56,56],"damage_taken":[{"damage":10.0,"enemies":"2 Louse","floor":1.0,"turns":2.0},{"damage":10.0,"enemies":"Small Slimes","floor":7.0,"turns":3.0},{"damage":0.0,"enemies":"Cultist","floor":10.0,"turns":3.0},{"damage":4.0,"enemies":"The Mushroom Lair","floor":12.0,"turns":3.0},{"damage":2.0,"enemies":"2 Fungi Beasts","floor":14.0,"turns":2.0},{"damage":16.0,"enemies":"Hexaghost","floor":16.0,"turns":7.0},{"damage":9.0,"enemies":"2 Thieves","floor":18.0,"turns":3.0},{"damage":0.0,"enemies":"3 Byrds","floor":20.0,"turns":2.0},{"damage":4.0,"enemies":"Snecko","floor":21.0,"turns":4.0},{"damage":1.0,"enemies":"Colosseum Slavers","floor":22.0,"turns":2.0},{"damage":17.0,"enemies":"Colosseum Nobs","floor":22.0,"turns":4.0},{"damage":15.0,"enemies":"Book of Stabbing","floor":24.0,"turns":4.0},{"damage":0.0,"enemies":"Cultist and Chosen","floor":28.0,"turns":4.0},{"damage":2.0,"enemies":"Gremlin Leader","floor":30.0,"turns":5.0},{"damage":0.0,"enemies":"3 Cultists","floor":31.0,"turns":4.0},{"damage":0.0,"enemies":"Champ","floor":33.0,"turns":9.0},{"damage":0.0,"enemies":"3 Darklings","floor":35.0,"turns":3.0},{"damage":12,"enemies":"2 Orb Walkers","floor":37,"turns":4},{"damage":0,"enemies":"Orb Walker","floor":38,"turns":4},{"damage":8,"enemies":"Transient","floor":39,"turns":6},{"damage":25,"enemies":"3 Darklings","floor":40,"turns":5},{"damage":26,"enemies":"Reptomancer","floor":41,"turns":5},{"damage":0,"enemies":"Mind Bloom Boss Battle","floor":44,"turns":9},{"damage":36,"enemies":"Giant Head","floor":45,"turns":19},{"damage":3,"enemies":"Jaw Worm Horde","floor":46,"turns":5},{"damage":15,"enemies":"Writhing Mass","floor":47,"turns":7},{"damage":0,"enemies":"Maw","floor":48,"turns":8},{"damage":10,"enemies":"Time Eater","floor":50,"turns":14},{"damage":13,"enemies":"Donu and Deca","floor":51,"turns":15},{"damage":0,"enemies":"Shield and Spear","floor":55,"turns":12},{"damage":36,"enemies":"The Heart","floor":56,"turns":12}],"seed_played":"-9046787789547698080","potions_obtained":[{"floor":1.0,"key":"Block Potion"},{"floor":7.0,"key":"Regen Potion"},{"floor":22.0,"key":"Ancient Potion"},{"floor":24.0,"key":"Swift Potion"},{"floor":31.0,"key":"SkillPotion"}],"is_trial":false,"path_per_floor":["M","?","$","?","?","R","M","R","T","M","R","?","T","M","R","B",null,"M","?","M","M","?","R","E","R","T","R","M","$","E","M","R","B",null,"M","$","?","M","M","M","E","R","T","?","E","M","M","M","R","B","B",null,"R","$","E","B",null],"character_chosen":"DEFECT","items_purchased":["Consume","Blind+1","Doom and Gloom","Hologram+1","LiquidBronze","Dexterity Potion","Oddly Smooth Stone","FocusPotion","Coolheaded+1"],"campfire_rested":3,"item_purchase_floors":[3,29,29,36,36,36,54,54,54],"current_hp_per_floor":[54,33,33,22,22,43,33,33,33,33,33,29,29,27,27,26,60,51,51,51,47,29,50,37,37,37,58,66,66,70,71,71,71,71,71,71,65,71,71,58,60,60,60,71,71,71,71,71,71,71,71,71,71,71,71,40],"gold":37,"neow_bonus":"RANDOM_COMMON_RELIC","is_prod":false,"is_daily":false,"chose_seed":false,"campfire_upgraded":7,"win_rate":0,"timestamp":1555913102,"path_taken":["M","?","$","?","?","R","M","R","T","M","R","?","?","?","R","BOSS","M","?","M","M","?","R","E","R","T","R","M","?","E","?","R","BOSS","M","$","?","M","M","M","E","R","T","?","E","M","M","M","R","BOSS","BOSS","R","$","E","BOSS"],"build_version":"2019-01-23","purchased_purges":2,"victory":true,"max_hp_per_floor":[71,71,71,71,71,71,71,71,71,71,71,71,71,71,71,71,71,71,71,71,71,71,71,71,71,71,71,71,71,71,71,71,71,71,71,71,71,71,71,71,71,71,71,71,71,71,71,71,71,71,71,71,71,71,71,71],"card_choices":[{"not_picked":["Double Energy","Redo"],"picked":"Steam","floor":1.0},{"not_picked":["Sweeping Beam","Turbo"],"picked":"Ball Lightning","floor":7.0},{"not_picked":["Melter","Heatsinks"],"picked":"Rebound","floor":10.0},{"not_picked":["Leap","Rebound"],"picked":"Coolheaded","floor":12.0},{"not_picked":["Storm","Darkness+1"],"picked":"Ball Lightning","floor":14.0},{"not_picked":["Hyperbeam","Buffer"],"picked":"All For One","floor":16.0},{"not_picked":["Fusion+1","Streamline"],"picked":"Coolheaded+1","floor":18.0},{"not_picked":["Scrape","Beam Cell+1","Barrage"],"picked":"SKIP","floor":20.0},{"not_picked":["Gash","Static Discharge"],"picked":"Glacier+1","floor":21.0},{"not_picked":["FTL","Recycle+1"],"picked":"Loop","floor":22.0},{"not_picked":["Stack+1","Ball Lightning"],"picked":"Buffer+1","floor":24.0},{"not_picked":["Redo+1","Sweeping Beam"],"picked":"Self Repair+1","floor":28.0},{"not_picked":["Stack+1","Beam Cell"],"picked":"Compile Driver","floor":30.0},{"not_picked":["Compile Driver","Sweeping Beam"],"picked":"Creative AI+1","floor":31.0},{"not_picked":["All For One","Rainbow+1"],"picked":"Machine Learning+1","floor":33.0},{"not_picked":["Melter+1","Go for the Eyes"],"picked":"Conserve Battery+1","floor":35.0},{"not_picked":["Sweeping Beam","Turbo+1"],"picked":"Skim+1","floor":37},{"not_picked":["Conserve Battery+1","Recycle+1"],"picked":"Undo+1","floor":38},{"not_picked":["Tempest+1","Double Energy+1","Melter"],"picked":"SKIP","floor":39},{"not_picked":["Lockon","Redo+1","Turbo+1"],"picked":"SKIP","floor":40},{"not_picked":["Lockon","Redo+1","Turbo+1"],"picked":"SKIP","floor":40},{"not_picked":["Rebound","Conserve Battery+1","Multi-Cast+1"],"picked":"SKIP","floor":41},{"not_picked":["Turbo+1","Coolheaded+1"],"picked":"Leap+1","floor":44},{"not_picked":["Cold Snap","Ball Lightning"],"picked":"Buffer+1","floor":45},{"not_picked":["Static Discharge+1","Reprogram+1","Melter","Leap+1"],"picked":"SKIP","floor":46},{"not_picked":["Compile Driver","White Noise+1","Ball Lightning"],"picked":"Defragment+1","floor":47},{"not_picked":["Hello World+1","Storm+1","Cold Snap"],"picked":"Defragment+1","floor":48},{"not_picked":["Undo+1","Go for the Eyes+1","Darkness+1"],"picked":"Core Surge","floor":55}],"player_experience":1042432,"relics_obtained":[{"floor":9.0,"key":"Orichalcum"},{"floor":12.0,"key":"Odd Mushroom"},{"floor":13.0,"key":"Toxic Egg 2"},{"floor":22.0,"key":"Bird Faced Urn"},{"floor":22.0,"key":"Frozen Egg 2"},{"floor":24.0,"key":"Ancient Tea Set"},{"floor":26.0,"key":"Blood Vial"},{"floor":30.0,"key":"Incense Burner"},{"floor":37,"key":"Turnip"},{"floor":41,"key":"Bronze Scales"},{"floor":44,"key":"Ice Cream"},{"floor":45,"key":"Question Card"},{"floor":55,"key":"Pantograph"}],"event_choices":[{"damage_healed":0.0,"max_hp_gain":0.0,"max_hp_loss":0.0,"gold_gain":0.0,"event_name":"Shining Light","player_choice":"Entered Light","floor":2.0,"gold_loss":0.0,"damage_taken":21.0,"cards_upgraded":["Strike_B","Strike_B"]},{"damage_healed":0.0,"max_hp_gain":0.0,"max_hp_loss":0.0,"gold_gain":0.0,"event_name":"Scrap Ooze","player_choice":"Success","floor":4.0,"gold_loss":0.0,"damage_taken":11.0,"relics_obtained":["StoneCalendar"]},{"damage_healed":0.0,"max_hp_gain":0.0,"max_hp_loss":0.0,"gold_gain":0.0,"event_name":"World of Goop","player_choice":"Left Gold","floor":5.0,"gold_loss":27.0,"damage_taken":0.0},{"damage_healed":0.0,"max_hp_gain":0.0,"max_hp_loss":0.0,"gold_gain":0.0,"event_name":"Mushrooms","player_choice":"Fought Mushrooms","floor":12.0,"gold_loss":0.0,"damage_taken":0.0},{"damage_healed":0.0,"max_hp_gain":0.0,"max_hp_loss":0.0,"gold_gain":0.0,"cards_transformed":["Strike_B","Strike_B"],"event_name":"Drug Dealer","player_choice":"Became Test Subject","floor":19.0,"gold_loss":0.0,"damage_taken":0.0,"cards_obtained":["Electrodynamics","Multi-Cast"]},{"damage_healed":0.0,"max_hp_gain":0.0,"max_hp_loss":0.0,"gold_gain":0.0,"event_name":"Colosseum","player_choice":"Fight","floor":22.0,"gold_loss":0.0,"damage_taken":0.0},{"damage_healed":0.0,"max_hp_gain":0.0,"max_hp_loss":0.0,"gold_gain":0.0,"event_name":"Colosseum","player_choice":"Fought Nobs","floor":22.0,"gold_loss":0.0,"damage_taken":0.0},{"damage_healed":0,"gold_gain":0,"player_choice":"Fight","damage_taken":0,"max_hp_gain":0,"max_hp_loss":0,"event_name":"Mysterious Sphere","floor":37,"gold_loss":0},{"damage_healed":0,"gold_gain":0,"player_choice":"Fight","damage_taken":0,"max_hp_gain":0,"max_hp_loss":0,"event_name":"MindBloom","floor":44,"gold_loss":0}],"is_beta":false,"boss_relics":[{"not_picked":["Runic Pyramid","Astrolabe"],"picked":"Snecko Eye"},{"not_picked":["Orrery","White Beast Statue"],"picked":"FrozenCore"}],"items_purged_floors":[29,36],"is_endless":false,"potions_floor_spawned":[1,7,22,22,24,31,33,37,39,41,44,45,48],"ascension_level":20}