{"gold_per_floor":[119,31,31,50,68,98,98,118,144,190,222,309,321,333,345,357],"floor_reached":16,"playtime":732,"items_purged":[],"score":220,"play_id":"93993ebf-f5d4-47d2-9622-dde3714d04a5","local_time":"20190429192209","is_ascension_mode":true,"campfire_choices":[{"data":"Zap","floor":7,"key":"SMITH"},{"data":"Defragment","floor":13,"key":"SMITH"},{"data":"Sweeping Beam","floor":15,"key":"SMITH"}],"neow_cost":"NONE","seed_source_timestamp":51344216780100,"circlet_count":0,"master_deck":["AscendersBane","Strike_B","Strike_B","Strike_B","Strike_B","Defend_B","Defend_B","Defend_B","Defend_B","Zap+1","Dualcast","Steam","Glacier","Sweeping Beam+1","Leap","Rebound","Reboot+1","Defragment+1","Seek","Sweeping Beam+1"],"relics":["Cracked Core","NeowsBlessing","Ancient Tea Set","Molten Egg 2","MawBank","Nunchaku"],"potions_floor_usage":[6,6,11,16],"damage_taken":[{"damage":0,"enemies":"Cultist","floor":1,"turns":1},{"damage":0,"enemies":"Small Slimes","floor":4,"turns":1},{"damage":0,"enemies":"2 Louse","floor":5,"turns":1},{"damage":11,"enemies":"Lagavulin","floor":6,"turns":8},{"damage":0,"enemies":"Exordium Thugs","floor":8,"turns":5},{"damage":9,"enemies":"3 Sentries","floor":10,"turns":8},{"damage":1,"enemies":"Large Slime","floor":11,"turns":6},{"damage":39,"enemies":"Slime Boss","floor":16,"turns":5}],"seed_played":"-4939742274916209173","potions_obtained":[{"floor":1,"key":"Poison Potion"},{"floor":5,"key":"Ancient Potion"},{"floor":8,"key":"FearPotion"},{"floor":10,"key":"Fruit Juice"}],"is_trial":false,"path_per_floor":["M","$","T","M","M","E","R","M","T","E","M","?","R","?","R","B"],"character_chosen":"DEFECT","items_purchased":["Glacier","Sweeping Beam"],"campfire_rested":0,"item_purchase_floors":[2,2],"current_hp_per_floor":[64,64,64,64,64,53,53,53,53,44,43,32,32,32,32,0],"gold":357,"neow_bonus":"THREE_ENEMY_KILL","is_prod":false,"is_daily":false,"chose_seed":false,"campfire_upgraded":3,"win_rate":0,"timestamp":1556533329,"path_taken":["M","?","?","M","?","E","R","M","T","E","M","?","R","?","R","BOSS"],"build_version":"2019-01-23","purchased_purges":0,"victory":false,"max_hp_per_floor":[71,71,71,71,71,71,71,71,71,71,71,71,71,71,71,76],"card_choices":[{"not_picked":["Streamline","Barrage"],"picked":"Steam","floor":1},{"not_picked":["Streamline","Coolheaded"],"picked":"Leap","floor":4},{"not_picked":["Gash","Hologram"],"picked":"Rebound","floor":5},{"not_picked":["Rebound","Scrape"],"picked":"Reboot","floor":6},{"not_picked":["Cold Snap+1","Recycle"],"picked":"Defragment","floor":8},{"not_picked":["Compile Driver+1","Cold Snap+1"],"picked":"Seek","floor":10},{"not_picked":["Compile Driver+1","Streamline+1"],"picked":"Sweeping Beam+1","floor":11}],"player_experience":1145852,"relics_obtained":[{"floor":3,"key":"Ancient Tea Set"},{"floor":6,"key":"Molten Egg 2"},{"floor":9,"key":"MawBank"},{"floor":10,"key":"Nunchaku"}],"event_choices":[{"damage_healed":0,"gold_gain":75,"player_choice":"Gather Gold","damage_taken":11,"max_hp_gain":0,"max_hp_loss":0,"event_name":"World of Goop","floor":12,"gold_loss":0},{"damage_healed":0,"gold_gain":0,"player_choice":"Upgraded","damage_taken":0,"max_hp_gain":0,"max_hp_loss":0,"event_name":"Upgrade Shrine","floor":14,"gold_loss":0,"cards_upgraded":["Reboot"]}],"is_beta":false,"boss_relics":[],"items_purged_floors":[],"is_endless":false,"potions_floor_spawned":[1,5,8,10],"killed_by":"Slime Boss","ascension_level":20}