{"gold_per_floor":[118,138,113,129,129,129,156,156,156,156,174,189,189,206,206,306,306,325,336,336,346,128,143,155,182,182,198,198,208,208,227,227,227],"floor_reached":33,"playtime":1848,"items_purged":["Strike_B"],"score":323,"play_id":"24c7a8da-bb9a-486c-8274-1488680d8f5b","local_time":"20181211230927","is_ascension_mode":false,"campfire_choices":[{"data":"Defragment","floor":6,"key":"SMITH"},{"data":"Double Energy","floor":8,"key":"SMITH"},{"data":"Streamline","floor":10,"key":"SMITH"},{"data":"Dualcast","floor":13,"key":"SMITH"},{"data":"Conserve Battery","floor":15,"key":"SMITH"},{"data":"Capacitor","floor":30,"key":"SMITH"},{"data":"Seek","floor":32,"key":"SMITH"}],"neow_cost":"PERCENT_DAMAGE","seed_source_timestamp":1114584748378544,"circlet_count":0,"master_deck":["Strike_B","Strike_B","Strike_B","Defend_B","Defend_B","Defend_B","Defend_B","Zap+1","Dualcast+1","Double Energy+1","Cold Snap","Streamline+1","Defragment+1","Conserve Battery+1","Coolheaded","Seek+1","Capacitor+1","Beam Cell+1","Ball Lightning+1","Go for the Eyes"],"relics":["FrozenCore","Ginger","Matryoshka","Shuriken","Singing Bowl","Bag of Marbles","Bronze Scales","Emotion Chip","Juzu Bracelet"],"potions_floor_usage":[16,16,25,25,25,27,33],"damage_taken":[{"damage":5,"enemies":"Small Slimes","floor":1,"turns":3},{"damage":0,"enemies":"2 Louse","floor":2,"turns":2},{"damage":6,"enemies":"Jaw Worm","floor":4,"turns":3},{"damage":19,"enemies":"Lagavulin","floor":7,"turns":6},{"damage":0,"enemies":"Exordium Thugs","floor":11,"turns":3},{"damage":4,"enemies":"Looter","floor":12,"turns":3},{"damage":2,"enemies":"3 Louse","floor":14,"turns":2},{"damage":1,"enemies":"Slime Boss","floor":16,"turns":11},{"damage":14,"enemies":"3 Byrds","floor":18,"turns":6},{"damage":9,"enemies":"Shell Parasite","floor":19,"turns":9},{"damage":10,"enemies":"Snake Plant","floor":21,"turns":5},{"damage":8,"enemies":"Centurion and Healer","floor":23,"turns":8},{"damage":11,"enemies":"Shelled Parasite and Fungi","floor":24,"turns":7},{"damage":0,"enemies":"Gremlin Leader","floor":25,"turns":7},{"damage":9,"enemies":"Snake Plant","floor":27,"turns":4},{"damage":1,"enemies":"Sentry and Sphere","floor":29,"turns":5},{"damage":5,"enemies":"Chosen and Byrds","floor":31,"turns":4},{"damage":35,"enemies":"Champ","floor":33,"turns":7}],"seed_played":"-7459945816135272912","potions_obtained":[{"floor":1,"key":"Ancient Potion"},{"floor":4,"key":"Strength Potion"},{"floor":16,"key":"SkillPotion"},{"floor":18,"key":"Swift Potion"},{"floor":19,"key":"Explosive Potion"},{"floor":27,"key":"Fruit Juice"},{"floor":29,"key":"LiquidBronze"}],"is_trial":false,"path_per_floor":["M","M","$","M","?","R","E","R","T","R","M","M","R","M","R","B",null,"M","M","$","M","$","M","M","E","T","M","?","M","R","M","R","B"],"character_chosen":"DEFECT","items_purchased":["Streamline","Bag of Marbles"],"campfire_rested":0,"item_purchase_floors":[3,22],"current_hp_per_floor":[49,49,49,43,43,43,24,24,24,24,26,24,24,22,22,21,79,67,58,58,48,48,42,31,33,33,31,31,32,32,27,27,0],"gold":227,"neow_bonus":"ONE_RARE_RELIC","is_prod":false,"is_daily":false,"chose_seed":false,"campfire_upgraded":7,"win_rate":0,"timestamp":1544537367,"path_taken":["M","M","$","M","?","R","E","R","T","R","M","M","R","M","R","BOSS","M","M","$","M","$","M","M","E","T","M","?","M","R","M","R","BOSS"],"build_version":"2018-12-06","purchased_purges":1,"victory":false,"max_hp_per_floor":[75,75,75,75,75,75,75,75,75,75,77,79,79,79,79,79,79,81,81,81,81,81,83,83,85,85,92,92,94,94,94,94,94],"card_choices":[{"not_picked":["Sweeping Beam","Turbo"],"picked":"Double Energy","floor":1},{"not_picked":["Coolheaded","Redo"],"picked":"Cold Snap","floor":2},{"not_picked":["Sweeping Beam","Hologram"],"picked":"Defragment","floor":4},{"not_picked":["Heatsinks","Turbo"],"picked":"Conserve Battery","floor":7},{"not_picked":["Barrage","Meteor Strike","Stack"],"picked":"Singing Bowl","floor":11},{"not_picked":["Cold Snap","Steam","Streamline"],"picked":"Singing Bowl","floor":12},{"not_picked":["Chill","Rainbow"],"picked":"Coolheaded","floor":14},{"not_picked":["All For One","Biased Cognition"],"picked":"Seek","floor":16},{"not_picked":["Compile Driver+1","Hologram","Turbo"],"picked":"Singing Bowl","floor":18},{"not_picked":["Coolheaded","White Noise"],"picked":"Capacitor","floor":19},{"not_picked":["Chill","Stack"],"picked":"Beam Cell+1","floor":21},{"not_picked":["Stack","Steam","Hello World"],"picked":"Singing Bowl","floor":23},{"not_picked":["Buffer","Lockon"],"picked":"Ball Lightning+1","floor":24},{"not_picked":["Turbo","Rebound","Redo"],"picked":"Singing Bowl","floor":25},{"not_picked":["Consume","Sweeping Beam","Leap"],"picked":"Singing Bowl","floor":27},{"not_picked":["Rebound","Chill","Rip and Tear"],"picked":"Singing Bowl","floor":29},{"not_picked":["Double Energy","Lockon+1"],"picked":"Go for the Eyes","floor":31}],"player_experience":153210,"relics_obtained":[{"floor":7,"key":"Matryoshka"},{"floor":9,"key":"Shuriken"},{"floor":9,"key":"Singing Bowl"},{"floor":25,"key":"Bronze Scales"},{"floor":26,"key":"Emotion Chip"},{"floor":26,"key":"Juzu Bracelet"}],"event_choices":[{"damage_healed":0,"gold_gain":0,"player_choice":"Grow","damage_taken":0,"max_hp_gain":0,"max_hp_loss":0,"event_name":"Living Wall","floor":5,"gold_loss":0,"cards_upgraded":["Zap"]},{"damage_healed":0,"gold_gain":0,"player_choice":"Ignored","damage_taken":0,"max_hp_gain":0,"max_hp_loss":0,"event_name":"Ghosts","floor":28,"gold_loss":0}],"is_beta":false,"boss_relics":[{"not_picked":["White Beast Statue","Pandora\u0027s Box"],"picked":"FrozenCore"}],"items_purged_floors":[22],"is_endless":false,"potions_floor_spawned":[1,4,16,18,19,24,27,29],"killed_by":"Champ","ascension_level":0}