{"gold_per_floor":[112,112,112,127,145,145,170,170,170,170,238,238,254,271,271,271],"floor_reached":16,"playtime":1300,"items_purged":[],"score":127,"play_id":"ab561421-dc8e-4f9b-893c-858b2910148f","local_time":"20181012222550","is_ascension_mode":false,"campfire_choices":[{"data":"Catalyst","floor":6,"key":"SMITH"},{"floor":10,"key":"REST"},{"data":"Backstab","floor":12,"key":"SMITH"},{"floor":15,"key":"REST"}],"neow_cost":"NONE","seed_source_timestamp":31562935237049,"circlet_count":0,"master_deck":["Defend_G","Defend_G","Defend_G","Defend_G","Defend_G","Strike_G","Strike_G","Strike_G","Strike_G","Strike_G","Survivor","Neutralize+1","Sucker Punch","Slice","Catalyst+1","Backstab+1","Backflip"],"relics":["Ring of the Snake","Orichalcum","SsserpentHead","Pear"],"potions_floor_usage":[11,16],"damage_taken":[{"damage":9,"enemies":"Cultist","floor":1,"turns":5},{"damage":0,"enemies":"Jaw Worm","floor":4,"turns":5},{"damage":0,"enemies":"2 Louse","floor":5,"turns":3},{"damage":33,"enemies":"Gremlin Nob","floor":7,"turns":6},{"damage":7,"enemies":"Exordium Thugs","floor":11,"turns":7},{"damage":0,"enemies":"3 Louse","floor":13,"turns":2},{"damage":0,"enemies":"Looter","floor":14,"turns":3},{"damage":85,"enemies":"The Guardian","floor":16,"turns":24}],"seed_played":"-6601280842416671892","potions_obtained":[{"floor":0,"key":"SmokeBomb"},{"floor":0,"key":"Dexterity Potion"},{"floor":0,"key":"Strength Potion"},{"floor":5,"key":"Energy Potion"},{"floor":7,"key":"Fruit Juice"},{"floor":11,"key":"Weak Potion"}],"is_trial":false,"path_per_floor":["M","?","?","M","M","R","E","?","T","R","M","R","M","M","R"],"character_chosen":"THE_SILENT","items_purchased":[],"campfire_rested":2,"item_purchase_floors":[],"current_hp_per_floor":[61,61,61,61,61,61,28,28,38,62,60,60,60,60,85,0],"gold":271,"neow_bonus":"THREE_SMALL_POTIONS","is_prod":false,"is_daily":false,"chose_seed":false,"campfire_upgraded":2,"win_rate":0.0,"timestamp":1539397550,"path_taken":["M","?","?","?","M","R","E","?","T","R","?","R","M","M","R","BOSS"],"build_version":"2018-10-11","purchased_purges":0,"victory":false,"max_hp_per_floor":[70,70,70,70,70,70,70,70,80,80,85,85,85,85,85,85],"card_choices":[{"not_picked":["Deflect","Outmaneuver"],"picked":"Sucker Punch","floor":1},{"not_picked":["Predator","Tactician"],"picked":"Slice","floor":4},{"not_picked":["Sucker Punch","Reflex"],"picked":"Catalyst","floor":5},{"not_picked":["Slice","Prepared"],"picked":"Backstab","floor":7},{"not_picked":["Dagger Throw","Acrobatics","A Thousand Cuts"],"picked":"SKIP","floor":11},{"not_picked":["Flying Knee","Predator"],"picked":"Backflip","floor":13},{"not_picked":["Catalyst","Flechettes","Deflect"],"picked":"SKIP","floor":14}],"player_experience":27553,"relics_obtained":[{"floor":7,"key":"Orichalcum"},{"floor":9,"key":"Pear"}],"event_choices":[{"event_name":"Upgrade Shrine","player_choice":"Upgraded","floor":2,"damage_taken":0},{"event_name":"Golden Wing","player_choice":"Ignored","floor":3,"damage_taken":0},{"event_name":"FaceTrader","player_choice":"Trade","floor":8,"damage_taken":0}],"is_beta":false,"boss_relics":[],"items_purged_floors":[],"is_endless":false,"potions_floor_spawned":[5,7,11,14],"killed_by":"The Guardian","ascension_level":0}