{"gold_per_floor":[116,116,2,15,15,15,44,44,90,165,175,185,202,6,6,102,102,118,118,133,151,2,2,14,14,14,32,109,109,125,145,145,145],"floor_reached":33,"playtime":1501,"items_purged":["Strike_R"],"score":274,"play_id":"105372e6-6723-40ee-9810-1d3119087777","local_time":"20181212110554","is_ascension_mode":false,"campfire_choices":[{"data":"Bash","floor":6,"key":"SMITH"},{"data":"Infernal Blade","floor":8,"key":"SMITH"},{"data":"Disarm","floor":15,"key":"SMITH"},{"data":"Impervious","floor":23,"key":"SMITH"},{"floor":25,"key":"RECALL"},{"data":"Demon Form","floor":29,"key":"SMITH"},{"floor":32,"key":"REST"}],"neow_cost":"NONE","seed_source_timestamp":1157919939968724,"circlet_count":0,"master_deck":["Strike_R","Strike_R+1","Strike_R","Strike_R","Defend_R","Defend_R","Defend_R+1","Defend_R","Bash+1","Shockwave+1","Infernal Blade+1","Disarm+1","Exhume+1","Cleave+1","Impervious+1","Demon Form+1","Dropkick+1","Ghostly Armor+1"],"relics":["Black Blood","NeowsBlessing","Anchor","Membership Card","Pen Nib","Potion Belt","Molten Egg 2"],"potions_floor_usage":[21,24,31,31,33],"damage_taken":[{"damage":0,"enemies":"Jaw Worm","floor":1,"turns":1},{"damage":0,"enemies":"Small Slimes","floor":4,"turns":1},{"damage":0,"enemies":"Gremlin Nob","floor":7,"turns":1},{"damage":4,"enemies":"Cultist","floor":11,"turns":3},{"damage":0,"enemies":"Lots of Slimes","floor":12,"turns":5},{"damage":0,"enemies":"Exordium Thugs","floor":13,"turns":5},{"damage":42,"enemies":"The Guardian","floor":16,"turns":12},{"damage":12,"enemies":"Chosen","floor":18,"turns":7},{"damage":11,"enemies":"3 Byrds","floor":20,"turns":7},{"damage":35,"enemies":"Cultist and Chosen","floor":21,"turns":8},{"damage":14,"enemies":"3 Cultists","floor":24,"turns":5},{"damage":15,"enemies":"Snake Plant","floor":27,"turns":5},{"damage":34,"enemies":"Sentry and Sphere","floor":30,"turns":6},{"damage":11,"enemies":"Chosen and Byrds","floor":31,"turns":7},{"damage":57,"enemies":"Collector","floor":33,"turns":6}],"seed_played":"4874997379751429581","potions_obtained":[{"floor":1,"key":"Swift Potion"},{"floor":11,"key":"AttackPotion"},{"floor":18,"key":"AttackPotion"},{"floor":24,"key":"Strength Potion"},{"floor":27,"key":"Dexterity Potion"}],"is_trial":false,"path_per_floor":["M","?","$","M","?","R","E","R","T","?","M","M","M","$","R","B",null,"M","?","M","M","$","R","M","R","T","M","T","R","M","M","R","B"],"character_chosen":"IRONCLAD","items_purchased":["Shockwave","Membership Card","Impervious","Pen Nib"],"campfire_rested":1,"item_purchase_floors":[3,14,22,22],"current_hp_per_floor":[80,64,64,70,70,70,76,76,76,65,67,73,79,79,79,43,80,78,78,77,52,52,52,48,48,48,43,43,43,19,18,42,0],"gold":145,"neow_bonus":"THREE_ENEMY_KILL","is_prod":false,"is_daily":false,"chose_seed":false,"campfire_upgraded":5,"win_rate":0,"timestamp":1544580354,"path_taken":["M","?","$","M","?","R","E","R","T","?","?","M","M","$","R","BOSS","M","?","M","M","$","R","?","R","T","?","?","R","?","M","R","BOSS"],"build_version":"2018-12-06","purchased_purges":1,"victory":false,"max_hp_per_floor":[80,80,80,80,80,80,80,80,80,80,80,80,80,80,80,80,80,80,80,80,80,80,80,80,80,80,80,80,80,80,80,80,80],"card_choices":[{"not_picked":["Corruption","Pommel Strike","Carnage"],"picked":"SKIP","floor":1},{"not_picked":["Body Slam","Anger","Perfected Strike"],"picked":"SKIP","floor":4},{"not_picked":["Body Slam","Intimidate"],"picked":"Infernal Blade","floor":7},{"not_picked":["True Grit","Power Through","Wild Strike"],"picked":"SKIP","floor":11},{"not_picked":["Juggernaut","True Grit"],"picked":"Disarm","floor":12},{"not_picked":["Rage","Metallicize","Shrug It Off"],"picked":"SKIP","floor":13},{"not_picked":["Juggernaut","Berserk"],"picked":"Exhume","floor":16},{"not_picked":["Armaments","Reckless Charge","Sword Boomerang+1"],"picked":"SKIP","floor":18},{"not_picked":["Perfected Strike","Wild Strike","Rupture"],"picked":"SKIP","floor":20},{"not_picked":["Twin Strike+1","Clothesline"],"picked":"Cleave+1","floor":21},{"not_picked":["Clash+1","Pummel","Clothesline"],"picked":"SKIP","floor":24},{"not_picked":["Thunderclap","Cleave"],"picked":"Demon Form","floor":27},{"not_picked":["Infernal Blade+1","Sword Boomerang+1"],"picked":"Dropkick+1","floor":30},{"not_picked":["Uppercut+1","Combust+1"],"picked":"Ghostly Armor+1","floor":31}],"player_experience":158227,"relics_obtained":[{"floor":7,"key":"Anchor"},{"floor":26,"key":"Potion Belt"},{"floor":28,"key":"Molten Egg 2"}],"event_choices":[{"damage_healed":0,"gold_gain":0,"player_choice":"Entered Light","damage_taken":16,"max_hp_gain":0,"max_hp_loss":0,"event_name":"Shining Light","floor":2,"gold_loss":0,"cards_upgraded":["Defend_R","Strike_R"]},{"damage_healed":0,"gold_gain":0,"player_choice":"Grow","damage_taken":0,"max_hp_gain":0,"max_hp_loss":0,"event_name":"Living Wall","floor":5,"gold_loss":0,"cards_upgraded":["Shockwave"]},{"damage_healed":0,"gold_gain":75,"player_choice":"Gather Gold","damage_taken":11,"max_hp_gain":0,"max_hp_loss":0,"event_name":"World of Goop","floor":10,"gold_loss":0},{"damage_healed":0,"gold_gain":0,"player_choice":"Forge","damage_taken":0,"max_hp_gain":0,"max_hp_loss":0,"event_name":"Accursed Blacksmith","floor":19,"gold_loss":0,"cards_upgraded":["Exhume"]}],"is_beta":false,"boss_relics":[{"not_picked":["Lizard Tail","Runic Pyramid"],"picked":"Black Blood"}],"items_purged_floors":[3],"is_endless":false,"potions_floor_spawned":[1,11,18,24,27],"killed_by":"Collector","ascension_level":0}