{"gold_per_floor":[113,39,51,23,0,0,29,29,29,56,71,99,24,39,39,114,114,129,129,129,144,156,156,156,156,182,182,207,207,221,13,13,87,87,101,152,170,170,188,214,214,247,297,315,344,183,183,196,196,196,196],"floor_reached":51,"playtime":3221,"items_purged":["Strike_G","Strike_G"],"score":1542,"play_id":"bc2a7591-e755-4333-88c7-ab60edde2467","local_time":"20190416230951","is_ascension_mode":true,"campfire_choices":[{"data":"Poisoned Stab","floor":6,"key":"SMITH"},{"data":"Dagger Throw","floor":8,"key":"SMITH"},{"floor":15,"key":"REST"},{"floor":23,"key":"REST"},{"data":"All Out Attack","floor":25,"key":"SMITH"},{"data":"Crippling Poison","floor":27,"key":"SMITH"},{"data":"All Out Attack","floor":29,"key":"SMITH"},{"floor":32,"key":"REST"},{"floor":41,"key":"REST"},{"floor":47,"key":"RECALL"},{"floor":49,"key":"REST"}],"neow_cost":"NONE","seed_source_timestamp":1605199514506396,"circlet_count":0,"master_deck":["AscendersBane","Defend_G","Defend_G","Defend_G","Defend_G","Defend_G","Survivor","Neutralize","Dagger Throw+1","Dagger Throw","Poisoned Stab+1","Cloak And Dagger","Adrenaline","All Out Attack+1","Deadly Poison","Malaise","All Out Attack+1","RitualDagger","Adrenaline","Crippling Poison+1","Leg Sweep+1","PiercingWail","Crippling Poison+1","Underhanded Strike+1","Dagger Throw+1","Calculated Gamble+1","PiercingWail+1","Cloak And Dagger","Prepared","Backflip","Underhanded Strike+1","Prepared","PiercingWail"],"relics":["Ring of the Snake","NeowsBlessing","FossilizedHelix","Regal Pillow","Letter Opener","Strawberry","Matryoshka","Runic Pyramid","Orichalcum","Blood Vial","Paper Crane","Snake Skull","Astrolabe","Incense Burner","Vajra","Smiling Mask","Happy Flower","Bottled Lightning"],"potions_floor_usage":[12,33,33,36,45,50,50],"damage_taken":[{"damage":0,"enemies":"2 Louse","floor":1,"turns":1},{"damage":0,"enemies":"Cultist","floor":3,"turns":1},{"damage":0,"enemies":"Gremlin Nob","floor":7,"turns":1},{"damage":26,"enemies":"3 Sentries","floor":10,"turns":13},{"damage":0,"enemies":"Small Slimes","floor":11,"turns":2},{"damage":10,"enemies":"Lagavulin","floor":12,"turns":5},{"damage":0,"enemies":"Exordium Wildlife","floor":14,"turns":3},{"damage":22,"enemies":"The Guardian","floor":16,"turns":10},{"damage":0,"enemies":"Chosen","floor":18,"turns":6},{"damage":19,"enemies":"Spheric Guardian","floor":21,"turns":8},{"damage":22,"enemies":"3 Cultists","floor":22,"turns":5},{"damage":29,"enemies":"Slavers","floor":28,"turns":5},{"damage":2,"enemies":"Shelled Parasite and Fungi","floor":30,"turns":7},{"damage":28,"enemies":"Collector","floor":33,"turns":10},{"damage":0,"enemies":"Orb Walker","floor":35,"turns":5},{"damage":6,"enemies":"2 Orb Walkers","floor":36,"turns":5},{"damage":0,"enemies":"3 Darklings","floor":37,"turns":4},{"damage":0,"enemies":"Sphere and 2 Shapes","floor":39,"turns":3},{"damage":24,"enemies":"Reptomancer","floor":40,"turns":7},{"damage":0,"enemies":"Nemesis","floor":42,"turns":9},{"damage":0,"enemies":"4 Shapes","floor":44,"turns":7},{"damage":38,"enemies":"Reptomancer","floor":45,"turns":6},{"damage":9,"enemies":"Writhing Mass","floor":48,"turns":7},{"damage":41,"enemies":"Time Eater","floor":50,"turns":19},{"damage":30,"enemies":"Donu and Deca","floor":51,"turns":3}],"seed_played":"1609296135852683906","potions_obtained":[{"floor":3,"key":"Ancient Potion"},{"floor":10,"key":"Strength Potion"},{"floor":12,"key":"LiquidBronze"},{"floor":28,"key":"Dexterity Potion"},{"floor":33,"key":"SteroidPotion"},{"floor":37,"key":"SmokeBomb"},{"floor":44,"key":"Energy Potion"}],"is_trial":false,"path_per_floor":["M","?","M","$","?","R","E","R","T","E","M","E","$","M","R","B",null,"M","?","?","M","M","R","?","R","T","R","E","R","M","$","R","B",null,"M","?","M","?","M","E","R","E","T","M","E","$","R","M","R","B","B"],"character_chosen":"THE_SILENT","items_purchased":["Poisoned Stab","Snake Skull","Crippling Poison","Block Potion","Poison Potion"],"campfire_rested":5,"item_purchase_floors":[4,31,31,46,46],"current_hp_per_floor":[59,59,59,59,59,59,59,59,59,40,40,30,30,30,66,44,66,66,60,60,41,19,55,55,55,55,55,28,28,28,28,64,38,64,66,62,64,64,66,44,73,73,73,73,35,35,35,28,64,25,0],"gold":196,"neow_bonus":"THREE_ENEMY_KILL","is_prod":false,"is_daily":false,"chose_seed":false,"campfire_upgraded":5,"win_rate":0,"timestamp":1555423791,"path_taken":["M","?","?","$","?","R","E","R","T","E","M","E","?","M","R","BOSS","M","?","?","M","?","R","?","R","T","R","E","R","M","$","R","BOSS","M","?","M","?","M","E","R","E","T","M","E","$","R","?","R","BOSS","BOSS"],"build_version":"2019-01-23","purchased_purges":2,"victory":false,"max_hp_per_floor":[66,66,66,66,66,66,66,66,66,73,73,73,73,73,73,73,73,73,73,73,73,73,73,73,73,73,73,73,73,73,73,73,73,73,73,73,73,73,73,73,73,73,73,73,73,73,73,73,73,73,73],"card_choices":[{"not_picked":["Bane","Underhanded Strike"],"picked":"Dagger Throw","floor":1},{"not_picked":["Infinite Blades","Finisher"],"picked":"Dagger Throw","floor":3},{"not_picked":["Sucker Punch","Dodge and Roll"],"picked":"Cloak And Dagger","floor":7},{"not_picked":["Masterful Stab","Backflip"],"picked":"Adrenaline","floor":10},{"not_picked":["Masterful Stab","Accuracy"],"picked":"All Out Attack","floor":11},{"not_picked":["Die Die Die","Masterful Stab"],"picked":"Deadly Poison","floor":12},{"not_picked":["Blade Dance","Flying Knee","Deflect"],"picked":"SKIP","floor":14},{"not_picked":["Night Terror","Venomology"],"picked":"Malaise","floor":16},{"not_picked":["Dagger Throw","Prepared"],"picked":"All Out Attack","floor":18},{"not_picked":["Finisher","Leg Sweep"],"picked":"Crippling Poison","floor":21},{"not_picked":["Bane","Poisoned Stab"],"picked":"Leg Sweep+1","floor":22},{"not_picked":["Underhanded Strike","Infinite Blades","Leg Sweep"],"picked":"SKIP","floor":28},{"not_picked":["Deadly Poison","Tactician"],"picked":"PiercingWail","floor":30},{"not_picked":["Slice","Cloak And Dagger"],"picked":"PiercingWail+1","floor":35},{"not_picked":["Blade Dance","Endless Agony"],"picked":"Cloak And Dagger","floor":36},{"not_picked":["Deflect","Leg Sweep+1"],"picked":"Prepared","floor":37},{"not_picked":["Glass Knife","Skewer"],"picked":"Backflip","floor":39},{"not_picked":["Poisoned Stab","Dash+1"],"picked":"Underhanded Strike+1","floor":40},{"not_picked":["Blade Dance","Choke","Poisoned Stab+1"],"picked":"SKIP","floor":42},{"not_picked":["Slice","Acrobatics","Cloak And Dagger"],"picked":"SKIP","floor":44},{"not_picked":["Flying Knee+1","Doppelganger"],"picked":"Prepared","floor":45},{"not_picked":["Riddle With Holes","Blade Dance"],"picked":"PiercingWail","floor":48}],"player_experience":951856,"relics_obtained":[{"floor":7,"key":"Regal Pillow"},{"floor":9,"key":"Letter Opener"},{"floor":10,"key":"Strawberry"},{"floor":12,"key":"Matryoshka"},{"floor":26,"key":"Orichalcum"},{"floor":26,"key":"Blood Vial"},{"floor":28,"key":"Paper Crane"},{"floor":36,"key":"Incense Burner"},{"floor":40,"key":"Vajra"},{"floor":42,"key":"Smiling Mask"},{"floor":43,"key":"Happy Flower"},{"floor":45,"key":"Bottled Lightning"}],"event_choices":[{"damage_healed":0,"gold_gain":0,"player_choice":"Paid Gold","damage_taken":0,"relics_obtained":["FossilizedHelix"],"max_hp_gain":0,"max_hp_loss":0,"event_name":"WeMeetAgain","floor":2,"gold_loss":74},{"damage_healed":0,"gold_gain":0,"player_choice":"Left Gold","damage_taken":0,"max_hp_gain":0,"max_hp_loss":0,"event_name":"World of Goop","floor":5,"gold_loss":23},{"damage_healed":0,"gold_gain":0,"player_choice":"Joined the Cult","damage_taken":6,"max_hp_gain":0,"max_hp_loss":0,"event_name":"Nest","floor":19,"gold_loss":0,"cards_obtained":["RitualDagger"]},{"damage_healed":0,"gold_gain":0,"player_choice":"Copied","damage_taken":0,"max_hp_gain":0,"max_hp_loss":0,"event_name":"Duplicator","floor":20,"gold_loss":0,"cards_obtained":["Adrenaline"]},{"damage_healed":0,"gold_gain":0,"player_choice":"Ignored","damage_taken":0,"max_hp_gain":0,"max_hp_loss":0,"event_name":"Ghosts","floor":24,"gold_loss":0},{"damage_healed":0,"gold_gain":0,"player_choice":"Fight","damage_taken":0,"max_hp_gain":0,"max_hp_loss":0,"event_name":"Mysterious Sphere","floor":36,"gold_loss":0},{"damage_healed":0,"gold_gain":0,"player_choice":"Forge","damage_taken":0,"max_hp_gain":0,"max_hp_loss":0,"event_name":"Accursed Blacksmith","floor":38,"gold_loss":0,"cards_upgraded":["Crippling Poison"]}],"is_beta":false,"boss_relics":[{"not_picked":["Tiny House","Black Star"],"picked":"Runic Pyramid"},{"not_picked":["WristBlade","Empty Cage"],"picked":"Astrolabe"}],"items_purged_floors":[13,46],"is_endless":false,"potions_floor_spawned":[3,10,12,28,30,33,37,44,48],"killed_by":"Donu and Deca","ascension_level":20}