{"gold_per_floor":[129,141,153,181,212,224,251,263,324,336,348,381,393,430,442,550,562,592,628,640],"floor_reached":20,"playtime":634,"items_purged":[],"score":332,"play_id":"2650be3a-a608-4686-8e9f-5afb5a62337d","local_time":"20190225121725","is_ascension_mode":true,"campfire_choices":[{"data":"Defragment","floor":6,"key":"SMITH"},{"data":"Zap","floor":8,"key":"SMITH"},{"data":"Streamline","floor":10,"key":"SMITH"},{"data":"Dualcast","floor":15,"key":"SMITH"}],"neow_cost":"NONE","seed_source_timestamp":2860392800021358,"circlet_count":0,"master_deck":["AscendersBane","Strike_B","Defend_B","Defend_B","Defend_B","Defend_B","Zap+1","Dualcast+1","Streamline+1","Defragment+1","Ball Lightning","Coolheaded","Genetic Algorithm","Echo Form","Capacitor+1","Auto Shields"],"relics":["Cracked Core","MawBank","PreservedInsect","Golden Idol","Empty Cage"],"potions_floor_usage":[18,19,20],"damage_taken":[{"damage":11,"enemies":"2 Louse","floor":1,"turns":3},{"damage":0,"enemies":"Cultist","floor":4,"turns":3},{"damage":4,"enemies":"Jaw Worm","floor":5,"turns":4},{"damage":7,"enemies":"Looter","floor":7,"turns":3},{"damage":14,"enemies":"Blue Slaver","floor":12,"turns":4},{"damage":5,"enemies":"3 Louse","floor":14,"turns":3},{"damage":5,"enemies":"The Guardian","floor":16,"turns":11},{"damage":6,"enemies":"Chosen","floor":18,"turns":5},{"damage":24,"enemies":"2 Thieves","floor":19,"turns":5},{"damage":36,"enemies":"Colosseum Slavers","floor":20,"turns":4}],"seed_played":"5401182546464342934","potions_obtained":[{"floor":4,"key":"Block Potion"},{"floor":12,"key":"AttackPotion"},{"floor":19,"key":"SpeedPotion"}],"is_trial":false,"path_per_floor":["M","$","?","M","M","R","M","R","T","R","?","M","?","M","R","B",null,"M","M","?"],"character_chosen":"DEFECT","items_purchased":[],"campfire_rested":0,"item_purchase_floors":[],"current_hp_per_floor":[53,53,58,58,54,54,47,47,47,47,47,33,33,28,28,23,58,52,28,0],"gold":640,"neow_bonus":"RANDOM_COMMON_RELIC","is_prod":false,"is_daily":false,"chose_seed":false,"campfire_upgraded":4,"win_rate":0,"timestamp":1551064645,"path_taken":["M","$","?","M","M","R","M","R","T","R","?","M","?","M","R","BOSS","M","M","?"],"build_version":"2019-01-23","purchased_purges":0,"victory":false,"max_hp_per_floor":[71,71,76,76,76,76,76,76,76,76,69,69,69,69,69,69,69,69,69,69],"card_choices":[{"not_picked":["Stack","Barrage"],"picked":"Streamline","floor":1},{"not_picked":["Heatsinks","Melter","Rebound"],"picked":"SKIP","floor":4},{"not_picked":["Force Field","Static Discharge"],"picked":"Defragment","floor":5},{"not_picked":["Consume","Darkness"],"picked":"Ball Lightning","floor":7},{"not_picked":["Tempest","Barrage"],"picked":"Coolheaded","floor":12},{"not_picked":["Coolheaded","Hello World","Buffer"],"picked":"SKIP","floor":14},{"not_picked":["Rainbow","Fission"],"picked":"Echo Form","floor":16},{"not_picked":["Stack","Loop"],"picked":"Capacitor+1","floor":18},{"not_picked":["Skim","Stack"],"picked":"Auto Shields","floor":19}],"player_experience":585360,"relics_obtained":[{"floor":9,"key":"PreservedInsect"}],"event_choices":[{"damage_healed":0,"gold_gain":0,"player_choice":"Donut","damage_taken":0,"max_hp_gain":5,"max_hp_loss":0,"event_name":"Big Fish","floor":3,"gold_loss":0},{"damage_healed":0,"gold_gain":0,"player_choice":"Lose Max HP","damage_taken":0,"relics_obtained":["Golden Idol"],"max_hp_gain":0,"max_hp_loss":7,"event_name":"Golden Idol","floor":11,"gold_loss":0},{"damage_healed":0,"gold_gain":0,"cards_transformed":["Strike_B"],"player_choice":"Transformed","damage_taken":0,"max_hp_gain":0,"max_hp_loss":0,"event_name":"Transmorgrifier","floor":13,"gold_loss":0,"cards_obtained":["Genetic Algorithm"]},{"damage_healed":0,"gold_gain":0,"player_choice":"Fight","damage_taken":0,"max_hp_gain":0,"max_hp_loss":0,"event_name":"Colosseum","floor":20,"gold_loss":0}],"is_beta":false,"boss_relics":[{"not_picked":["Coffee Dripper","Runic Pyramid"],"picked":"Empty Cage"}],"items_purged_floors":[],"is_endless":false,"potions_floor_spawned":[4,12,14,16,19],"killed_by":"Colosseum Slavers","ascension_level":20}