{"gold_per_floor":[364,383,343,10,26,26,52,52,52,52,13,13,24,51,51,125,125,136,51,51,51,26,26,56,56,56,56,56,56,67,87,87,166,166,183,20,20,33,33,33,0,35,35,35,46,56,17,17,17,17,17],"floor_reached":51,"playtime":2031,"items_purged":["Strike_G"],"score":1394,"play_id":"e1b42625-c542-41be-9152-e4cf55ee449a","local_time":"20190309130705","is_ascension_mode":true,"campfire_choices":[{"data":"Noxious Fumes","floor":6.0,"key":"SMITH"},{"floor":8.0,"key":"REST"},{"data":"Neutralize","floor":15.0,"key":"SMITH"},{"data":"All Out Attack","floor":23.0,"key":"SMITH"},{"floor":25.0,"key":"REST"},{"data":"Backflip","floor":29.0,"key":"SMITH"},{"floor":32.0,"key":"REST"},{"floor":40.0,"key":"REST"},{"data":"Footwork","floor":44.0,"key":"SMITH"},{"floor":49.0,"key":"REST"}],"neow_cost":"PERCENT_DAMAGE","seed_source_timestamp":201041430895977,"circlet_count":0,"master_deck":["AscendersBane","Defend_G","Defend_G","Defend_G","Defend_G","Defend_G","Strike_G","Strike_G","Strike_G","Survivor","Neutralize+1","Poisoned Stab","Blur","Noxious Fumes+1","Backflip+1","Sucker Punch","Dagger Spray+1","All Out Attack+1","Calculated Gamble","Quick Slash","Dodge and Roll","Footwork+1","Corpse Explosion","Deflect+1","Catalyst+1","Noxious Fumes"],"special_seed":0,"relics":["Ring of the Snake","Vajra","Pear","Singing Bowl","Smiling Mask","Eternal Feather","StoneCalendar","Torii","Mercury Hourglass","Sozu","Snake Skull","Bronze Scales","Red Mask","Ornamental Fan","Bottled Tornado","Ice Cream"],"potions_floor_usage":[],"damage_taken":[{"damage":0.0,"enemies":"2 Louse","floor":1.0,"turns":4.0},{"damage":1.0,"enemies":"Cultist","floor":2.0,"turns":4.0},{"damage":2.0,"enemies":"Jaw Worm","floor":5.0,"turns":5.0},{"damage":26.0,"enemies":"Gremlin Nob","floor":7.0,"turns":4.0},{"damage":1.0,"enemies":"2 Fungi Beasts","floor":13.0,"turns":3.0},{"damage":13.0,"enemies":"Lagavulin","floor":14.0,"turns":6.0},{"damage":24.0,"enemies":"Hexaghost","floor":16.0,"turns":11.0},{"damage":11.0,"enemies":"3 Byrds","floor":18.0,"turns":5.0},{"damage":54.0,"enemies":"Slavers","floor":24.0,"turns":5.0},{"damage":1.0,"enemies":"Masked Bandits","floor":27.0,"turns":2.0},{"damage":13.0,"enemies":"Chosen","floor":30.0,"turns":4.0},{"damage":13.0,"enemies":"Snake Plant","floor":31.0,"turns":5.0},{"damage":77.0,"enemies":"Champ","floor":33.0,"turns":20.0},{"damage":12.0,"enemies":"Orb Walker","floor":35.0,"turns":4.0},{"damage":12.0,"enemies":"3 Darklings","floor":38.0,"turns":3.0},{"damage":37.0,"enemies":"Reptomancer","floor":42.0,"turns":6.0},{"damage":26.0,"enemies":"Writhing Mass","floor":45.0,"turns":6.0},{"damage":9.0,"enemies":"Maw","floor":46.0,"turns":8.0},{"damage":55.0,"enemies":"Time Eater","floor":50.0,"turns":8.0},{"damage":14,"enemies":"Donu and Deca","floor":51,"turns":3}],"seed_played":"388306050765369671","potions_obtained":[{"floor":3.0,"key":"Fire Potion"},{"floor":3.0,"key":"SmokeBomb"},{"floor":7.0,"key":"GhostInAJar"},{"floor":30.0,"key":"EssenceOfSteel"},{"floor":31.0,"key":"SteroidPotion"}],"is_trial":false,"path_per_floor":["M","M","?","$","M","R","E","R","T","?","$","?","M","E","R","B",null,"M","?","?","$","$","R","E","R","T","?","?","R","M","M","R","B",null,"M","$","?","M","$","R","?","E","T","R","M","M","$","T","R","B","B"],"character_chosen":"THE_SILENT","items_purchased":["Noxious Fumes","Vajra","Backflip","All Out Attack","Quick Slash","Snake Skull","Noxious Fumes"],"campfire_rested":5,"item_purchase_floors":[4,4,4,11,22,36,47],"current_hp_per_floor":[44,43,43,43,41,41,25,47,47,47,47,47,46,35,35,13,63,54,54,54,54,54,66,12,48,48,47,63,75,64,51,84,7,65,55,55,55,43,43,80,80,43,43,58,34,27,27,27,69,14,0],"gold":17,"neow_bonus":"TWO_FIFTY_GOLD","is_prod":false,"is_daily":false,"chose_seed":false,"campfire_upgraded":5,"win_rate":0,"timestamp":1552104425,"path_taken":["M","M","?","$","?","R","E","R","T","?","$","?","?","E","R","BOSS","M","?","?","?","$","R","E","R","T","?","?","R","M","M","R","BOSS","M","$","?","M","?","R","?","E","T","R","M","?","$","?","R","BOSS","BOSS"],"build_version":"2019-01-23","purchased_purges":1,"victory":false,"max_hp_per_floor":[66,66,66,66,66,66,76,76,76,76,76,76,76,78,78,80,80,82,82,82,82,82,82,82,82,82,82,82,82,84,84,84,84,84,86,86,86,86,86,86,86,86,86,86,88,90,90,90,90,90,90],"card_choices":[{"not_picked":["Calculated Gamble","Underhanded Strike"],"picked":"Poisoned Stab","floor":1.0},{"not_picked":["Footwork","Poisoned Stab"],"picked":"Blur","floor":2.0},{"not_picked":["Dodge and Roll","Outmaneuver"],"picked":"Sucker Punch","floor":5.0},{"not_picked":["Terror","Storm of Steel"],"picked":"Dagger Spray","floor":7.0},{"not_picked":["Deflect","Caltrops"],"picked":"Calculated Gamble","floor":13.0},{"not_picked":["Eviscerate","Masterful Stab","Blade Dance"],"picked":"Singing Bowl","floor":14.0},{"not_picked":["Phantasmal Killer","Grand Finale","Night Terror"],"picked":"Singing Bowl","floor":16.0},{"not_picked":["Dagger Spray","Expertise","Acrobatics"],"picked":"Singing Bowl","floor":18.0},{"not_picked":["Flechettes","Caltrops"],"picked":"Dodge and Roll","floor":24.0},{"not_picked":["Quick Slash","Skewer","Acrobatics"],"picked":"Singing Bowl","floor":30.0},{"not_picked":["Prepared","Accuracy+1"],"picked":"Footwork","floor":31.0},{"not_picked":["Storm of Steel","Glass Knife"],"picked":"Corpse Explosion","floor":33.0},{"not_picked":["Heel Hook","Bane","Quick Slash"],"picked":"Singing Bowl","floor":35.0},{"not_picked":["Poisoned Stab","Dodge and Roll"],"picked":"Deflect+1","floor":38.0},{"not_picked":["Setup","Eviscerate+1"],"picked":"Catalyst+1","floor":42.0},{"not_picked":["Bouncing Flask","Outmaneuver","Caltrops+1"],"picked":"Singing Bowl","floor":45.0},{"not_picked":["Poisoned Stab","Caltrops","Deflect"],"picked":"Singing Bowl","floor":46.0}],"player_experience":656282,"relics_obtained":[{"floor":7.0,"key":"Pear"},{"floor":9.0,"key":"Singing Bowl"},{"floor":14.0,"key":"Smiling Mask"},{"floor":24.0,"key":"Torii"},{"floor":26.0,"key":"Mercury Hourglass"},{"floor":37.0,"key":"Bronze Scales"},{"floor":42.0,"key":"Ornamental Fan"},{"floor":43.0,"key":"Bottled Tornado"},{"floor":48.0,"key":"Ice Cream"}],"event_choices":[{"damage_healed":0.0,"max_hp_gain":0.0,"max_hp_loss":0.0,"gold_gain":0.0,"event_name":"The Woman in Blue","player_choice":"Bought 3 Potions","floor":3.0,"gold_loss":0.0,"damage_taken":0.0},{"damage_healed":0.0,"max_hp_gain":0.0,"max_hp_loss":0.0,"gold_gain":0.0,"event_name":"Living Wall","player_choice":"Grow","floor":10.0,"gold_loss":0.0,"damage_taken":0.0,"cards_upgraded":["Dagger Spray"]},{"cards_removed":["Strike_G"],"damage_healed":0.0,"max_hp_gain":0.0,"max_hp_loss":0.0,"gold_gain":0.0,"event_name":"Purifier","player_choice":"Purged","floor":12.0,"gold_loss":0.0,"damage_taken":0.0},{"damage_healed":0.0,"max_hp_gain":0.0,"max_hp_loss":0.0,"gold_gain":0.0,"event_name":"Addict","player_choice":"Obtained Relic","floor":19.0,"gold_loss":85.0,"damage_taken":0.0,"relics_obtained":["StoneCalendar"]},{"damage_healed":0.0,"max_hp_gain":0.0,"max_hp_loss":0.0,"gold_gain":0.0,"event_name":"The Mausoleum","player_choice":"Ignored","floor":20.0,"gold_loss":0.0,"damage_taken":0.0},{"damage_healed":0.0,"max_hp_gain":0.0,"max_hp_loss":0.0,"gold_gain":0.0,"event_name":"Masked Bandits","player_choice":"Fought Bandits","floor":27.0,"gold_loss":0.0,"damage_taken":0.0},{"damage_healed":16.0,"max_hp_gain":0.0,"max_hp_loss":0.0,"gold_gain":0.0,"event_name":"The Library","player_choice":"Heal","floor":28.0,"gold_loss":0.0,"damage_taken":0.0},{"damage_healed":0.0,"max_hp_gain":0.0,"max_hp_loss":0.0,"gold_gain":0.0,"event_name":"Wheel of Change","player_choice":"Relic","floor":37.0,"gold_loss":0.0,"damage_taken":0.0},{"damage_healed":0.0,"max_hp_gain":0.0,"max_hp_loss":0.0,"gold_gain":0.0,"event_name":"Tomb of Lord Red Mask","player_choice":"Paid","floor":41.0,"gold_loss":33.0,"damage_taken":0.0,"relics_obtained":["Red Mask"]}],"is_beta":false,"boss_relics":[{"not_picked":["Coffee Dripper","Lizard Tail"],"picked":"Eternal Feather"},{"not_picked":["HoveringKite","Empty Cage"],"picked":"Sozu"}],"items_purged_floors":[4],"is_endless":false,"potions_floor_spawned":[5,7,16,30,31,35,45],"killed_by":"Donu and Deca","ascension_level":20}