{"gold_per_floor":[12,12,29,43,61,61,140,154,154,171,203,203,216,270,270,369,419,430,441,458,458,458,458,458,475,547,558,558,573,573,592,592,592],"floor_reached":33,"playtime":2803,"items_purged":[],"score":303,"play_id":"424758f4-a2f8-4f06-897e-8c65583a271e","local_time":"20180822230832","is_ascension_mode":false,"campfire_choices":[{"data":"Metallicize","floor":6,"key":"SMITH"},{"data":"Perfected Strike","floor":12,"key":"SMITH"},{"data":"Bash","floor":15,"key":"SMITH"},{"floor":23,"key":"REST"},{"floor":28,"key":"REST"},{"data":"Shrug It Off","floor":32,"key":"SMITH"}],"neow_cost":"NO_GOLD","seed_source_timestamp":11749683217837,"circlet_count":0,"master_deck":["Strike_R+1","Strike_R+1","Strike_R+1","Strike_R+1","Strike_R+1","Defend_R+1","Defend_R+1","Defend_R+1","Defend_R+1","Bash+1","Armaments+1","Perfected Strike","Metallicize+1","Perfected Strike+1","Iron Wave+1","Pommel Strike+1","Cleave+1","Shrug It Off+1","Perfected Strike+1","Disarm+1","Pommel Strike+1","Perfected Strike+1","Flex+1","Armaments"],"relics":["Burning Blood","Gambling Chip","Frozen Egg 2","Molten Egg 2","Strawberry","Tiny House","Matryoshka"],"potions_floor_usage":[11,19,19,20,29,29],"damage_taken":[{"damage":2,"enemies":"2 Louse","floor":1,"turns":5},{"damage":1,"enemies":"Cultist","floor":3,"turns":4},{"damage":0,"enemies":"Jaw Worm","floor":4,"turns":3},{"damage":6,"enemies":"Exordium Wildlife","floor":5,"turns":6},{"damage":0,"enemies":"Looter","floor":8,"turns":4},{"damage":0,"enemies":"3 Louse","floor":10,"turns":3},{"damage":14,"enemies":"Lagavulin","floor":11,"turns":8},{"damage":13,"enemies":"Exordium Thugs","floor":13,"turns":7},{"damage":43,"enemies":"Slime Boss","floor":16,"turns":11},{"damage":74,"enemies":"3 Byrds","floor":18,"turns":9},{"damage":8,"enemies":"Shell Parasite","floor":19,"turns":4},{"damage":8,"enemies":"3 Cultists","floor":20,"turns":7},{"damage":10,"enemies":"Centurion and Healer","floor":25,"turns":6},{"damage":7,"enemies":"Snake Plant","floor":27,"turns":3},{"damage":17,"enemies":"Chosen and Byrds","floor":29,"turns":7},{"damage":11,"enemies":"Centurion and Healer","floor":31,"turns":6},{"damage":112,"enemies":"Champ","floor":33,"turns":15}],"seed_played":"-4409725216239336424","potions_obtained":[{"floor":1,"key":"Weak Potion"},{"floor":5,"key":"SkillPotion"},{"floor":10,"key":"Energy Potion"},{"floor":11,"key":"SteroidPotion"},{"floor":19,"key":"EssenceOfSteel"},{"floor":27,"key":"PowerPotion"}],"is_trial":false,"path_per_floor":["M","?","M","M","M","R","T","M","T","M","E","R","M","?","R","B",null,"M","M","M","?","?","R","$","M","T","M","R","M","?","M","R"],"character_chosen":"IRONCLAD","items_purchased":[],"campfire_rested":2,"item_purchase_floors":[],"current_hp_per_floor":[80,80,80,80,80,80,80,80,80,80,79,79,72,72,72,35,92,24,22,20,20,20,47,47,43,43,42,69,58,102,97,97,0],"gold":592,"neow_bonus":"ONE_RARE_RELIC","is_prod":false,"is_daily":false,"chose_seed":false,"campfire_upgraded":4,"win_rate":1,"timestamp":1534993712,"path_taken":["M","?","M","M","M","R","?","M","T","M","E","R","M","?","R","BOSS","M","M","M","?","?","R","$","M","T","?","R","M","?","M","R","BOSS"],"build_version":"2018-08-16","purchased_purges":0,"victory":false,"max_hp_per_floor":[80,80,80,80,80,80,80,80,80,80,87,87,87,87,87,87,92,92,92,92,92,92,92,92,92,92,92,92,92,102,102,102,102],"card_choices":[{"not_picked":["Flame Barrier","Headbutt"],"picked":"Armaments","floor":1},{"not_picked":["Twin Strike","Fire Breathing"],"picked":"Perfected Strike","floor":3},{"not_picked":["Sever Soul","Dropkick"],"picked":"Metallicize","floor":4},{"not_picked":["Headbutt","Sword Boomerang"],"picked":"Perfected Strike","floor":5},{"not_picked":["Burning Pact","Battle Trance"],"picked":"Iron Wave","floor":8},{"not_picked":["Rage","Burning Pact","Pummel+1"],"picked":"SKIP","floor":10},{"not_picked":["Iron Wave+1","Dual Wield"],"picked":"Pommel Strike+1","floor":11},{"not_picked":["Headbutt+1","Thunderclap+1"],"picked":"Cleave+1","floor":13},{"not_picked":["Fiend Fire+1","Impervious"],"picked":"Feed+1","floor":16},{"not_picked":["Seeing Red","Clothesline+1"],"picked":"Shrug It Off","floor":17},{"not_picked":["Headbutt+1","Shockwave"],"picked":"Perfected Strike+1","floor":18},{"not_picked":["Sever Soul+1","Uppercut+1"],"picked":"Disarm+1","floor":19},{"not_picked":["Shrug It Off","True Grit"],"picked":"Pommel Strike+1","floor":20},{"not_picked":["Warcry","Ghostly Armor+1","Rupture+1"],"picked":"SKIP","floor":25},{"not_picked":["Corruption+1","Headbutt+1"],"picked":"Perfected Strike+1","floor":27},{"not_picked":["Hemokinesis+1","Fire Breathing+1"],"picked":"Flex+1","floor":29},{"not_picked":["Searing Blow+1","Limit Break"],"picked":"Armaments","floor":31}],"player_experience":16204,"relics_obtained":[{"floor":7,"key":"Frozen Egg 2"},{"floor":9,"key":"Molten Egg 2"},{"floor":11,"key":"Strawberry"},{"floor":26,"key":"Matryoshka"}],"event_choices":[{"event_name":"Upgrade Shrine","player_choice":"Upgraded","floor":2,"damage_taken":0},{"event_name":"Golden Wing","player_choice":"Gained Gold","floor":14,"damage_taken":0},{"event_name":"Vampires","player_choice":"Ignored","floor":21,"damage_taken":0},{"event_name":"Back to Basics","player_choice":"Simplicity","floor":22,"damage_taken":0},{"event_name":"Bonfire Elementals","player_choice":"RARE","floor":30,"damage_taken":0}],"is_beta":false,"boss_relics":[{"not_picked":["Astrolabe","Cursed Key"],"picked":"Tiny House"}],"items_purged_floors":[],"is_endless":false,"potions_floor_spawned":[1,5,10,11,16,18,19,27],"killed_by":"Champ","ascension_level":0}