{"gold_per_floor":[110,125,125,140,140,140,140,140,140,153,166,166,201,17,17,17],"floor_reached":16,"playtime":517,"items_purged":["Brutality"],"score":200,"play_id":"f95c6e74-624d-40ea-9eee-92008f441150","local_time":"20190402111609","is_ascension_mode":true,"campfire_choices":[{"data":"Armaments","floor":6,"key":"SMITH"},{"floor":8,"key":"REST"},{"data":"Bash","floor":12,"key":"SMITH"},{"data":"Clothesline","floor":15,"key":"SMITH"}],"neow_cost":"NONE","seed_source_timestamp":355470652045192,"circlet_count":0,"master_deck":["AscendersBane","Strike_R","Strike_R","Strike_R+1","Strike_R","Strike_R","Defend_R","Defend_R","Defend_R+1","Defend_R","Bash+1","Iron Wave","Clothesline+1","Armaments+1","Shrug It Off"],"relics":["Burning Blood","Dodecahedron","Golden Idol","PreservedInsect","Frozen Egg 2"],"potions_floor_usage":[13,16,16],"damage_taken":[{"damage":7,"enemies":"2 Louse","floor":1,"turns":4},{"damage":9,"enemies":"Jaw Worm","floor":2,"turns":4},{"damage":6,"enemies":"Small Slimes","floor":4,"turns":4},{"damage":3,"enemies":"Blue Slaver","floor":10,"turns":5},{"damage":5,"enemies":"Large Slime","floor":11,"turns":7},{"damage":6,"enemies":"Gremlin Nob","floor":13,"turns":3},{"damage":60,"enemies":"Hexaghost","floor":16,"turns":13}],"seed_played":"-7100306512669229564","potions_obtained":[{"floor":1,"key":"SteroidPotion"},{"floor":11,"key":"Dexterity Potion"}],"is_trial":false,"path_per_floor":["M","M","?","M","?","R","?","R","T","M","M","R","E","$","R","B"],"character_chosen":"IRONCLAD","items_purchased":["Shrug It Off","PowerPotion"],"campfire_rested":1,"item_purchase_floors":[14,14],"current_hp_per_floor":[67,64,53,53,53,53,33,53,53,56,57,57,57,57,57,0],"gold":17,"neow_bonus":"ONE_RANDOM_RARE_CARD","is_prod":false,"is_daily":false,"chose_seed":false,"campfire_upgraded":3,"win_rate":0,"timestamp":1554171369,"path_taken":["M","M","?","M","?","R","?","R","T","M","M","R","E","?","R","BOSS"],"build_version":"2019-01-23","purchased_purges":1,"victory":false,"max_hp_per_floor":[75,75,75,75,68,68,68,68,68,68,68,68,68,68,68,68],"card_choices":[{"not_picked":["Infernal Blade","Warcry"],"picked":"Iron Wave","floor":1},{"not_picked":["Wild Strike","Sword Boomerang"],"picked":"Clothesline","floor":2},{"not_picked":["Heavy Blade","Burning Pact"],"picked":"Armaments","floor":4},{"not_picked":["Warcry","Corruption","Body Slam"],"picked":"SKIP","floor":10},{"not_picked":["Clash","Searing Blow","Clothesline"],"picked":"SKIP","floor":11},{"not_picked":["Entrench","Clash","Thunderclap"],"picked":"SKIP","floor":13}],"player_experience":815711,"relics_obtained":[{"floor":9,"key":"PreservedInsect"},{"floor":13,"key":"Frozen Egg 2"}],"event_choices":[{"damage_healed":0,"gold_gain":0,"player_choice":"Success","damage_taken":11,"relics_obtained":["Dodecahedron"],"max_hp_gain":0,"max_hp_loss":0,"event_name":"Scrap Ooze","floor":3,"gold_loss":0},{"damage_healed":0,"gold_gain":0,"player_choice":"Lose Max HP","damage_taken":0,"relics_obtained":["Golden Idol"],"max_hp_gain":0,"max_hp_loss":7,"event_name":"Golden Idol","floor":5,"gold_loss":0},{"damage_healed":0,"gold_gain":0,"player_choice":"Entered Light","damage_taken":20,"max_hp_gain":0,"max_hp_loss":0,"event_name":"Shining Light","floor":7,"gold_loss":0,"cards_upgraded":["Defend_R","Strike_R"]}],"is_beta":false,"boss_relics":[],"items_purged_floors":[14],"is_endless":false,"potions_floor_spawned":[1,11],"killed_by":"Hexaghost","ascension_level":20}